3117 4959
882 261 943 319 S.
994 263 1343 319 RICARDJ
1384 263 1505 318 DE
1550 263 1972 322 HAMPOLE
2007 275 2012 280 ’

708 367 871 426 809

1993 371 2140 428 810

747 635 1050 714 Incipiunt
1071 639 1357 698 miracula
1383 640 1536 698 beati
1562 639 1810 698 Ricardi
1831 639 2110 699 heremite.

412 773 724 833 Dominica
750 775 931 849 infra.
1110 779 1301 838 Lectio
1306 779 1367 854 j.

195 852 385 960 Post
443 851 862 930 migracionem
926 865 1128 915 autem
1195 857 1373 933 hujus

293 929 479 989 Sancti
512 933 645 991 Deo
684 949 807 992 tam
848 953 983 994 care
1030 934 1234 996 dilecti
1264 935 1367 996 Ri-

196 1008 343 1068 cardi
381 1011 543 1068 Deus
586 1029 709 1070 non
742 1011 969 1074 destitit
994 1015 1369 1074 sanctitatem

196 1087 361 1162 ipsius
388 1100 445 1148 et
469 1089 717 1165 gloriam
757 1092 1033 1167 preclaris
1074 1093 1369 1153 miraculis

194 1165 509 1227 hominibus
538 1168 956 1231 demonstrare.
1017 1173 1160 1231 Erat
1186 1171 1367 1248 siqui-

194 1247 317 1304 dem
360 1245 421 1303 in
464 1245 605 1306 villa
648 1247 845 1308 vicina
888 1249 1097 1310 domui
1140 1251 1369 1311 Sancti-

194 1323 517 1384 monialium
594 1328 675 1386 de
750 1330 1055 1406 Hampole
1122 1329 1365 1406 quidam

193 1403 585 1491 paterfamilias
630 1407 903 1482 Rogerus
944 1408 1207 1481 nomine,
1266 1407 1369 1486 qui

196 1499 251 1539 m
276 1492 441 1542 nocte
466 1483 603 1543 sesti
630 1484 1081 1562 Assumpcionis
1108 1485 1368 1564 Virginis

192 1560 373 1648 matris
402 1561 516 1621 Dei
550 1563 738 1623 Marie
768 1575 827 1625 et
853 1567 1089 1625 duabus
1116 1586 1367 1644 sequen-

191 1638 331 1697 tlbus
368 1638 514 1700 vidit
558 1641 621 1700 in
668 1643 935 1720 sompnis
975 1647 1219 1704 beatum
1261 1644 1367 1705 Ri-

191 1718 411 1806 oerdum
439 1720 785 1781 heremitam
814 1724 893 1782 ad
921 1743 985 1783 se
1011 1724 1367 1796 venientem,

192 1813 281 1870 qm
306 1815 433 1855 cum
478 1818 555 1858 eo
588 1802 932 1861 conserebat
954 1800 973 1838 ¹
1024 1803 1103 1862 de
1146 1803 1361 1863 multis.

191 1875 386 1934 Postea
430 1896 537 1937 sex
580 1879 855 1939 noctibus
895 1879 1193 1941 continuis
1234 1880 1367 1958 ipso

189 1953 349 2028 plene
385 1955 665 2032 vigilante
711 1957 908 2018 eidem
962 1959 1248 2036 apparuit,
1307 1972 1367 2020 et

190 2032 469 2120 de-multis
507 2036 749 2096 secretis
795 2057 934 2096 eum
976 2049 1181 2114 aperte
1218 2039 1367 2099 edo-

189 2121 309 2184 emt,
331 2123 389 2172 et
412 2113 473 2172 in
494 2133 761 2174 amorem
786 2115 903 2175 Dei
926 2128 985 2176 et
1004 2128 1366 2194 conceptum

188 2202 371 2276 sancte
396 2193 747 2254 devocionis
772 2195 1062 2255 accendit.
1149 2196 1367 2256 Statuit

188 2266 343 2357 igitur
379 2270 438 2329 in
478 2273 665 2333 corde
712 2293 823 2334 suo
868 2276 1034 2351 quod
1080 2275 1365 2352 deinceps

187 2348 353 2436 V⁰¹P¹t
378 2352 637 2411 eundem
680 2365 948 2412 sanctum
986 2355 1163 2429 gratis
1191 2356 1363 2414 obse·

188 2443 323 2500 quus
392 2430 675 2490 venerari.
800 2433 1100 2493 Credebat
1165 2444 1365 2494 autem

188 2506 332 2579 quod
352 2505 410 2566 in
430 2509 553 2569 hoc
570 2509 625 2570 ei
642 2510 973 2587 specialiter
993 2513 1364 2589 complacere

186 2597 382 2658 posset,
410 2586 461 2647 si
486 2589 693 2649 labore
720 2609 829 2649 suo
857 2601 919 2650 et
958 2593 1362 2668 jumentorum

187 2679 403 2723 suorum
430 2669 753 2729 adveheret
770 2668 999 2746 lapides
1020 2689 1129 2746 pro
1150 2671 1364 2730 tumuli

184 2740 263 2799 sui
289 2747 725 2808 constructione
752 2747 815 2806 in
841 2749 1095 2834 ecclesia
1133 2747 1361 2810 Sancti-

184 2821 511 2884 monialium
557 2827 634 2886 de
681 2828 1007 2904 Hampole,
1049 2827 1153 2888 ubi
1200 2847 1362 2888 nunc

184 2913 431 2962 sanctum
484 2903 673 2980 ipsius
732 2925 949 2983 corpus
1000 2905 1358 2967 reconditur.

180 2979 385 3082 Dum
412 2981 618 3060 itaque
645 3003 767 3044 una
792 2985 1018 3045 dierum
1052 2983 1261 3075 [Lectio
1290 2988 1355 3062 ej.

284 3061 549 3135 predicte
566 3060 665 3138 pie
692 3063 1033 3139 operacioni
1050 3065 1357 3138 insisteret,

180 3148 233 3199 et
256 3139 571 3200 duodecim
600 3142 785 3202 boves
812 3161 921 3219 pro
960 3156 1201 3203 vectura
1227 3163 1357 3221 pre·

179 3229 435 3292 parasset,
465 3219 717 3296 contigit
756 3223 921 3297 quod
949 3241 1089 3281 cum
1117 3224 1195 3282 ad
1223 3242 1357 3299 por-

178 3305 283 3356 tam
300 3296 569 3358 cimiterii
584 3300 662 3360 de
682 3301 985 3377 Hampole
1001 3302 1357 3362 advehendo

175 3377 407 3450 grandes
444 3377 679 3454 lapides
718 3379 1064 3456 perveniret,
1090 3381 1359 3456 jumenta

176 3471 269 3512 sua
292 3455 610 3516 miserabili
658 3477 801 3517 casu
842 3476 882 3516 a
922 3469 1084 3518 recto
1126 3459 1358 3520 tramite

175 3531 255 3592 vie
279 3535 647 3596 declinancia
662 3537 794 3612 ipso
813 3536 1089 3597 vehiculo
1104 3539 1185 3597 ad
1206 3539 1357 3598 latus

173 3622 327 3686 porte
354 3613 567 3674 colliso
591 3615 893 3691 predictos
920 3616 1151 3693 lapides
1178 3635 1357 3694 super

173 3692 413 3752 eundem
444 3695 753 3770 Rogerum
801 3713 941 3754 cum
988 3713 1205 3772 magno
1246 3695 1352 3755 im-

173 3781 299 3844 petu
324 3772 684 3847 deJ'ecerunt,
716 3772 849 3849 ipso
884 3775 1222 3835 nullatenus
1248 3794 1356 3850 per

172 3845 277 3906 hoc
324 3851 447 3910 leso
514 3870 629 3911 nec
696 3851 1195 3929 conquassionem
1262 3852 1353 3914 sui

172 3929 417 4004 corporis
445 3931 544 3990 vel
572 3930 843 3990 dolorem
870 3931 1135 4008 aliquem
1163 3931 1352 3992 senci-

173 4015 310 4081 ente,
339 4019 429 4068 set
456 4019 517 4068 et
546 4010 763 4084 pedem
791 4009 975 4086 ipsius
1022 4010 1174 4070 inter
1219 4009 1355 4071 illos

171 4081 379 4160 lapides
433 4088 611 4148 valde
664 4089 981 4148 constricte
1042 4092 1353 4150 detentum

171 4161 284 4223 sine
308 4167 425 4226 ulla
451 4166 627 4243 pedis
655 4169 751 4227 vel
777 4167 921 4228 tibie
942 4167 1169 4229 lesione
1196 4171 1351 4230 leva-

260 4303 272 4334 ¹
306 4305 459 4356 From
507 4306 607 4356 this
650 4308 795 4372 place
840 4315 894 4358 to
938 4307 1024 4358 the
1070 4309 1259 4359 middle
1303 4309 1363 4358 os

172 4365 315 4418 Lectio
333 4373 446 4435 viij.
478 4373 566 4423 the
601 4381 703 4423 text
744 4375 787 4423 is
822 4375 949 4423 from
986 4373 1073 4424 the
1111 4375 1354 4425 Bodleian

172 4431 271 4484 ΜΞ.
298 4436 455 4488 alone.
522 4438 635 4489 The
658 4441 845 4490 Cotton
872 4441 985 4490 MS.
1014 4441 1055 4489 is
1080 4440 1272 4504 injured
1288 4441 1357 4506 by

1466 775 1564 838 vit.
1649 779 1751 839 Ad
1797 776 2262 840 continuandam
2299 787 2502 839 autem
2539 796 2668 839 me·

1466 857 1720 917 moriam
1747 859 1926 934 hujus
1953 857 2219 918 miraculi
2255 859 2402 918 alter
2428 857 2664 917 illorum

1466 936 1730 1012 lapidum
1749 939 1830 998 ad
1846 948 2078 1014 portam
2100 935 2370 997 cimiterii
2387 935 2664 996 dimissus

1468 1026 1558 1075 est
1612 1026 1680 1075 ut
1731 1017 1810 1076 ab
1861 1015 2318 1077 advenientibus
2377 1015 2664 1088 videatur,

1466 1096 1614 1154 alter
1639 1105 1836 1155 autem
1865 1093 1926 1154 in
1949 1095 2198 1172 predicti
2226 1093 2414 1154 sancti
2436 1095 2666 1154 tumulo

1465 1174 1804 1233 collocatur.
1931 1174 1994 1233 Si
2069 1173 2200 1250 quis
2284 1171 2458 1250 igitur
2523 1172 2664 1231 huic

1466 1264 1690 1325 sanct0,
1747 1251 1852 1330 qui
1905 1263 2065 1312 totus
2119 1253 2266 1312 dum
2326 1251 2548 1312 viveret
2601 1250 2666 1310 in

1462 1349 1666 1390 amore
1693 1331 1898 1391 divino
1923 1332 2186 1391 fervebat
2211 1329 2393 1390 nichil
2415 1348 2666 1406 querens

1464 1408 1580 1468 nisi
1633 1421 1698 1469 ut
1750 1412 1938 1486 Jhesu
1987 1411 2224 1471 Christo
2280 1409 2498 1468 dilecto
2552 1427 2664 1468 suo

1466 1487 1811 1548 dulcissimo
1855 1491 2269 1565 complaceret,
2301 1489 2520 1547 devota
2545 1505 2666 1546 ser-

1465 1566 1620 1626 vicia
1636 1567 1778 1627 velit
1805 1568 2149 1643 impendere
2177 1577 2238 1626 et
2265 1565 2458 1642 ipsum
2474 1564 2666 1624 medi-

1465 1657 1694 1706 atorem
1722 1656 1783 1705 et
1819 1645 2267 1706 intercessorem
2293 1645 2373 1704 ad
2403 1645 2664 1704 eundem

1468 1724 1768 1786 Christum
1810 1727 2061 1800 Jhesum
2103 1723 2336 1784 devotis
2392 1722 2664 1798 precibus

1463 1822 1795 1879 procurare,
1809 1802 2280 1863 efficacissimum
2299 1803 2480 1862 habet
2495 1820 2664 1878 argu-

1472 1893 1742 1942 mentum
1771 1901 1845 1942 ex
1869 1881 1982 1942 ista
2006 1879 2262 1942 historia.
2338 1880 2572 1956 Quodsi
2601 1899 2666 1940 se

1464 1958 1662 2036 ipsum
1689 1980 1812 2020 non
1839 1963 2082 2037 prebeat
2108 1960 2344 2021 obicem
2371 1979 2542 2020 suum
2572 1979 2663 2018 sa-

1464 2040 1632 2099 lubre
1650 2039 2016 2116 propositum
2033 2039 2382 2115 impetrabit.
2427 2041 2548 2097 Lec.
2567 2040 2658 2114 iij.

1462 2119 1578 2223 Α
1597 2137 1722 2178 nno
1789 2117 1976 2178 eciam
2060 2117 2304 2177 Domini
2371 2116 2664 2177 milesimo

1597 2197 2012 2257 trecentesimo
2061 2195 2426 2274 octogesimo
2471 2195 2664 2273 primo

1464 2275 1711 2351 quidam
1752 2276 1996 2336 nomine
2036 2277 2342 2352 Johannes
2379 2294 2662 2351 compug-

1463 2356 1670 2414 nando
1723 2354 1784 2414 in
1839 2356 1938 2416 die
2009 2352 2345 2432 Epiphanie
2413 2353 2663 2414 Domini

1463 2452 1604 2493 curn
1656 2435 1918 2511 quodam
1959 2433 2088 2494 viro
2141 2435 2335 2511 ipsum
2387 2432 2666 2493 atrociter

1462 2511 1848 2603 impugnante
1903 2516 2242 2573 vulneratus
2288 2523 2379 2572 est
2421 2513 2663 2572 cultello

1462 2611 1553 2650 sm
1593 2591 1908 2652 adversarii
1955 2594 2069 2652 sub
2107 2590 2368 2650 mamilla
2409 2590 2660 2662 sinistra,

1460 2669 1545 2730 ita
1605 2683 1672 2730 ut
1724 2671 1998 2731 cultellus
2049 2669 2280 2746 judicio
2333 2670 2662 2728 astancium

1462 2768 1654 2825 usque
1681 2750 1756 2809 ad
1786 2768 1890 2809 cor
1916 2748 2209 2809 diceretur
2234 2747 2466 2807 infixus,
2545 2749 2662 2805 De·-

1460 2827 1608 2889 cidit
1635 2827 1806 2904 igitur
1833 2827 2030 2887 statim
2056 2828 2136 2887 ad
2177 2840 2389 2887 terram
2416 2837 2477 2885 et
2503 2845 2658 2885 rnor-

1456 2918 1596 2967 tuus
1623 2908 1985 2966 clamabatur
2010 2908 2087 2966 ab
2114 2905 2389 2966 omnibus
2419 2928 2432 2964 z
2459 2923 2657 2964 acces·

1460 2985 1535 3045 sit
1560 2997 1759 3044 autem
1785 2986 1867 3045 ad
1893 2986 2264 3044 vulneratum
2293 2984 2572 3044 sacerdos
2591 2993 2659 3044 ut

1458 3063 1515 3124 ei
1542 3075 1908 3124 sacramenta
1935 3065 2138 3123 salutis
2165 3082 2332 3123 more
2357 3061 2657 3139 religionis

1460 3142 1798 3205 Christiane
1826 3144 2118 3202 conferret
2158 3141 2220 3201 in
2261 3161 2400 3200 casu
2429 3161 2552 3218 quo
2584 3161 2656 3201 ea

1458 3222 1755 3298 suscipere
1794 3221 2124 3299 potuisset:
2165 3231 2255 3282 set
2295 3240 2430 3279 cum
2463 3238 2658 3296 perce-

1456 3300 1640 3378 pisset
1667 3303 1832 3377 quod
1853 3301 1916 3360 in
1937 3320 2012 3361 eo
2029 3301 2255 3360 nullum
2276 3299 2394 3359 vite
2421 3298 2652 3374 signum

1454 3379 1742 3457 apparuit,
1799 3382 1976 3456 plane
2029 3379 2179 3440 dixit
2207 3401 2221 3440 :
2270 3380 2414 3468 ‘Iste
2469 3379 2652 3438 homo

1455 3472 1722 3519 mortuus
1749 3471 1855 3532 est,
1879 3477 1992 3519 nec
2017 3469 2197 3519 restat
2223 3477 2336 3517 n1s1
2357 3476 2522 3516 orare
2544 3474 2652 3532 pro

1452 3537 1640 3616 ipsius
1665 3539 1868 3598 anima
1893 3537 2282 3598 clemenciam
2305 3535 2421 3596 Dei
2449 3534 2650 3595 nostri.

1454 3615 1632 3676 Tunc
1657 3617 1902 3694 quidam
1920 3618 1998 3677 de
2015 3616 2424 3677 assistentibus
2441 3616 2652 3674 fortem

1450 3696 1890 3757 confidenciam
1960 3696 2188 3757 habens
2250 3693 2312 3754 in
2378 3693 2654 3772 precibus

1452 3775 1644 3836 sancti
1683 3775 1968 3836 heremite
1998 3773 2241 3834 Ricardi
2281 3773 2430 3833 dixit
2469 3790 2656 3830 sacer·

1453 3853 1609 3914 doti:
1634 3854 1800 3914 Plica
1815 3853 2126 3914 denarium
2155 3871 2330 3928 super
2355 3862 2650 3910 mortuum

1454 3933 1824 3992 offerendum
1841 3931 1904 3992 in
1921 3934 2208 3991 honorem
2221 3930 2377 3991 beati
2392 3929 2652 4002 Ricard1‚

1454 4023 1515 4072 et
1537 4013 1682 4089 jube
1709 4011 1968 4088 presenti
1994 4012 2220 4087 populo
2248 4007 2434 4086 ipsius
2447 4009 2653 4067 auxili-

1453 4110 1555 4149 um
1585 4089 1914 4167 implorare,
1939 4101 2004 4149 ut
2033 4101 2298 4148 mortuus
2325 4087 2434 4147 iste
2461 4105 2651 4146 resus-

1454 4168 1666 4230 citetur
1719 4171 1800 4230 ad
1851 4169 2051 4228 vitam.
2155 4166 2323 4227 Fecit
2377 4166 2655 4226 sacerdos

1455 4309 1580 4358 fite:
1632 4307 1733 4358 and
1774 4307 1860 4358 the
1897 4307 2111 4357 Lincoln
2148 4306 2262 4356 MS.
2304 4305 2395 4354 has
2435 4305 2532 4354 lost
2570 4304 2656 4356 the

1452 4375 1620 4426 leaves
1642 4375 1806 4426 which
1827 4373 2090 4425 contained
2115 4373 2214 4422 this
2237 4371 2449 4436 portion.
