3117 4959
1099 253 1163 306 S.
1214 248 1401 304 LINI
1442 248 1684 308 PAPE.

678 363 821 416 727

138 471 459 535 dominus
490 490 612 532 rex
640 469 901 535 celastis
920 467 1033 551 qui
1057 487 1177 551 per
1206 487 1345 532 me-

140 561 271 622 rita
302 560 501 622 beate
532 557 877 622 katherine
907 557 1180 640 virginis
1204 576 1343 619 me-

141 646 369 712 delam
400 646 731 728 languidis
762 653 1015 728 prestat
1046 643 1347 708 sanitatis

140 735 353 819 ipsius
400 735 691 816 corporis
722 733 873 796 oleo
904 733 1189 797 fideliter
1232 752 1349 814 pe,-

142 823 419 886 runctis.
478 830 582 906 pff.
630 821 1047 885 Benedictus,
1100 819 1346 885 Oratio,

142 911 337 975 Deus
368 910 480 991 qui
514 908 773 974 dedisti.
839 909 969 973 Ad
987 909 1185 972 horas
1224 929 1347 972 an·

142 998 402 1080 &phone
454 997 533 1060 de
588 997 910 1062 laudibus.
992 995 1215 1064 Cetera
1272 997 1353 1060 de

142 1085 476 1150 communi
544 1105 691 1148 cum
764 1084 1067 1149 oratione.
1160 1085 1347 1148 Deus

142 1175 263 1257 qui
308 1173 569 1237 dedisti.
658 1172 786 1237 Ad
834 1189 1123 1254 vesperas
1173 1172 1351 1235 anti-

124 1261 349 1344 phone
387 1261 469 1324 de
511 1261 817 1324 laudibus
872 1281 1017 1324 cum
1061 1260 1350 1343 psalmis

125 1349 510 1433 ferialibus.
604 1349 662 1414 S
664 1349 694 1412 i
705 1349 960 1430 festum
974 1348 1200 1429 fuerit
1225 1348 1349 1411 du-

128 1439 291 1520 plex
346 1437 593 1501 dicitur
661 1436 1182 1518 Responsorium.
1281 1436 1345 1501 O

143 1535 368 1590 mater
425 1533 666 1592 nostra.
740 1525 883 1587 sine
917 1534 1137 1606 prosa.
1262 1522 1349 1587 In

138 1633 373 1696 evang.
418 1621 525 1678 αῆ.
614 1611 911 1677 Prudens
956 1619 1026 1675 et
1068 1610 1349 1694 vigilans

140 1703 339 1783 virgo
391 1700 607 1782 qualis
639 1721 711 1764 es
757 1720 910 1764 cum
954 1719 1202 1782 sponso
1231 1698 1349 1762 illo

140 1791 263 1871 qui
313 1797 385 1853 te
431 1787 634 1870 elegit
684 1788 771 1851 de
831 1788 1086 1852 mundo
1144 1805 1347 1870 quam

140 1877 427 1959 pulchra
474 1894 677 1958 quam
728 1875 1047 1940 mirabilis
1096 1884 1350 1957 quanta

138 1965 296 2029 luce
322 1965 343 2002 ¹
419 1963 803 2046 spectabilis
878 1963 1057 2026 intus
1079 1962 1106 2002 ¹
1178 1982 1348 2045 syon

130 2052 533 2135 juvenculas
595 2059 664 2116 et
723 2049 1117 2115 hierusalem
1178 2050 1349 2114 filias

135 2141 451 2204 thalamo
467 2139 767 2222 gaudens
786 2140 969 2220 regio
993 2138 1347 2219 conjuncta

136 2230 259 2292 dei
290 2227 449 2292 filio.
506 2236 609 2309 pff.
658 2226 1064 2308 Magnificat.
1117 2225 1351 2292 Oratio

136 2317 341 2380 Deus
378 2316 491 2398 qui
521 2315 781 2378 dedisti.
870 2313 1201 2377 Memoria
1229 2313 1351 2377 de⁸

134 2403 328 2468 Lino
357 2412 533 2485 papa
576 2413 640 2465 et
668 2410 968 2481 martyre.
1057 2409 1161 2465 αῆ.
1215 2402 1349 2466 Hie

135 2501 255 2556 est
313 2511 481 2555 vere.
572 2506 621 2576 γ
666 2488 895 2554 Gloria
954 2498 1023 2553 et
1080 2489 1347 2554 honore.

142 2579 406 2644 Oratio,
497 2579 723 2642 Presta
754 2597 1114 2660 quesumus
1158 2586 1235 2641 ut
1278 2577 1349 2641 in

134 2686 487 2730 commum.

141 2760 217 2833 Εἴ
271 2754 508 2818 Sancti
576 2752 743 2817 Lim·
797 2762 968 2836 pape
1034 2760 1098 2816 et
1170 2773 1351 2816 mar-

139 2842 334 2924 tyris.
1061 2840 1279 2904 Lectio
1286 2841 1351 2924 j.

136 2930 643 3063 Passionem
692 2928 926 2992 fratres
986 2927 1351 2992 charissimi

314 3017 490 3081 beati
552 3027 621 3080 et
678 3016 945 3098 gloriosi
1006 3016 1121 3079 lini
1175 3036 1349 3098 pape

137 3106 339 3171 omni
402 3114 627 3169 mente
688 3104 1147 3168 celebremus:
1193 3105 1351 3185 quia

138 3193 414 3276 magnis
446 3202 547 3256 est
576 3192 1001 3256 honorandus
1041 3191 1349 3256 laudibus

136 3283 213 3345 in
282 3281 603 3345 ecclesia:
670 3281 784 3362 qui
844 3279 1131 3343 fideliter
1187 3280 1347 3362 Jesu

136 3369 400 3436 Christi
434 3369 730 3432 imitatus
762 3377 861 3431 est
883 3368 1179 3451 vestigia.
1238 3368 1351 3450 Ip-

130 3479 213 3522 se
282 3457 463 3520 enim
523 3457 847 3520 mundum
907 3476 1029 3537 pro
1089 3455 1351 3520 celestis

130 3545 325 3628 regis
357 3564 583 3608 amore
605 3545 881 3608 omnino
910 3543 1349 3626 contempsit:

130 3645 209 3700 et
248 3633 522 3698 Christo
552 3632 685 3695 fide
714 3652 989 3713 syncera
1011 3631 1272 3695 adhesit
1291 3632 1349 3696 ⁴:

128 3722 267 3787 sed
301 3728 374 3783 et
396 3740 633 3802 corpus
663 3739 856 3783 suum
888 3720 1063 3782 vitiis
1094 3729 1162 3783 et
1192 3739 1350 3784 con-

124 3808 574 3892 cupiscentiis
647 3807 882 3872 habuit
940 3808 1347 3874 crucifixum.

126 3891 589 3964 Vestiebatur'
625 3896 801 3959 enim
849 3915 1075 3959 amore
1128 3896 1233 3958 dei
1282 3903 1350 3958 et

124 3987 373 4051 calore
448 3982 739 4048 Christi:
828 3984 985 4066 quia
1060 3984 1349 4048 mundus

126 4083 292 4140 erat
324 4093 369 4135 a
397 4071 752 4135 dilectione
782 4071 1030 4134 mundi.
1106 4072 1243 4134 Lec.
1277 4071 1347 4153 ᾔ.

141 4161 563 4300 Gloriosus
634 4176 791 4222 vero
884 4168 1139 4241 martyr
1221 4159 1347 4222 iste

280 4269 465 4331 papa
522 4245 695 4311 linus
752 4255 984 4311 eterna
1054 4247 1346 4310 obtinuit

424 4384 438 4413 ¹
475 4383 641 4432 lucet:
677 4381 730 4432 S.

1167 4380 1189 4410 ²
1222 4381 1381 4430 inter:
1414 4379 1561 4432 W-S.

425 4451 443 4480 ⁴
484 4453 497 4478 ⁶
516 4457 567 4504 et
590 4447 794 4500 Christo
817 4446 867 4498 fi.
898 4461 1005 4510 syn.
1035 4447 1139 4498 ad)
1180 4463 1278 4496 om.
1309 4465 1323 4496 ι
1359 4447 1411 4498 S.

1951 365 2102 420 728

1442 468 1744 552 premia:
1788 469 1948 553 quia
1995 471 2064 534 in
2111 471 2472 537 certamine
2500 472 2646 556 ejus

1442 558 1721 621 victoria
1775 557 2080 623 Christus
2129 558 2254 623 fuit
2301 570 2370 624 et
2416 561 2642 643 gloria.

1446 645 1573 708 Ille
1613 654 1858 709 autem
1911 646 1998 710 de
2057 667 2231 728 pena
2287 648 2648 728 glorianter

1445 734 1749 797 transivit
1772 734 1861 796 ad
1884 754 2198 798 coronam
2222 757 2238 800 :
2269 749 2650 818 persecutor

1446 821 1591 903 ejus
1640 822 1726 884 de
1777 821 1960 886 brevi
2001 823 2318 887 felicitate
2365 826 2454 888 ad
2499 847 2648 908 per-

1446 918 1721 992 petuam
1774 919 2002 992 raptus
2051 919 2154 974 est
2198 931 2460 993 penam.
2556 914 2650 977 Et

1446 997 1604 1079 quia
1661 999 1731 1061 in
1783 998 1928 1078 ejus
1981 1007 2206 1062 mente
2255 1008 2398 1063 erat
2444 1001 2651 1084 digna

1446 1085 1940 1168 spirituisancto
1961 1085 2288 1150 habitatio
2318 1087 2501 1152 nulla
2531 1090 2650 1153 ad-

1446 1193 1676 1237 versus
1771 1193 1924 1236 eum
2013 1173 2340 1255 prevaluit
2425 1177 2648 1240 furens

1447 1261 1819 1324 emulorum
1851 1264 2236 1343 persecutio.
2304 1263 2520 1327 Lectio
2550 1265 2648 1346 iij.

1445 1351 1715 1482 Hoc
1745 1357 1970 1412 autem
1993 1351 2209 1413 solum
2233 1352 2647 1416 attendebat.

1637 1445 1712 1500 ut
1817 1436 2078 1500 hostem
2197 1438 2488 1503 vinceret
2579 1448 2650 1503 et

1450 1524 1720 1589 Christo
1751 1525 2057 1606 placeret.
2149 1526 2484 1590 Dominus
2531 1547 2649 1591 au-

1447 1619 1588 1675 tem
1618 1613 1680 1674 ei
1711 1613 1922 1693 gratie
1953 1633 2071 1676 sue
2107 1613 2414 1677 exhibuit
2446 1615 2648 1678 bene-

1448 1698 1638 1764 ficia:
1683 1708 1752 1763 et
1803 1709 2021 1764 totum
2070 1703 2416 1764 evacuavit
2463 1703 2646 1785 quod

1447 1786 1724 1869 implere
1783 1787 2182 1869 disponebat
2241 1790 2648 1855 adversario-

1447 1895 1596 1938 rum
1627 1876 1922 1939 audacia.
2015 1875 2213 1940 Miles
2247 1877 2492 1941 Christi
2523 1879 2648 1944 iste

1446 1982 1626 2046 papa
1686 1963 1858 2026 linus
1919 1963 2014 2026 ita
2061 1965 2649 2046 congratulabatur

1446 2051 1515 2114 in
1565 2058 1798 2114 sancta
1844 2050 2134 2115 hominis
2187 2053 2594 2117 conscientia
2629 2075 2646 2118 :

1448 2147 1523 2202 ut
1569 2159 1910 2221 nunquam
1959 2140 2185 2203 satiari
2236 2140 2382 2222 ejus
2439 2141 2651 2206 valuit

1446 2226 1801 2290 dulcedine
1855 2248 1872 2292 :
1962 2227 2150 2308 cujus
2246 2229 2648 2294 desiderium

1446 2334 1712 2396 semper
1739 2314 1973 2379 habuit
2002 2315 2070 2378 in
2105 2323 2346 2380 mente.
2426 2317 2650 2382 Cetera

1446 2402 1525 2465 de
1550 2402 1879 2466 communi
1903 2402 2102 2466 unius
2131 2404 2458 2486 martyris.

1451 2494 1515 2566 (Ι
1576 2488 1811 2554 Sancti
1883 2491 2247 2554 Saturnini
2317 2493 2647 2575 martyris.

1643 2599 1722 2640 us
1769 2578 1884 2660 qui
1931 2598 2054 2642 nos
2115 2578 2295 2643 beati
2365 2579 2646 2662 [Oratio.

1604 2666 1925 2729 saturnini
1986 2667 2296 2747 martyris
2342 2669 2441 2731 tui
2490 2688 2650 2732 con-

1448 2753 1629 2817 cedis
1661 2752 1971 2816 natalicio
2002 2753 2243 2834 perfrui
2274 2775 2288 2818 :
2335 2754 2479 2837 ejus
2525 2775 2648 2819 nos

1446 2841 1664 2904 tribue
1693 2841 1944 2905 meritis
1975 2841 2290 2924 adjuvari.
2381 2863 2502 2924 per
2529 2844 2652 2906 do·-

1450 2930 1724 2992 minum.
2369 2930 2583 2992 Lectio
2583 2931 2646 3012 j.

1467 3017 1884 3148 Tempore
1973 3036 2110 3098 quo
2198 3017 2648 3080 maximianus

1615 3112 1936 3184 augustus
1960 3104 2219 3166 rediens
2238 3105 2324 3167 de
2348 3106 2647 3187 partibus

1448 3191 1670 3255 affrice
1713 3191 1798 3254 ad
1850 3191 2082 3254 urbem
2129 3213 2383 3255 romam
2415 3193 2646 3256 volens

1447 3279 1710 3362 placere
1741 3278 2131 3344 diocliciano
2150 3279 2176 3316 ³
2206 3291 2528 3362 augusto:
2571 3289 2647 3345 ut

1448 3368 1514 3430 in
1550 3368 1816 3430 nomine
1853 3368 1996 3448 ejus
2043 3376 2287 3431 termas
2319 3369 2476 3432 solis
2507 3369 2648 3432 edi-

1448 3454 1675 3517 ficaret
1703 3475 1717 3519 :
1763 3457 1942 3538 cepit
1971 3455 2039 3518 in
2071 3456 2320 3520 invidia
2352 3457 2650 3521 christia-

1448 3561 1685 3605 norum
1716 3562 1950 3606 omnes
1983 3544 2228 3607 milites
2259 3545 2399 3608 sive
2431 3566 2646 3609 roma-

1450 3651 1572 3693 nos
1631 3631 1717 3694 ad
1785 3631 2208 3696 afflictionem
2284 3634 2504 3715 operis
2576 3642 2648 3697 et

1449 3717 1692 3782 laboris
1722 3719 2116 3800 compellere
2146 3743 2160 3784 :
2209 3729 2275 3783 et
2319 3741 2439 3802 per
2467 3722 2649 3785 varia

1450 3805 1632 3870 loca:
1680 3805 1848 3869 alios
1881 3808 1963 3870 ad
1999 3807 2296 3890 lapides:
2344 3808 2510 3871 alios
2557 3809 2646 3871 ad

1448 3914 1720 3960 arenam
1819 3894 2204 3959 fodiendam
2280 3896 2644 3959 damnavit.

1448 3982 1650 4045 Tenti
1681 3991 1836 4047 sunt
1881 4003 2042 4064 ergo
2081 4003 2122 4044 a
2166 3982 2485 4045 militibus
2529 4003 2646 4065 pa-

1447 4071 1638 4154 ganis
1669 4069 1942 4133 ciriacus
1973 4078 2040 4133 et
2073 4071 2334 4132 sisinius
2383 4071 2647 4133 diaconi

1446 4158 1721 4224 ecclesie
1738 4175 2038 4222 romane:
2068 4177 2144 4220 ac
2169 4158 2467 4240 perducti
2494 4170 2650 4222 sunt

1446 4247 1534 4309 ad
1582 4247 1922 4313 tribunum
1954 4246 2366 4327 exuperium.
2458 4245 2647 4328 Quos

1899 4381 1920 4411 ⁸
1958 4381 2177 4428 ‘sancto’
2202 4381 2306 4428 add
2318 4395 2336 4428 .·
2369 4381 2422 4430 S.

1894 4449 1915 4480 ⁸¹⁵
1949 4446 2290 4497 diocleciano:
2327 4448 2380 4498 S.
