3117 4959
847 237 906 294 S.
958 239 1066 293 LA
1083 236 1441 296 URENTII
1476 239 1937 296 MARTYRIS.

671 345 830 402 463

101 449 414 514 beatum
460 449 854 518 laurentium
889 460 956 516 et
987 451 1338 516 illuminati

105 547 298 601 sunt
331 538 418 602 ab
461 560 556 602 eo.
653 541 806 604 Hoc
850 540 1084 604 videns
1131 540 1342 622 hypo-

113 627 302 690 litus
338 627 515 689 dixit
546 627 605 690 ei
641 627 942 692 Ostende
991 629 1149 690 mihi
1196 628 1340 690 the-

109 734 388 778 sauros,
482 715 677 779 Dixit
708 717 767 780 ei
807 716 1180 780 laurentius,
1274 715 1336 780 O

107 802 445 884 hypolite
520 805 573 866 si
649 805 862 868 credis
951 804 1019 866 in
1107 804 1338 885 Jesum

119 890 526 956 Christum:
573 901 640 954 et
682 892 1028 956 thesauros
1074 891 1194 954 tibi
1233 912 1340 953 os·-

107 978 389 1042 tendo:
437 992 504 1042 et
562 981 770 1044 vitam
832 990 1127 1056 eternam
1189 999 1341 1060 pro·

113 1069 358 1130 mitto,
452 1067 752 1132 Credidit
781 1067 1158 1150 hypolitus:
1205 1076 1338 1129 eta

109 1154 344 1218 beato
393 1153 718 1219 laurentio
771 1157 1140 1238 baptisatus
1191 1163 1336 1218 est:

115 1252 202 1306 et
240 1252 391 1305 tota
418 1243 658 1306 domus
699 1244 858 1326 ejus,
953 1245 1150 1307 Dixit
1179 1261 1336 1305 vero

111 1330 482 1414 hypolitus
512 1333 595 1394 ad
630 1334 901 1395 beatum
941 1331 1336 1394 laurentium

113 1418 536 1483 Valerianus
610 1441 698 1483 ex
775 1429 1090 1502 precepto
1167 1418 1336 1481 decii

119 1507 368 1571 misit:
417 1517 490 1570 ut
522 1515 588 1570 te
626 1509 710 1571 ad
759 1528 912 1570 eum
959 1507 1334 1589 perducam.

121 1595 268 1661 Cui
318 1595 552 1658 beatus
602 1594 960 1659 laurentius
1013 1594 1338 1656 Ambule-

119 1703 338 1746 mus:
393 1685 550 1765 quia
609 1682 769 1746 mihi
823 1692 892 1747 et
944 1683 1066 1746 tibi
1125 1681 1339 1762 gloria

117 1779 430 1856 paratur,
521 1771 637 1834 Re.
729 1771 888 1834 Noli
920 1791 1027 1834 me
1058 1769 1335 1832 derelin-

120 1879 346 1943 quere
377 1867 564 1942 pater
583 1869 844 1923 sancte:
893 1860 1050 1941 quia
1076 1857 1338 1921 thesau-

123 1968 251 2011 ros
282 1955 436 2010 tuos
460 1946 600 2027 jam
627 1947 936 2029 expendi.
1030 1946 1184 2009 Non
1211 1964 1337 2026 ego

119 2047 202 2100 te
251 2035 488 2098 desero
534 2034 625 2098 fili
674 2054 888 2117 neque
933 2034 1336 2114 derelinquo,

124 2123 282 2190 Sed
351 2123 604 2205 majora
663 2124 784 2185 tibi
835 2123 1159 2186 debentur
1217 2141 1338 2202 pro

122 2212 274 2276 fide
333 2210 578 2276 Christi
631 2212 1008 2275 certamina.
1100 2227 1147 2295 γ
1195 2209 1338 2272 Nos

123 2299 335 2384 quasi
381 2319 572 2362 senes
620 2299 878 2362 levioris
928 2317 1150 2380 pugne
1191 2317 1336 2360 cur-

119 2407 290 2452 sum
323 2389 774 2468 suscepimus:
821 2397 889 2450 te
920 2387 1108 2467 quasi
1148 2387 1339 2467 juve-

123 2495 298 2540 nem
351 2495 666 2556 magnum
711 2474 1056 2556 gloriosior
1103 2475 1188 2538 de
1231 2483 1340 2554 ty-

123 2583 355 2628 ranno
400 2563 769 2645 triumphus
823 2570 1139 2644 expectat
1186 2569 1338 2643 post

120 2651 436 2716 triduum
471 2671 578 2713 me
608 2651 900 2733 sequeris
925 2649 1334 2712 sacerdotem

123 2740 364 2804 levita.
455 2738 610 2801 Non
642 2759 784 2820 ego,
877 2737 1120 2801 Gloria.
1198 2736 1334 2801 Sed

126 2827 418 2908 majora.
509 2826 592 2889 In
625 2827 690 2908 ᾔ.
732 2847 856 2889 noc.
890 2834 994 2889 αῆ.
1089 2825 1336 2888 Beatus

127 2915 508 2980 laurentius
566 2915 802 2978 orabat
862 2913 1086 2976 dicens
1129 2934 1144 2976 ε
1220 2913 1340 2975 do-

130 3003 328 3067 mine
378 3002 536 3083 Jesu
591 3002 850 3066 Christe
896 3002 1062 3065 deus
1092 3004 1176 3064 de
1208 3001 1335 3063 deo

130 3092 453 3156 miserere
499 3091 628 3153 mei
661 3091 828 3153 servi
859 3091 972 3153 tui.
1065 3105 1113 3173 γ
1158 3088 1336 3170 Quia

131 3187 492 3244 accusatus
568 3198 698 3240 non
779 3178 1012 3259 negavi
1093 3196 1338 3240 nomen

132 3276 452 3331 sanctum
513 3275 701 3329 tuum
771 3267 1210 3346 interrogatus
1269 3275 1337 3328 te

135 3355 488 3421 Christum
558 3351 896 3416 confessus
967 3374 1133 3416 sum,
1237 3361 1336 3435 pf.

136 3444 320 3509 Cum
399 3444 788 3505 invocarem.
901 3443 1032 3504 Αῆ.
1144 3441 1339 3503 Dixit

135 3549 458 3596 romanus
490 3530 576 3592 ad
602 3529 872 3592 beatum
899 3527 1294 3592 laurentium
1323 3547 1339 3591 ε

133 3618 342 3683 video
375 3627 530 3681 ante
573 3626 642 3679 te
682 3617 995 3698 juvenem
1043 3616 1342 3697 pulcher-

138 3707 428 3770 timum:
476 3705 717 3767 festina
748 3723 855 3767 me
887 3704 1240 3786 baptizare.
1296 3720 1343 3788 γ

137 3793 456 3858 Afferens
535 3801 758 3855 autern
835 3811 1104 3855 urceum
1190 3811 1341 3855 cum

139 3902 323 3964 aqua
357 3880 540 3944 misit
569 3901 640 3943 se
671 3880 758 3942 ad
791 3880 996 3962 pedes
1029 3879 1186 3960 ejus,
1242 3887 1342 3961 pff.

137 3969 372 4035 Verba
422 3988 586 4032 mea.
678 3969 812 4031 Αῆ.
906 3968 1150 4031 Beatus
1204 3966 1344 4030 lau-

139 4059 394 4122 rentius
426 4058 606 4120 dixit
637 4075 786 4118 mea
817 4075 958 4118 nox
989 4056 1342 4119 obscurum

141 4165 278 4210 non
341 4144 548 4209 habet
608 4144 724 4206 sed
787 4145 1014 4206 omnia
1075 4143 1141 4206 in
1199 4143 1344 4207 luce

142 4235 532 4298 clarescunt,
627 4249 674 4317 γ
720 4231 898 4314 Quia
952 4233 1091 4314 ipse
1130 4231 1344 4295 domi-

1947 349 2099 402 464

1441 472 1565 516 nus
1613 454 1833 517 novit:
1903 454 2059 535 quia
2108 463 2455 517 accusatus
2508 471 2641 516 non

1443 541 1697 622 negavi.
1786 549 1883 622 pf.
1978 541 2271 606 Domine
2330 541 2643 605 dominus

1443 637 1683 692 noster.
1716 643 1763 714 γ
1798 629 2079 692 Posuisti
2098 630 2387 693 domine,
2412 628 2494 693 L.
2516 628 2638 710 iigj.

1453 717 1681 849 Cam
1714 737 1870 780 vero
1901 719 2137 780 beatus
2178 718 2539 781 laurentius
2571 726 2641 781 et

1570 804 1908 887 hypolitus
1951 807 2287 870 venissent
2319 805 2496 868 dixit
2523 826 2639 869 va-

1443 890 1726 954 lerianus
1757 892 1843 954 ad
1877 891 2147 956 beatum
2193 894 2589 957 laurentium
2620 915 2636 958 :

1439 979 1593 1060 Jam
1625 980 1887 1061 depone
1918 983 2348 1062 pertinaciam
2403 991 2587 1044 tuam
2619 1001 2635 1045 ε

1441 1076 1506 1130 et
1529 1069 1809 1130 ostende
1840 1070 2031 1131 nobis
2054 1069 2397 1133 thesauros
2428 1069 2637 1131 eccle-

1439 1155 1547 1218 sie.
1678 1156 2073 1219 Laurentius
2134 1157 2357 1222 dixit:
2455 1157 2633 1220 Date

1441 1243 1603 1306 mihi
1650 1243 1947 1306 inducias
1992 1245 2197 1308 biduo
2227 1246 2329 1308 vel
2369 1245 2632 1308 triduo:

1440 1342 1508 1392 et
1565 1333 1958 1412 presentabo
2016 1333 2207 1395 vobis
2268 1333 2629 1396 thesauros,

1438 1418 1828 1482 Valerianus
1858 1419 2072 1484 dixit:
2124 1421 2201 1482 In
2234 1431 2350 1484 tua
2380 1419 2634 1502 pollici-

1439 1507 1693 1569 tatione
1748 1506 1996 1570 habeas
2048 1508 2270 1572 triduo
2318 1507 2631 1571 inducias,

1443 1593 1839 1657 Laurentius
1885 1595 2161 1660 collecta
2207 1596 2635 1658 multitudine

1439 1701 1805 1763 pauperum
1853 1702 1971 1764 per
2016 1693 2153 1746 tres
2199 1685 2383 1747 dies:
2431 1684 2635 1746 intro·

1439 1770 1637 1832 duxit
1669 1790 1782 1832 eos
1814 1770 1880 1833 in
1905 1770 2245 1852 palatium.
2338 1771 2635 1834 Valeria-

1441 1877 1565 1920 nus
1624 1859 1850 1922 dixit:
1916 1858 2051 1923 Ubi
2126 1869 2283 1923 sunt
2345 1859 2633 1922 thesauri

1439 1965 1609 2028 quos
1685 1945 2017 2028 pollicitus
2078 1967 2147 2010 es
2208 1946 2633 2029 presentare?

1442 2034 1687 2096 Beatus
1708 2034 2066 2097 laurentius
2085 2035 2441 2098 ostendens
2463 2034 2634 2098 mul-

1441 2122 1794 2185 titudinem
1844 2142 2207 2205 pauperum
2257 2123 2462 2187 dixit:
2512 2123 2633 2186 Isti

1441 2219 1595 2273 sunt
1648 2211 1937 2274 thesauri
1993 2212 2243 2274 eterni:
2299 2212 2410 2293 qui
2466 2230 2635 2274 nun-

1440 2318 1641 2379 quam
1684 2299 2101 2362 minuuntur:
2149 2299 2265 2362 sed
2313 2308 2631 2363 crescunt,

1442 2386 1635 2449 Tunc
1688 2387 1892 2449 iratus
1944 2387 2169 2450 decius
2224 2387 2419 2468 jussit
2478 2407 2633 2450 eum

1440 2475 1895 2555 scorpionibus
1926 2475 2088 2538 cedi,
2154 2475 2267 2538 Re,
2330 2475 2633 2540 Strinxe-

1442 2570 1593 2624 runt
1636 2563 1925 2642 corporis
1972 2562 2269 2625 membra
2315 2564 2534 2645 posita
2565 2564 2631 2625 in

1440 2649 1754 2713 craticula
1812 2649 2311 2730 subjicientibus
2385 2671 2632 2734 prunas

1440 2737 1713 2799 insultat
1774 2737 1972 2801 levita
2039 2737 2301 2802 Christi,
2424 2739 2631 2802 Beate

1440 2824 1719 2888 laurenti
1753 2834 2007 2905 martyr
2031 2825 2273 2889 Christi
2300 2827 2631 2890 intercede

1439 2933 1560 2994 pro
1622 2914 1835 2976 nobis.
1935 2930 1979 2998 y*
2059 2913 2417 2977 Carnifices
2474 2933 2632 2977 vero

1437 3008 1751 3082 urgentes
1801 3001 2265 3064 ministrabant
2314 3001 2633 3065 carbones

1439 3089 1667 3150 subter
1719 3097 1965 3152 cratem
2014 3088 2310 3152 ferream.
2428 3089 2633 3152 Beate

1439 3175 1737 3239 laurenti,
2332 3177 2545 3240 Lectio
2575 3198 2633 3240 v.

1439 3266 1699 3396 Post
1748 3263 1869 3326 hec
1930 3263 2131 3328 allate
2184 3273 2339 3328 sunt
2389 3265 2633 3328 lamine

1595 3352 1835 3416 ferree:
1884 3364 1950 3415 et
2002 3351 2254 3416 lectus:
2300 3361 2369 3415 et
2418 3353 2635 3435 plum-

1442 3441 1627 3503 bati:
1674 3449 1741 3502 et
1788 3441 2007 3504 cardi:
2064 3450 2132 3503 et
2182 3441 2358 3505 dixit
2408 3443 2635 3505 decius

1443 3527 1528 3591 ad
1586 3529 1855 3591 beatum
1911 3528 2347 3593 laurentium:
2398 3529 2469 3594 Si
2510 3529 2638 3592 diis

1445 3616 1685 3679 nostris
1718 3615 2081 3680 sacrificare
2124 3619 2638 3700 contempseris:

1445 3725 1585 3766 nox
1640 3704 1768 3766 ista
1817 3705 2238 3786 expendetur
2285 3707 2352 3767 in
2391 3716 2455 3769 te
2486 3726 2638 3768 cum

1445 3791 1801 3873 suppliciis,
1901 3792 2025 3856 Cui
2089 3793 2323 3856 beatus
2384 3793 2643 3856 lauren-

1447 3881 1621 3942 tius:
1674 3880 1830 3942 Mea
1892 3899 2033 3942 nox
2094 3881 2446 3943 obscurum
2508 3901 2643 3944 non

1448 3967 1691 4031 habet:
1738 3967 1855 4031 sed
1890 3969 2116 4031 omnia
2135 3969 2200 4031 in
2235 3968 2380 4030 luce
2409 3967 2647 4031 clares-

1451 4066 1653 4119 cunt:
1709 4065 1776 4119 et
1839 4055 2020 4118 ideo·
2052 4075 2184 4118 non
2246 4056 2453 4118 timeo
2515 4066 2651 4118 tor-

1455 4153 1683 4205 menta
1720 4152 1851 4206 tua,
1946 4144 2136 4206 Tunc
2184 4144 2412 4207 decius
2454 4145 2657 4228 jussit·

1449 4251 1527 4293 os
1556 4231 1701 4312 ejus
1733 4231 2095 4313 lapidibus¹
2129 4232 2291 4295 cedi.
2365 4232 2457 4296 Et
2487 4231 2651 4302 dum

1238 4391 1253 4422 ¹
1290 4391 1641 4456 lampadibus:
1677 4389 1745 4440 N.
