3117 4959
940 257 1057 312 NA
1071 257 1348 312 TJVJTA
1366 257 1497 312 TIS
1540 257 1836 312 MARJE.

655 363 810 420 343

97 493 253 555 qua
314 469 641 536 celsitudo
716 469 937 535 throni
1012 471 1329 554 processit

93 561 423 643 alleluya.
497 569 600 642 pf.
666 559 1081 624 Benedictus,
1178 561 1329 624 Oro.

112 648 743 732 Supplicationem.¹
854 648 979 712 Ad
1029 648 1331 730 primam

106 745 231 800 an.
282 736 618 801 Nativitas
662 735 994 818 gloriosa.²
1043 735 1169 801 Ad
1208 745 1329 798 ter-

113 825 297 889 tiam
387 832 493 888 an.
575 824 911 888 Nativitas
1001 834 1123 888 est.
1226 833 1328 904 pff.

114 913 386 995 Legem
462 931 653 995 pone.
780 911 925 992 Cap.
1002 912 1065 976 O
1126 931 1329 992 quam

110 1000 421 1083 pulchra.
512 1000 627 1066 Re.
689 998 941 1065 Sancta
990 1000 1098 1063 dei
1146 1001 1331 1082 geni-

112 1089 285 1153 trix.
375 1088 587 1170 Virgo
646 1106 910 1169 semper
967 1088 1191 1152 maria.
1284 1104 1329 1168 γ

112 1175 477 1240 Intereede
508 1195 629 1258 pro
660 1177 851 1239 nobis
874 1175 960 1240 ad
985 1175 1329 1238 dominum

114 1265 331 1327 deum
392 1274 707 1328 nostrum.
800 1263 1005 1346 Virgo
1052 1283 1328 1345 semper.

114 1351 377 1418 Gloria.
500 1351 749 1416 Sancta
805 1351 932 1416 dei.
1050 1367 1099 1437 y
1177 1352 1333 1414 Post

113 1449 414 1523 partum.
510 1439 657 1504 Oro.
746 1439 1333 1522 Supplicationem.

117 1527 255 1593 Ad
276 1535 525 1592 sextam
552 1535 657 1592 an'.
706 1527 961 1610 Regali.
992 1537 1094 1609 pff.
1129 1527 1329 1592 Dese-

117 1617 242 1681 cit.
360 1615 509 1696 Cap.
560 1615 649 1680 Et
696 1616 790 1679 sic
827 1617 895 1680 in
940 1635 1129 1698 syon.
1217 1616 1333 1680 Re.

122 1705 297 1768 Post
355 1713 619 1786 partum
682 1704 885 1786 virge.
1002 1702 1333 1768 Inviolata

118 1792 571 1876 permansisti.
664 1807 713 1877 y
751 1793 879 1856 Dei
908 1792 1200 1874 genitrix
1231 1792 1327 1855 in-

115 1882 399 1944 tercede
472 1899 593 1962 pro
667 1880 877 1945 nobis,
983 1878 1329 1944 Inviolata.

122 1968 367 2033 Gloria
412 1968 601 2050 patri.
694 1968 853 2031 Post
911 1976 1193 2050 partum.
1287 1985 1330 2054 γ

120 2056 471 2138 Speciosa.
584 2054 717 2120 Oro
775 2065 851 2119 ut
904 2067 1118 2138 supra.
1216 2056 1344 2119 Ad

120 2163 375 2208 nonam
396 2146 529 2208 An.
579 2144 751 2209 Cum
771 2143 1200 2224 jocunditate.
1233 2152 1335 2224 pff.

126 2231 493 2296 Mirabilia.
546 2231 695 2313 Cap.
744 2232 834 2295 Et
867 2229 1175 2296 radicavi.
1217 2232 1333 2295 Re.

124 2320 460 2402 Speciosa
490 2320 667 2384 facta
697 2340 784 2383 es.
862 2319 953 2383 Et
982 2321 1219 2385 suavis,
1293 2337 1335 2404 γ

124 2409 222 2472 In
256 2408 499 2472 delitiis
542 2408 675 2471 tuis
722 2417 953 2472 sancta
997 2408 1105 2471 dei
1150 2409 1339 2491 geni·

120 2496 292 2562 trix.
384 2496 474 2559 Et
505 2497 741 2560 suaviS.
833 2495 1077 2560 Gloria.
1170 2495 1337 2578 Spe-

120 2586 331 2649 ciosa.
426 2601 471 2669 y
527 2584 750 2665 Elegit
810 2603 977 2648 eam.
1089 2584 1219 2648 Oro
1263 2594 1341 2646 ut

119 2683 351 2754 supra.
432 2672 557 2735 Ad
578 2683 868 2753 vesperas
895 2671 1237 2754 antiphone
1261 2670 1343 2734 de

121 2759 440 2825 laudibus
465 2781 609 2823 cum
644 2759 924 2842 psalmis
949 2759 1029 2824 de
1054 2759 1337 2824 domina.

136 2847 293 2930 Cap.
342 2848 404 2913 O
440 2842 643 2931 quam
674 2847 965 2931 pulchra.
1052 2848 1171 2913 Re.
1216 2847 1333 2911 Ad

130 2945 393 3001 nutum.
484 2939 761 3017 hymnus
820 2936 883 3000 O
931 2957 1131 3018 quam
1193 2936 1335 3017 glo-

104 3023 338 3089 rifica.
402 3040 447 3108 y
497 3025 655 3088 Post
684 3033 967 3107 partum.
1026 3024 1113 3087 In
1142 3045 1334 3088 evan-

116 3111 305 3195 gelio
330 3120 436 3176 αῆ.
485 3110 818 3176 Nativitas
850 3120 968 3177 tua
1006 3113 1115 3176 dei
1144 3113 1332 3194 geni-

128 3200 275 3264 trix
316 3201 503 3282 virgo
546 3201 867 3282 gaudium
913 3200 1337 3264 annunciavit

130 3289 444 3353 universo
475 3290 761 3355 mundo:
807 3308 897 3351 ex
926 3298 992 3353 te
1022 3289 1201 3352 enim
1233 3309 1335 3351 or-

129 3387 247 3442 tus
308 3386 408 3441 est
498 3376 598 3440 sol
682 3376 945 3458 justicie
1036 3376 1339 3441 Christus

130 3466 305 3529 deus
337 3473 601 3528 noster:
648 3466 761 3547 qui
811 3463 1076 3529 solvens
1128 3463 1331 3529 male-

132 3554 533 3618 dictionem:
567 3553 751 3616 dedit
772 3553 1336 3616 benedictionem:

132 3652 205 3706 et
237 3641 651 3705 confundens
684 3649 967 3704 mortem
996 3663 1013 3705 ε
1044 3641 1339 3704 donavit

132 3730 335 3793 nobis
391 3730 597 3794 vitam
658 3730 1147 3811 sempiternam.
1237 3737 1339 3809 pff.

137 3817 553 3900 Magnificat.
649 3816 899 3882 Oratio,
991 3815 1341 3899 Supplica-

130 3907 413 3971 tionem.

130 3993 469 4058 Memoria
542 3993 621 4057 de
693 4002 911 4057 sancto
1006 3991 1342 4074 Gergouia.

129 4084 289 4146 An..
338 4082 584 4146 Beatus
630 4082 731 4146 vir
782 4081 913 4163 qui.
1006 4097 1053 4165 y
1118 4081 1345 4145 Gloria

133 4180 206 4237 et
236 4169 508 4235 honore.
1094 4168 1343 4234 Oratio.

246 4337 261 4364 ⁸
304 4337 318 4362 ⁶
338 4333 590 4382 Alemoria
633 4332 690 4382 de
746 4338 974 4396 martyre.
1070 4332 1117 4380 A
1123 4337 1175 4382 ἦ.
1240 4330 1351 4380 Nisi

141 4413 371 4464 granum.
445 4389 496 4462 Ῠ
530 4399 699 4464 Justus
721 4405 779 4448 ut
804 4399 985 4463 palma.
1065 4398 1164 4448 Oro
1197 4404 1258 4448 ut
1290 4399 1347 4450 in

145 4465 401 4515 communi
415 4463 429 4488 ’
454 4465 557 4514 add
570 4480 587 4513 .·
622 4465 684 4514 R.
694 4465 749 4518 S.

1930 364 2078 418 544

1564 475 1800 536 anctus
1823 480 2076 553 martyr
2099 478 2251 533 tuus
2269 470 2634 552 gorgonius

1561 560 1832 624 domine
1861 579 1982 622 sua
2014 578 2134 622 nos
2165 558 2634 622 intercessione

1434 647 1739 712 letificet:
1772 657 1840 710 et
1864 649 1976 730 pia
2006 647 2205 710 saciat
2235 646 2636 709 solennitate

1431 735 1738 818 gaudere.
1827 755 1947 817 per
2004 735 2366 798 dominum.
2462 732 2637 812 Quo·

1435 823 1597 887 tidie
1640 823 1826 904 infra
1873 832 2134 886 octavas
2153 845 2176 884 .·
2223 821 2360 884 nisi
2401 821 2472 884 in
2523 820 2638 884 do-

1433 912 1675 976 minica
1709 911 1822 974 hoc
1859 911 2042 974 modo
2087 911 2349 974 dikatur
2378 909 2634 972 serviti-

1432 1020 1561 1065 um.
1639 998 1762 1063 Ad
1783 1008 1984 1062 matu.
2056 998 2304 1062 Invita.
2397 997 2476 1060 In
2509 997 2632 1060 ho-

1432 1107 1610 1152 nore.
1661 1097 1763 1169 pJ.
1817 1087 2074 1152 Venite.
2129 1087 2437 1166 Hymnus
2481 1084 2636 1149 Ave

1434 1177 1652 1240 maris,
1739 1175 1825 1238 In
1869 1185 2172 1238 nocturno
2204 1183 2310 1239 an.
2406 1173 2636 1236 Hodie

1435 1273 1612 1328 nata.
1628 1273 1736 1345 ps.
1762 1263 2050 1326 Domine
2063 1262 2371 1325 dominus
2391 1270 2632 1324 noster.

1432 1353 1536 1415 Et
1547 1352 1740 1415 ceteri
1745 1350 1998 1433 psalmi
2005 1350 2172 1413 sieut
2181 1349 2252 1412 in
2260 1349 2368 1412 die
2379 1348 2498 1412 sub
2515 1348 2638 1412 hac

1432 1438 1802 1520 antiphona.
1863 1455 1912 1525 y
1959 1438 2209 1503 Sancta
2230 1438 2356 1501 dei.
2415 1437 2554 1500 Lec.
2568 1436 2632 1518 j.

1444 1530 1568 1663 O
1599 1527 1890 1591 sculetur
1921 1546 2028 1590 me
2057 1525 2286 1589 osculo
2316 1525 2448 1587 oris
2477 1524 2578 1588 sui
2614 1545 2630 1588 :

1570 1617 1725 1698 quia
1757 1614 2032 1678 meliora
2059 1623 2216 1677 sunt
2261 1612 2466 1676 ubera
2517 1619 2636 1675 tua

1431 1703 1588 1768 vino
1649 1702 2007 1786 fragrantia
2055 1702 2412 1783 unguentis
2463 1701 2636 1782 opti-

1434 1793 1576 1856 mis,
1670 1791 1914 1856 Oleum
1945 1790 2228 1854 effusum
2261 1808 2505 1852 nomen
2530 1799 2635 1852 tu-

1432 1901 1588 1944 um:
1634 1879 1787 1943 ideo
1839 1877 2330 1943 adolescentule
2382 1876 2637 1941 dilexe-

1434 1975 1587 2032 runt
1645 1978 1730 2032 te.
1822 1966 2043 2030 Trahe
2103 1986 2213 2029 me
2288 1973 2439 2048 post
2513 1972 2636 2028 te:

1434 2075 1771 2120 curremus
1817 2055 1886 2120 in
1937 2056 2212 2119 odorem
2265 2061 2642 2135 unguento·

1434 2165 1582 2207 rum
1607 2153 1888 2209 tuorum.
1954 2142 2340 2206 Introduxit
2371 2160 2480 2204 me
2513 2160 2634 2203 rex

1436 2233 1501 2295 in
1548 2232 1812 2296 cellaria
1863 2251 2022 2296 sua:
2068 2229 2521 2294 exultabimus
2567 2236 2636 2291 et

1436 2320 1792 2384 letabimur
1845 2321 1913 2382 in
1965 2328 2074 2383 te:
2121 2337 2446 2382 memores
2477 2316 2638 2380 ube-

1438 2429 1582 2472 rum
1633 2419 1898 2472 tuorum
1952 2428 2150 2490 super
2196 2407 2422 2470 vinum
2474 2404 2635 2468 recti

1436 2497 1723 2578 diligunt
1753 2508 1838 2560 te.
1928 2495 2045 2559 Re.
2096 2495 2320 2557 Hodie
2352 2501 2528 2557 nata.
2575 2501 2640 2554 et

1434 2595 1637 2648 cetera
1689 2584 1768 2648 de
1816 2583 2040 2665 prima
2092 2581 2282 2645 turba
2302 2604 2326 2644 .·
2370 2579 2640 2643 secundo

1435 2673 1545 2735 die
1583 2672 1665 2736 de
1701 2671 1978 2735 secunda
2019 2669 2211 2733 turba
2236 2692 2260 2733 .·
2305 2671 2492 2732 tertio
2535 2667 2643 2732 die

1435 2761 1515 2824 de
1544 2760 1738 2823 tertia
1769 2758 1962 2823 turba
1983 2781 2006 2822 .·
2047 2767 2110 2822 et
2134 2756 2494 2822 ordinatim
2525 2754 2637 2818 ite-

1435 2858 1674 2912 rentur.
2323 2844 2540 2908 Lectio
2570 2842 2642 2924 ij.

1453 2939 1700 3068 Vox
1759 2953 2120 3015 synagoge.
2219 2933 2428 3014 Nigra
2488 2951 2638 2994 sum

1604 3023 1721 3087 sed
1753 3023 2043 3085 formosa
2071 3021 2203 3084 filie
2239 3018 2636 3083 hierusalem

1436 3114 1608 3177 sicut
1668 3109 2096 3175 tabernacula
2170 3108 2405 3173 cedar:
2469 3108 2640 3170 sicut

1437 3200 1644 3284 pelles
1719 3199 2093 3275 salomonis,
2223 3196 2452 3259 Nolite
2529 3215 2638 3258 me

1435 3289 1890 3352 considerare:
1966 3285 2123 3367 quia
2183 3283 2366 3348 fusca
2435 3303 2640 3347 sum:

1438 3377 1596 3459 quia
1654 3373 2058 3439 decoloravit
2117 3393 2226 3436 me
2274 3370 2392 3436 sol.
2483 3370 2636 3434 Filii

1438 3465 1670 3529 matris
1701 3483 1848 3527 mee
1893 3470 2358 3544 pugnaverunt
2408 3469 2641 3524 contra

1440 3573 1567 3616 me.
1614 3559 1976 3635 posuerunt
2024 3570 2130 3612 me
2179 3549 2524 3613 custodem
2572 3548 2640 3610 in

1438 3641 1680 3704 vineis:
1709 3640 1970 3704 vineam
2006 3657 2226 3702 meam
2257 3657 2390 3700 non
2421 3644 2644 3700 custo-

1442 3730 1596 3793 divi.
2301 3725 2518 3788 Lectio
2547 3723 2644 3805 iij.

1611 3837 1703 3880 ox
1780 3813 2069 3880 ecclesie.
2187 3812 2421 3876 Indica
2481 3811 2644 3874 mihi

1611 3925 1810 3986 quem
1885 3902 2106 3985 diligit
2165 3903 2388 3965 anima
2450 3918 2644 3962 mea:

1446 3993 1559 4056 ubi
1592 4013 1863 4075 pascas:
1897 3991 2008 4054 ubi
2041 3989 2242 4053 cubes
2261 3989 2328 4050 in
2355 3987 2645 4050 meridie.

1449 4081 1555 4144 Ne
1603 4081 1828 4161 vagari
1853 4106 1858 4110 ·
1883 4077 2196 4160 incipiam
2249 4095 2368 4158 per
2413 4092 2650 4156 greges

1449 4169 1779 4234 sodalium
1823 4176 2108 4230 tuorum.
2199 4163 2359 4228 Vox
2404 4161 2652 4227 Christi

1554 4331 1576 4361 ²
1613 4333 1716 4394 ‘p.?.
1758 4329 1898 4378 Deus
1919 4326 1973 4377 in
2006 4325 2210 4376 nomine
2237 4333 2340 4375 tuo.
2414 4324 2500 4374 Re.
2537 4322 2661 4388 Jesu

1458 4397 1672 4448 Christe.
1751 4398 1798 4460 Υ
1833 4394 1934 4460 Qui
1955 4393 2022 4445 de
2045 4393 2235 4458 virgine
2255 4392 2268 4416 ’
2301 4391 2404 4441 add
2413 4405 2433 4441 .··
2463 4390 2594 4442 R.S.
