3117 4959
734 242 786 299 C
783 244 986 299 OMM
989 243 1161 298 UNE
1214 242 1368 299 UNI
1371 242 1476 299 US
1523 242 1575 297 C
1572 242 1745 299 ONF
1740 244 1799 297 E
1800 244 1849 297 S
1848 243 1897 297 S
1898 243 2097 299 ORIS.

694 350 790 406 87

183 456 246 535 α’
277 454 396 520 Ad
431 464 576 521 mat.
623 455 796 521 Invi.
874 458 1130 539 Regem
1191 476 1362 521 mar-

179 557 395 626 tyrum
453 553 556 607 etc.
604 552 706 626 ps.
754 545 1013 608 Venite.
1083 546 1364 625 hymnus

180 633 427 696 Eterna
458 632 700 697 Christi
747 653 1040 697 munera.
1102 633 1190 697 In
1221 654 1360 697 noc-

177 730 366 783 turno
391 727 496 783 an.
571 719 780 786 Secus
851 721 1182 784 decursus,
1258 728 1362 802 ps'.

177 808 419 871 Beatus
449 807 546 871 vir
567 816 630 871 et
655 808 846 871 ceteri
862 808 880 846 ¹
891 808 1146 891 psalmi
1161 810 1186 847 ²
1207 810 1360 891 plu-

171 894 486 959 rimorum
517 904 882 976 martyrum
927 896 1048 961 sub
1094 895 1216 961 hac
1255 905 1362 961 an’.

172 1000 222 1067 γ
253 983 578 1046 Exultent
603 984 784 1065 justi.
871 983 1032 1048 Tres
1058 984 1362 1049 lectiones.

173 1071 362 1134 Beati
435 1080 760 1153 martyres
822 1070 1068 1137 Christi
1135 1072 1220 1138 N.
1293 1081 1362 1137 et

173 1158 254 1222 N.
342 1156 777 1240 Responsoria
818 1159 900 1223 de
912 1159 1140 1241 prima
1169 1160 1365 1223 turba

167 1254 232 1309 et
297 1247 577 1309 secunda
634 1247 1015 1311 alternatim
1085 1257 1363 1329 sumpta.

171 1332 260 1396 Si
279 1333 486 1415 plura
498 1335 692 1416 festa
710 1335 1154 1416 plurimorum
1185 1356 1364 1398 mar-

169 1430 384 1501 tyrum
425 1422 500 1485 in
529 1423 896 1505 septimana
941 1423 1366 1505 conlegerint?

166 1525 215 1596 γ
260 1509 588 1574 Mirabilis
640 1511 822 1575 deus,
915 1511 1003 1576 In
1058 1510 1366 1575 laudibus

161 1597 272 1659 hec
293 1598 432 1660 sola
458 1608 573 1662 αῆ.
639 1598 970 1681 Martyres
999 1601 1230 1663 sancti.
1266 1608 1364 1681 ps'.

165 1684 496 1749 Dominus
529 1687 848 1769 regnavit.
885 1686 1032 1769 Cap.
1095 1686 1365 1751 Reddet

163 1772 344 1836 deus,
444 1775 748 1855 hymnus.
840 1775 997 1838 Rex
1059 1775 1368 1857 gloriose.

163 1877 228 2011 {I
267 1861 439 1943 Justi
493 1870 746 1927 autem.
853 1862 940 1926 In
999 1883 1181 1927 evan.
1257 1872 1363 1928 an'.

227 1951 380 2012 estri
450 1950 698 2033 capilli.
764 1958 868 2034 ps'.
945 1950 1364 2017 Benedictus

167 2035 310 2101 Οἴα.
373 2037 570 2101 Deus
627 2038 742 2121 qui
803 2058 940 2103 nos.
1003 2038 1130 2101 Ad
1172 2038 1368 2103 horas

161 2134 350 2187 cetere
391 2125 748 2208 antiphone
788 2126 870 2189 de
910 2125 1217 2190 laudibus
1260 2147 1367 2189 ca-

148 2211 436 2291 pitulum
475 2214 886 2296 responsoria
935 2224 1000 2278 et
1039 2214 1247 2278 oratio
1291 2224 1371 2277 ut

161 2310 368 2381 supra.
617 2348 620 2353 -

169 2391 229 2466 (Ι
264 2388 350 2451 In
401 2388 632 2453 natali
669 2388 874 2453 unius
896 2390 1278 2471 confioeoris
1303 2398 1371 2453 et

151 2477 490 2561 ponteficis.
575 2478 703 2543 Ad
717 2489 1007 2561 vesperas
1021 2478 1371 2561 antiphone

164 2573 226 2625 et
276 2566 537 2646 psalmi
594 2566 884 2646 feriales.
979 2565 1070 2630 Sa·
1137 2566 1374 2648 duplex

151 2652 366 2730 fuerit
444 2654 764 2717 dicantur
834 2655 958 2717 iste
1025 2654 1370 2737 antiphone

163 2751 346 2821 super
357 2743 660 2823 psalmos
671 2742 968 2823 feriales.
1225 2743 1362 2807 Aa.

329 2831 542 2893 mavit
596 2850 752 2893 eum
803 2830 1114 2894 dontinus
1158 2838 1227 2893 et
1261 2850 1368 2893 or-

327 2918 512 2981 navit
566 2938 722 2981 eum
781 2918 956 2982 stola
1013 2918 1224 3001 glorie
1267 2918 1365 2982 in-

166 3002 306 3067 duit
350 3025 504 3069 eum
561 3014 630 3069 et
676 3006 762 3069 ad
808 3014 1042 3088 portas
1077 3006 1366 3089 paradisi

167 3094 504 3157 coronavit
555 3112 728 3158 eum.
784 3102 890 3157 ar‘t.
939 3095 1206 3176 Justum
1251 3094 1366 3157 de·

166 3180 358 3243 duxit
396 3182 720 3246 dominus
771 3202 892 3263 per
932 3182 1074 3245 vias
1111 3190 1364 3246 rectas:

167 3277 232 3330 et
289 3270 596 3332 ostendit
656 3269 748 3332 illi
797 3288 1071 3352 regnum
1126 3270 1234 3333 dei
1297 3278 1366 3334 et

165 3354 348 3420 dedit
401 3357 498 3419 illi
579 3358 925 3421 scientiam
981 3368 1364 3421 sanctorum

164 3442 554 3509 honestavit
577 3444 762 3508 illurn
801 3446 868 3508 in
916 3445 1252 3509 laboribus
1297 3454 1366 3509 et

161 3532 522 3614 complevit
590 3532 851 3597 labores
925 3534 1112 3597 illius,
1229 3534 1366 3599 Ar'i.

167 3619 301 3681 Iste
332 3629 436 3684 est
492 3620 614 3703 qui
653 3629 817 3684 ante
856 3622 1060 3685 deum
1089 3642 1368 3705 magnas

164 3706 439 3772 virtutes
490 3718 808 3791 operatus
869 3718 972 3773 est
1019 3718 1098 3773 et
1148 3711 1368 3774 omnis

163 3803 338 3858 terra
398 3797 708 3861 doctrina
766 3796 917 3878 ejus
969 3797 1222 3881 repleta
1266 3806 1370 3861 est

167 3882 306 3964 ipse
335 3884 712 3949 intercedat
748 3905 871 3969 pro
904 3887 1196 3967 peccatis
1227 3905 1370 3949 om-

165 3971 348 4035 nium
377 3973 799 4055 populorum.
860 3976 996 4037 Αῆ.
1046 3975 1183 4037 Iste
1215 3992 1370 4057 cog-

167 4060 352 4122 novit
373 4059 724 4140 justiciam·
751 4071 818 4125 et
847 4062 1014 4125 vidit
1047 4062 1372 4125 mirabilia

167 4166 410 4229 magna
475 4157 546 4212 et
619 4150 928 4213 exoravit
971 4150 1370 4213 altissimum

169 4242 236 4297 et
279 4235 600 4300 inventus
631 4246 734 4301 est
763 4238 836 4300 in
873 4258 1152 4301 numero
1181 4258 1374 4303 sanc·

271 4372 284 4401 ¹
321 4378 514 4422 cetera:
553 4372 672 4425 G.S.
737 4442 758 4473 ⁰
813 4447 833 4489 t
867 4438 908 4489 t*
1026 4441 1074 4490 G

787 4455 991 4490 saun:
1075 4477 1088 4491 .

1107 4376 1130 4406 ²
1158 4375 1285 4439 ‘ps.’
1307 4389 1427 4425 ona:

2028 351 2131 407 38

1461 464 1704 521 torum.
1766 456 1905 522 Αῆ.
1984 457 2121 521 Iste
2150 456 2357 521 homo
2386 455 2474 522 ab
2502 456 2667 521 ado·

1464 546 1785 609 lescentia
1858 564 1983 609 sua
2054 545 2298 627 partim
2323 545 2347 582 ⁴
2424 547 2665 611 meruit

1463 632 1761 696 infirmos
1798 651 2025 697 curare
2077 633 2266 698 dedit
2303 633 2395 697 illi
2452 634 2663 697 domi-

1465 741 1589 784 nus
1648 721 2019 785 claritatem
2088 738 2403 803 magnam
2470 741 2663 785 cecos

1463 808 1837 873 illuminare
1867 818 1937 873 et
1966 810 2289 873 demones
2320 809 2628 890 effugare.

1460 899 1727 1028 Ecce
1815 897 2127 960 sacerdos
2242 894 2661 980 [Capitulum.

1614 1004 1895 1067 magnus
1941 985 2057 1067 qui
2117 984 2185 1049 in
2240 984 2475 1048 diebus
2524 984 2663 1048 suis

1461 1072 1715 1154 placuit
1758 1072 1887 1135 deo
1918 1080 1987 1137 et
2025 1072 2329 1137 inventus
2370 1080 2475 1137 est
2521 1072 2662 1155 jus-

1461 1170 1573 1223 tus
1602 1169 1672 1224 et
1702 1159 1768 1224 in
1800 1169 2103 1243 tempore
2144 1160 2481 1225 iracundie
2528 1159 2661 1225 fac—

1462 1256 1571 1311 tus
1618 1257 1720 1311 est
1758 1247 2221 1313 reconciliatio.
2286 1249 2401 1312 Re.
2466 1248 2665 1312 Miles

1463 1334 1727 1401 Christi.
1770 1354 1820 1421 γ
1868 1336 1967 1401 Ut
1997 1334 2275 1400 celestis
2336 1336 2663 1416 Hymnus.

1551 1432 1655 1487 ste
1703 1423 2039 1488 consessor
2077 1424 2331 1487 domini
2368 1433 2665 1487 sacratus

1551 1511 1723 1575 festa
1752 1511 1942 1593 plebs
1982 1512 2175 1593 cujus
2211 1510 2503 1575 celebrat
2546 1532 2667 1594 per

1462 1599 1695 1663 orbem
1718 1599 1919 1663 hodie
1943 1598 2115 1663 letus
2139 1598 2381 1662 meruit
2411 1608 2667 1662 secreta

1463 1688 1783 1751 scandere
1807 1687 1950 1751 celi.
2026 1686 2153 1765 Qui
2185 1687 2335 1769 pius
2375 1686 2667 1769 prudens

1463 1774 1733 1839 humilis
1792 1774 2073 1857 pudicus
2124 1774 2383 1838 sobrius
2444 1782 2665 1839 castus

1465 1862 1591 1926 fuit
1640 1871 1709 1926 et
1738 1863 2009 1944 quietus
2030 1862 2170 1927 vita
2199 1863 2361 1926 dum
2392 1882 2665 1944 presens

1463 1952 1801 2033 vegetavit
1873 1950 2019 2033 ejus
2083 1948 2377 2034 corporis
2460 1959 2665 2015 artus.

1461 2037 1583 2125 Ad
1619 2058 1887 2102 sacrum
1924 2037 2117 2120 cujus
2156 2037 2489 2102 tumulum
2538 2037 2667 2101 fre-

1465 2136 1751 2208 quenter
1836 2126 2139 2189 membra
2223 2125 2661 2209 languentum

1465 2214 1677 2278 modo
1730 2214 1997 2278 sanitati
2059 2214 2359 2296 quolibet
2430 2214 2666 2277 morbo

1463 2302 1708 2366 fuerint
1823 2310 2101 2385 gravata
2188 2300 2665 2366 restituantur-‚⁸

1473 2390 1673 2456 Unde
1744 2408 1921 2453 nunc
1982 2399 2208 2453 noster
2282 2390 2521 2454 chorus
2594 2388 2665 2453 in

1463 2477 1715 2542 honore
1806 2477 2009 2560 ipsius
2084 2477 2409 2559 hymnum
2486 2478 2667 2541 canit

1462 2566 1640 2631 hunc
1672 2565 1953 2630 libenter
1984 2574 2059 2629 ut
2089 2566 2215 2647 piis
2237 2565 2381 2647 ejus
2412 2564 2665 2629 meritis

1457 2652 1769 2736 juvemur
1826 2674 2027 2717 omne
2080 2674 2199 2735 per
2243 2672 2459 2717 evum.
2552 2652 2669 2716 Sit

1464 2742 1644 2806 salus
1692 2742 1783 2805 illi
1828 2742 2033 2806 decus
2062 2750 2267 2824 atque
2296 2741 2503 2805 virtus
2548 2741 2663 2822 qui

1465 2851 1666 2913 supra
1705 2829 1830 2893 celi
1861 2829 2155 2893 residens
2194 2847 2512 2893 cacumen
2560 2838 2665 2892 to-

1463 2920 1599 2981 tius
1630 2917 1861 2981 mundi
1911 2916 2287 2981 machinam
2334 2916 2665 2999 gubernat

1465 3006 1677 3069 trinus
1708 3013 1775 3068 et
1806 3024 1975 3068 unus
2008 3022 2221 3067 amen.

1469 3097 1533 3172 {1
1565 3094 1651 3156 In
1685 3091 2114 3155 translatione
2127 3111 2277 3154 vero
2298 3089 2501 3153 unius
2521 3111 2665 3154 con-

1449 3181 1733 3263 sessores
1788 3200 1867 3242 ac
1901 3180 2100 3243 etiam
2148 3178 2219 3242 in
2267 3177 2473 3260 apsius
2499 3198 2667 3241 com-

1465 3268 1919 3332 memoratione
1986 3267 2251 3330 dicatur
2306 3265 2414 3331 sic.
2526 3266 2666 3330 Iste

1467 3356 1805 3421 consessor
1877 3356 2132 3419 domini
2208 3364 2503 3418 sacratus
2554 3376 2663 3418 so-

1464 3444 1645 3509 brius
1676 3454 1898 3508 castus
1942 3452 2045 3507 etc.
2121 3462 2171 3529 y
2200 3442 2479 3507 Amavit
2510 3462 2663 3506 eum

1467 3534 1777 3597 dominus
1808 3542 1877 3596 et
1906 3534 2167 3595 ornavit
2208 3550 2379 3595 eum.
2472 3529 2666 3596 Stola

1465 3621 1675 3704 glorie
1706 3621 1922 3684 induit
1953 3639 2123 3683 eum.
2206 3620 2294 3682 In
2344 3638 2525 3683 evan.
2556 3627 2663 3683 an.

1469 3708 1827 3775 Confessor
1871 3707 2125 3771 domini
2195 3706 2281 3770 N.
2332 3715 2663 3770 astantem

1467 3798 1735 3880 plebem
1782 3796 2137 3860 corrobora
2182 3803 2414 3857 sancta
2462 3794 2665 3857 inter-

1465 3887 1765 3949 cessione
1798 3893 1871 3948 ut
1895 3884 2009 3966 qui
2032 3882 2340 3946 vitiorum
2373 3882 2666 3964 pondere

1470 3973 1831 4056 premimur
1860 3970 2294 4036 beatitudinis
2318 3979 2431 4033 tue
2450 3970 2667 4052 gloria

1469 4061 1889 4125 sublevemur
1948 4067 2017 4123 et
2074 4068 2145 4121 te
2210 4059 2379 4122 duce
2438 4065 2667 4122 eterna

1468 4150 1723 4233 premia
1754 4166 2255 4230 consequamur.
2323 4154 2425 4229 ps‘.
2473 4146 2667 4228 Mag-

1471 4237 1723 4315 nificat.
2420 4233 2669 4301 Oratio.

1466 4374 1665 4425 G.N.S.
1904 4375 1924 4403 ⁸
1956 4372 2213 4437 contigerit
2228 4385 2247 4419 .·
2280 4370 2333 4421 S.

1757 4443 1777 4471 ⁸
1812 4438 2169 4489 restituuntur:
2204 4437 2273 4488 K.
2310 4422 2319 4429 ’
