3117 4959
935 266 997 322 S.
1052 263 1385 320 CECILIE
1443 266 1820 322 VIRGINIS.

651 373 765 426 711

138 478 305 560 quod
338 487 682 560 acceperat
737 479 990 542 invenit
1020 488 1326 544 sanctum

138 566 466 630 urbanum.
548 575 643 647 pff.
713 565 1005 632 Caritate
1055 566 1185 652 (ij.)
1276 583 1325 651 γ

141 653 243 718 Ad
244 654 269 734 j
276 652 501 716 uvabit
560 671 726 718 eam.
818 654 1159 736 Expositio
1221 655 1326 721 Si-

144 741 287 804 mile
316 749 415 804 est
444 760 721 824 regnum
770 742 1063 806 celorum
1095 743 1325 807 decem

142 829 501 910 virginibus.
614 829 865 894 Omelia
914 839 991 894 ut
1040 830 1113 892 in
1164 851 1327 893 com-

144 917 329 981 muni.
420 916 783 997 Septimum
826 917 1329 1000 Responsorium

144 1006 338 1068 Beata
366 1004 593 1068 cecilia
614 1005 791 1068 dixit
812 1006 901 1070 ad
924 1004 1325 1088 tyburtium:

146 1093 357 1156 Hodie
384 1101 454 1156 te
486 1093 704 1156 fateor
734 1113 956 1157 meum
998 1115 1143 1158 esse
1173 1113 1331 1175 cog-

144 1191 405 1244 natum:
450 1181 610 1262 quia
658 1201 846 1244 amor
895 1181 1005 1245 dei
1056 1190 1127 1244 te
1171 1179 1329 1246 fecit

142 1289 275 1332 esse
362 1278 891 1351 contemptorem
982 1269 1329 1333 idolorum.

144 1373 185 1442 γ
216 1357 309 1420 At
340 1357 452 1419 illa
480 1358 781 1420 osculata
817 1365 920 1420 est
951 1366 1155 1440 caput
1186 1356 1329 1438 ejus

144 1455 205 1508 et
232 1445 404 1508 dixit
420 1445 507 1508 ad
539 1464 713 1509 eum.
782 1445 1025 1509 Hodie.
1083 1445 1329 1528 L.vig'j.

142 1535 385 1664 Post
436 1532 560 1597 hec
615 1541 839 1596 autem
888 1531 1083 1614 jubet
1121 1533 1329 1596 alma-

281 1620 465 1684 chius
509 1630 811 1684 sanctam
856 1620 1155 1685 ceciliam
1204 1620 1329 1684 sibi

144 1709 490 1790 presentari
525 1729 542 1772 :
634 1717 703 1771 et
775 1709 843 1772 in
936 1709 1137 1772 domo
1210 1727 1333 1772 sua

146 1795 456 1860 flammeis
468 1795 889 1860 balnearibus
906 1797 1329 1860 concremari.

149 1885 437 1966 Cumque
467 1884 701 1949 suisset
747 1884 813 1947 in
860 1883 1078 1949 calore
1108 1883 1331 1948 balnei

148 1971 385 2036 inclusa
442 1973 555 2036 die
617 1973 876 2055 integro
942 1981 1012 2037 et
1086 1981 1331 2036 nocte:

146 2061 319 2141 quasi
378 2059 449 2123 in
509 2060 661 2124 loco
722 2060 964 2142 frigido
1036 2061 1331 2141 perstitit

149 2148 403 2212 illibata.
531 2148 735 2232 Quod
811 2167 965 2212 cum
1040 2149 1336 2212 audisset

148 2235 495 2300 almachius
539 2257 556 2301 :
600 2236 796 2317 jussit
848 2255 998 2300 eam
1054 2237 1121 2299 in
1174 2235 1335 2318 ipsis

148 2323 387 2388 balneis
424 2325 753 2388 decollari.
846 2324 1071 2407 Quam
1118 2326 1337 2406 spicu-

150 2411 307 2475 lator
351 2413 550 2476 tertio
612 2413 745 2476 ictu
796 2412 1119 2495 percussit
1154 2433 1167 2475 :
1214 2405 1331 2474 sed

148 2509 334 2580 caput
364 2500 507 2582 ejus
539 2509 890 2582 amputare
930 2520 1065 2564 non
1096 2500 1333 2582 potuit.

153 2586 237 2650 Et
283 2589 439 2670 quia
490 2588 751 2670 legibus
780 2588 1107 2652 dictatum
1140 2596 1281 2652 erat
1317 2606 1334 2652 :

152 2695 228 2738 ne
271 2685 577 2758 quartam
632 2675 1121 2759 percussionem
1168 2675 1337 2738 acci-

153 2773 323 2845 peret
356 2781 373 2828 :
419 2763 517 2828 sic
563 2764 966 2827 seminecem
1028 2773 1337 2828 cruentus

152 2851 431 2916 carnifex
510 2871 662 2915 eam
738 2851 1105 2933 dereliquit.
1220 2851 1336 2915 Re.

156 2939 383 3002 Cecilia
416 2958 531 3004 me
562 2940 743 3004 misit
776 2939 1030 3004 advos,
1102 2939 1203 3004 Ut
1234 2958 1339 3002 os-

154 3027 427 3092 tendatis
456 3027 623 3092 mihi
647 3037 953 3093 sanctum
972 3027 1339 3090 urbanum:

156 3116 299 3195 quia
362 3116 447 3179 ad
527 3116 743 3198 ipsum
808 3116 1027 3180 habeo
1086 3122 1343 3178 secreta

154 3221 271 3284 que
301 3203 647 3285 perferam.
719 3219 768 3287 γ
816 3202 1063 3268 Cecilia
1092 3202 1343 3266 famula

156 3289 389 3354 domini
451 3291 638 3355 misit
696 3310 807 3355 me
866 3291 951 3354 ad
998 3311 1133 3354 vos,
1225 3289 1343 3354 Ut.

301 3399 380 3442 er.
400 3379 697 3442 triduum
728 3387 955 3442 autem
990 3377 1227 3462 [Lectio
1258 3377 1343 3444 ix.

302 3468 480 3548 quod
514 3467 921 3549 supervixit:
966 3486 1099 3528 non
1132 3485 1346 3530 cessa-

156 3553 246 3616 vit
272 3575 501 3618 omnes
532 3554 787 3637 puellas
818 3574 985 3636 quas
1031 3556 1349 3617 nutrierat

158 3641 519 3706 confortare
560 3663 579 3706 ε
668 3641 909 3724 quibus
984 3651 1051 3705 et
1127 3641 1349 3704 divisit

160 3730 449 3794 universa
479 3751 611 3812 que
640 3730 934 3794 habebat
964 3749 977 3792 :
1002 3738 1071 3792 et
1090 3729 1348 3792 urbano

160 3817 461 3900 episcopo
521 3837 635 3881 eas
694 3816 1189 3881 commendavit
1248 3817 1347 3878 di-

161 3923 343 3968 cens:
388 3905 507 3969 Ad
538 3904 665 3969 hoc
711 3907 1053 3969 triduanas
1099 3904 1258 3967 mihi
1306 3924 1347 3967 a

162 3991 281 4056 deo
327 3993 603 4076 poposci
657 3993 955 4057 inducias
991 4014 1005 4056 :
1053 4001 1128 4056 ut
1190 3992 1350 4056 istas

164 4080 407 4159 puellas
459 4081 581 4146 tibi
623 4080 1203 4145 commendarem:
1250 4088 1353 4143 at-

164 4187 286 4248 que
331 4177 407 4233 ut
453 4167 625 4233 hanc
670 4169 949 4232 domum
996 4187 1216 4232 meam
1248 4187 1352 4232 ec·

166 4255 423 4320 clesiam
468 4277 901 4322 consecrares.
992 4256 1153 4339 Ipsa
1197 4275 1355 4322 vero

558 4431 573 4462 ¹
608 4429 885 4483 induemini
911 4448 925 4484 ι
960 4429 1013 4482 S.

1950 376 2086 429 712

1431 491 1586 563 post
1659 482 1784 545 hec
1843 483 2044 546 verba
2105 482 2408 565 spiritum
2485 482 2632 548 celo

1429 570 1716 633 reddidit
1772 591 1787 634 :
1863 579 1932 633 et
2011 578 2280 634 sanctus
2341 571 2632 636 urbanus

1429 675 1580 720 eam
1642 657 2002 721 honorifice
2053 658 2408 740 sepelivit:
2485 679 2632 742 reg—

1429 753 1634 807 nante
1751 744 2026 809 domino
2129 755 2356 809 nostro
2467 747 2630 828 Jesu

1432 832 1743 897 Christo:
1788 833 1894 896 cui
1943 833 2156 896 honor
2205 843 2272 897 et
2320 834 2531 916 gloria
2564 836 2632 897 in

1430 919 1656 983 secula
1727 921 2099 984 seculorum
2173 941 2387 987 amen.
2516 922 2634 989 Re.

1434 1008 1616 1070 Dum
1647 1027 1885 1072 aurora
1913 1008 2114 1072 finem
2145 1009 2374 1074 daret:
2404 1011 2636 1074 cecilia

1429 1096 1649 1160 dixit:
1699 1095 1830 1177 Eja
1884 1097 2130 1159 milites
2184 1097 2468 1163 Christi:
2516 1098 2636 1162 ab‹

1422 1182 1612 1264 jicite
1659 1203 1864 1266 opera
1907 1184 2376 1249 tenebrarum:
2422 1195 2490 1250 et
2535 1187 2634 1249 in—

1429 1271 1710 1334 duimini
1734 1271 1752 1308 ¹
1799 1291 1986 1335 arma
2017 1271 2196 1339 lucis,
2294 1289 2338 1358 y
2384 1274 2634 1338 Cecilia

1429 1358 1810 1424 valedicens
1857 1358 2166 1423 fratribus
2208 1381 2222 1424 :
2270 1371 2342 1424 et
2392 1361 2636 1426 exhor-

1430 1455 1584 1510 tans
1659 1466 1774 1510 eos
1851 1447 1946 1510 ait
2003 1468 2018 1511 :
2119 1447 2264 1531 Eja.
2389 1449 2632 1513 Gloria.

1434 1534 1580 1617 Eja.
1656 1543 1760 1617 pff.
1815 1534 1916 1598 Te
1959 1535 2179 1599 deum.
2275 1551 2319 1620 y
2395 1536 2634 1619 Specie

1434 1631 1568 1686 tua.
2080 1623 2168 1685 In
2195 1623 2502 1687 laudibus
2526 1633 2632 1690 ar'i.

1575 1709 1960 1774 antantibus
2033 1711 2300 1792 organis
2402 1713 2636 1776 cecilia

1573 1797 1848 1861 domino
1901 1799 2306 1862 decantabat
2355 1799 2584 1863 dicens
2618 1820 2635 1865 ε

1434 1884 1553 1949 fiat
1625 1905 1741 1950 cor
1799 1903 2024 1950 meum
2086 1886 2632 1952 immaculatum:

1436 1981 1510 2037 ut
1540 1992 1674 2036 non
1708 1973 2088 2038 confundar.
2162 1983 2264 2056 pf.
2305 1975 2638 2039 Dominus

1434 2061 1754 2142 regnavit.
1836 2061 1898 2124 A
1909 2070 1970 2124 ἢ.
2005 2061 2129 2126 Est
2161 2070 2488 2126 secretum
2519 2084 2638 2127 va·

1435 2149 1682 2212 leriane
1743 2149 1922 2231 quod
1983 2149 2104 2212 tibi
2165 2149 2320 2214 volo
2379 2151 2638 2216 dicere:

1434 2236 1750 2318 angelum
1797 2237 1906 2300 dei
1954 2235 2171 2302 habeo
2217 2247 2586 2303 amatorem
2621 2260 2638 2304 :

1434 2325 1552 2408 qui
1605 2324 1812 2388 nimio
1861 2325 2004 2388 zelo
2057 2326 2349 2390 custodit
2397 2347 2638 2409 corpus

1437 2431 1680 2476 meum.
1757 2421 1859 2494 pr.
1923 2412 2233 2494 Jubilate.
2323 2415 2458 2480 Αῆ.
2503 2415 2639 2479 Va-

1436 2499 1722 2564 lerianus
1747 2499 1814 2563 in
1838 2500 2142 2564 cubiculo
2166 2501 2460 2568 ceciliam
2485 2523 2637 2566 cum

1439 2588 1682 2670 angelo
1757 2598 2058 2652 orantem
2147 2588 2415 2654 invenit.
2533 2599 2637 2672 pff.

1442 2677 1630 2740 Deus
1661 2676 1826 2738 deus
1858 2696 2062 2741 meuS.
2121 2677 2256 2741 Aa.
2306 2678 2640 2741 Benedico

1440 2772 1509 2828 te
1538 2771 1732 2847 pater
1751 2763 2006 2826 domini
2031 2764 2160 2826 mei
2180 2764 2338 2844 Jesu
2362 2765 2639 2829 Christi:

1441 2852 1600 2934 quia
1645 2870 1766 2933 per
1793 2849 2002 2914 filium
2055 2860 2247 2915 tuum
2297 2852 2466 2933 ignis
2517 2873 2641 2915 ex-

1442 2941 1690 3002 tinctus
1749 2947 1854 3002 est
1913 2959 1954 3002 a
2013 2938 2218 3002 latere
2287 2958 2452 3004 meo,
2535 2949 2638 3022 pf.

1445 3025 1846 3091 Benedicite.
1933 3027 2066 3089 Αῇ.
2114 3025 2362 3091 Cecilia
2394 3027 2644 3091 famula

1442 3125 1561 3179 tua
1621 3114 1890 3178 domine
1969 3113 2159 3196 quasi
2239 3135 2399 3197 apes
2421 3116 2446 3152 ²
2521 3115 2642 3178 tibi

1445 3211 1917 3284 argumentosa
1947 3199 2250 3266 deservit.
2326 3211 2426 3284 pf.
2465 3203 2646 3267 Lau-

1446 3291 1625 3354 date.
1703 3288 1850 3371 Cap.
1899 3289 2260 3372 Sapientia.
2337 3291 2646 3372 Hymnus

1445 3379 1608 3460 Jesu
1669 3396 1914 3442 corona
1970 3377 2316 3459 virginum.
2405 3395 2455 3466 γ
2499 3378 2648 3442 Ad-

1447 3466 1789 3530 ducentur.
1890 3465 1978 3528 In
2035 3485 2214 3530 evan.
2262 3475 2369 3532 αῆ.
2462 3467 2646 3530 Dum

1450 3573 1686 3618 aurora
1715 3551 1916 3616 finem
1947 3553 2166 3618 daret:
2199 3554 2400 3619 beata
2421 3555 2651 3620 cecilia

1449 3641 1671 3705 dixit:
1714 3641 1821 3723 eja
1868 3641 2112 3704 milites
2159 3641 2442 3708 Christi:
2484 3643 2650 3724 abji-

1452 3729 1582 3794 cite
1611 3749 1814 3812 opera
1842 3729 2263 3794 tenchrarum
2291 3751 2308 3796 ε
2335 3738 2407 3798 et
2437 3731 2652 3793 indui-

1453 3816 1616 3880 mini
1649 3836 1834 3880 arma
1863 3816 2028 3880 lucis
2059 3816 2226 3882 all'a.
2286 3827 2390 3899 pf.
2441 3819 2652 3881 Bene-

1454 3905 1688 3969 dictus.
1785 3903 2032 3968 Oratio.
2126 3905 2312 3967 Deus
2365 3905 2652 3986 quinos.

1458 3991 1680 4059 Cetera
1707 3991 1786 4054 de
1813 3990 2140 4054 communi
2159 3990 2355 4055 unius
2371 3991 2656 4074 virginis·

1453 4089 1517 4143 et
1545 4079 1862 4160 martyris
1903 4079 2001 4142 ad
2020 4079 2218 4141 horas
2238 4099 2264 4142 .·
2307 4099 2450 4142 cum
2481 4078 2654 4146 anti-

1440 4167 1684 4250 phonis
1740 4166 1824 4230 de
1877 4165 2184 4230 laudibus
2255 4175 2319 4230 et
2373 4166 2660 4233 oratione

1441 4257 1734 4342 propria.

1903 4429 1926 4464 ³
1956 4426 2102 4492 apis:
2139 4425 2192 4480 S·
