3117 4959
1068 245 1135 302 s,
1180 244 1580 302 NJCHASJ!
1619 243 1808 303 CUM
1845 243 2118 304 soclzs
2161 205 2365 302 sins,

1002 355 1143 412 618

468 457 983 544 regenerationis
998 457 1439 524 Eboracensis
1456 457 1672 542 pridie

468 548 617 612 idus
676 548 902 632 aprilis
960 547 1029 610 in
1102 545 1384 612 ecclesia
1454 546 1670 610 sancti

468 637 681 720 petri:
711 656 915 720 quam
934 635 1184 699 ibidem
1204 634 1347 717 ipse
1370 633 1457 698 de
1488 634 1671 716 ligno

469 725 677 788 citato
694 744 897 808 opere
920 724 1159 788 eodem
1182 731 1485 805 tempore
1506 741 1669 785 con-

374 871 383 886 ,
468 814 717 876 struxit
732 831 914 876 anno
932 811 1117 894 regni
1147 810 1248 874 sui
1280 810 1670 875 undecimo:

466 902 587 982 qui
616 909 723 964 est
764 919 979 963 annus
1025 897 1496 962 incarnationis
1547 897 1674 960 do-

468 987 631 1051 mini
706 988 1235 1051 sexcentesimus
1316 986 1671 1050 vicesimus

466 1076 809 1158 septimus,
858 1074 940 1138 In
958 1095 1094 1157 qua
1110 1075 1379 1138 civitate
1396 1073 1670 1156 paulino

466 1164 693 1226 sedem
726 1163 915 1226 dedit
943 1163 1383 1246 episcopatus
1450 1161 1673 1242 Em·

464 1250 623 1316 sitio
652 1273 681 1316 .·
749 1251 981 1314 Homo
1054 1250 1329 1332 quidam
1404 1247 1668 1314 nobilis·

472 1337 727 1402 Omelia
756 1350 833 1402 ut
860 1339 934 1402 in
962 1337 1303 1402 communi.
1360 1337 1501 1400 Lec.
1522 1336 1670 1418 viii.

479 1427 823 1562 Curavit
908 1446 1068 1490 vero
1164 1444 1287 1488 rex
1381 1425 1668 1488 docente

604 1515 876 1598 paulino
905 1513 1226 1596 majorem
1256 1513 1325 1576 in
1355 1512 1501 1595 ipso
1520 1513 1670 1576 loco

469 1602 795 1667 fabricare
860 1601 1220 1666 basilicam.
1284 1601 1401 1663 sed
1455 1599 1670 1682 prius-

468 1709 673 1771 quam
702 1688 989 1754 altitudo
1018 1688 1287 1773 parietis
1318 1695 1493 1752 esset
1510 1707 1672 1751 con-

468 1787 843 1843 summata:
880 1798 1005 1841 rex
1050 1777 1194 1859 ipse
1240 1775 1447 1858 impia
1504 1795 1668 1840 nece

465 1865 761 1930 occisus:
836 1885 1005 1948 opus
1064 1865 1245 1928 idem
1304 1863 1664 1928 successori

466 1973 591 2016 suo
640 1953 935 2016 oswaldo
986 1951 1459 2035 perficiendum
1514 1951 1666 2014 reli-

466 2041 628 2123 quit.
724 2041 996 2104 Mortuo
1042 2059 1309 2122 quoque
1358 2059 1514 2121 rege
1552 2039 1668 2102 ed-

464 2129 637 2191 wino
661 2129 966 2211 paulinus
1008 2146 1233 2191 secum
1266 2137 1535 2209 sumpta
1566 2147 1668 2190 re-

466 2215 625 2298 gina
685 2216 1012 2278 adilberta
1044 2235 1061 2278 ε
1107 2214 1305 2278 rediit
1364 2216 1667 2278 canciam

467 2303 774 2384 navigio:
808 2311 1011 2384 atque
1040 2301 1127 2364 ab
1155 2301 1435 2365 honorio
1453 2303 1667 2366 archi-

468 2391 821 2473 episcopo:
864 2399 933 2453 et
978 2409 1133 2472 rege
1162 2389 1453 2453 edbaldo
1498 2390 1669 2454 mul-

466 2487 613 2542 tum
686 2477 1047 2542 honorifice
1120 2487 1465 2560 susceptus
1539 2487 1666 2543 est.

606 2587 691 2630 uo
721 2567 789 2629 in
820 2575 1121 2648 tempore
1154 2565 1427 2631 rosensis
1454 2565 1555 2648 [L.
1579 2566 1664 2632 ix.

477 2567 881 2731 Qecclesia
910 2663 1245 2736 pastorem
1292 2674 1429 2718 non
1458 2655 1666 2716 habe-

466 2740 624 2806 bat:
672 2751 740 2805 et
772 2762 997 2806 curam
1028 2741 1323 2824 prefatus
1354 2743 1666 2825 paulinus

467 2829 858 2894 invitatione
880 2829 1136 2892 honorii
1156 2830 1664 2912 archiepiscopi:

469 2927 537 2980 et
557 2917 825 2981 edbaldi
854 2919 1025 2999 regis
1046 2919 1334 3000 suscepit
1354 2937 1429 2982 ac
1449 2920 1666 2982 tenuit

467 3025 677 3087 usque
709 3007 869 3069 dum
902 3007 1042 3088 ipse
1072 3026 1194 3069 suo
1234 3015 1534 3088 tempore
1577 3007 1662 3070 ad

466 3093 735 3157 celestia
766 3113 971 3177 regna
1000 3113 1151 3158 cum
1173 3092 1385 3157 fructu
1419 3093 1664 3158 laboris

466 3183 779 3245 ascendit.
873 3183 955 3244 In
986 3202 1121 3265 qua
1150 3182 1425 3246 ecclesia
1466 3183 1666 3246 mori-

462 3289 581 3332 ens
613 3270 885 3352 pallium
910 3271 1089 3352 quod
1120 3290 1163 3334 a
1194 3289 1469 3333 romano
1486 3290 1667 3352 papa

464 3367 809 3439 acceperat
842 3358 1119 3440 reliquit.
1211 3359 1508 3441 Reliquit
1547 3379 1662 3422 au·

464 3453 601 3507 tem
656 3445 723 3506 in
776 3443 1053 3508 ecclesia
1109 3465 1231 3509 sua
1281 3447 1664 3512 eboracensi

458 3531 777 3612 jacobum
831 3531 1225 3598 diaconum:
1270 3535 1485 3598 virum
1535 3537 1664 3600 uti-

466 3639 597 3701 que
628 3619 1142 3684 ecclesiasticum
1188 3631 1257 3685 et
1302 3633 1608 3688 sanctum
1645 3645 1662 3690 :

466 3716 536 3770 et
560 3707 964 3771 obdormivit
996 3710 1061 3770 in
1094 3709 1384 3774 domino.
1437 3710 1662 3777 Cetera

462 3795 559 3860 ad
584 3797 945 3860 matutinas
970 3805 1033 3859 et
1058 3797 1255 3861 horas
1280 3799 1361 3862 de
1384 3820 1663 3865 commu-

467 3885 543 3948 ni
568 3885 767 3948 unius
780 3885 1157 3966 confessoris
1178 3888 1501 3971 pontificis
1514 3910 1660 3953 cum

464 3975 777 4037 memoria
851 3973 933 4036 de
1002 3976 1421 4055 martyribus:
1542 3978 1670 4041 Ad

464 4075 753 4146 vesperas
772 4061 992 4127 omnia
1021 4063 1102 4126 de
1125 4064 1491 4127 communi:
1512 4086 1660 4130 cum

462 4152 773 4214 memoria
816 4151 896 4214 de
936 4152 1333 4234 martyribus
1377 4152 1662 4218 nichasio

460 4239 767 4323 sociisque
800 4239 955 4322 ejus.

466 4413 479 4442 ¹
516 4413 824 4464 scuviculus:
862 4413 1060 4464 R.N.S.
1092 4414 1293 4477 passim.

799 4482 817 4509 ⁴
850 4479 1063 4528 scamnis
1085 4488 1169 4529 aut
1195 4479 1425 4531 scannis:
1462 4485 1512 4532 S.

1498 4419 1518 4448 ²
1558 4417 1716 4468 ‘late’
1743 4435 1842 4469 om.
1875 4438 1888 4470 ε
1927 4418 2064 4469 ΚΝ.

2300 351 2440 406 614

1771 461 1840 535 1[
1909 456 2149 523 Sancti
2211 453 2502 522 nahasii
2571 473 2738 519 cum
2813 452 2984 518 sociis

1765 545 1924 610 suis.
2085 567 2106 582 “
2705 541 2986 623 Latios.

1901 640 2138 698 anctus
2181 652 2340 697 vero
2379 629 2692 696 clemens
2727 631 2826 693 ad
2857 650 2986 712 pre·

1899 721 2262 785 dicandum
2322 721 2394 783 in
2451 719 2671 803 gallia
2715 739 2736 782 ε
2799 718 2988 782 bento

2947 8 3058 298 l

1767 809 2078 892 dionysio
2139 809 2413 872 idoneos
2485 807 2724 872 socios
2791 807 2988 868 totius
3055 819 3057 850 ³

1765 897 2194 962 ecclesiastici
2223 895 2474 960 ordinis
2502 893 2888 960 adhibuit:
2925 901 2994 956 ut

1765 984 2022 1049 facilius
2069 985 2272 1050 corda
2319 982 2706 1047 infidelium
2765 989 2990 1064 posset

1767 1071 2112 1137 refrenare.
2190 1074 2375 1135 Inter
2401 1092 2576 1155 quos
2609 1071 2902 1134 suerunt
2929 1077 2990 1134 et

1765 1160 1876 1224 isti
1907 1169 2130 1244 patres
2157 1160 2404 1225 sancti:
2431 1159 2792 1224 nichasius
2825 1158 2988 1221 scili-

1766 1257 1874 1313 cet
1914 1270 1957 1312 a
2000 1249 2200 1312 beato
2251 1247 2584 1312 clemente
2628 1247 2990 1310 ordinatus

1767 1337 2122 1420 episcopus
2169 1336 2466 1419 quirinus
2507 1334 2888 1419 presbyter
2917 1353 2988 1398 ac

1765 1424 2172 1488 scuniculus¹
2199 1425 2536 1488 diaconus.
2589 1423 2782 1488 Cum
2807 1421 2990 1486 sama

1765 1512 2238 1594 predicationis
2281 1511 2496 1576 sancti
2540 1511 2854 1592 dionysii
2887 1530 2992 1574 so-

1765 1600 2151 1682 ciorumque
2190 1599 2334 1681 ejus
2379 1600 2516 1663 late
2537 1599 2564 1636 ²
2612 1598 2990 1681 protende-

1764 1688 1909 1752 ret⁸
1927 1708 1942 1752 :
1962 1697 2034 1752 et
2055 1688 2342 1772 populus
2369 1687 2456 1750 ad
2489 1685 2702 1750 fidem
2733 1685 2988 1750 Christi

1763 1795 2120 1840 conversus
2141 1783 2346 1839 esset:
2369 1774 2791 1859 templorum
2817 1795 2989 1856 pon-

1763 1862 1975 1928 tifices
2005 1865 2210 1926 misso
2255 1862 2464 1927 relatu
2509 1863 2600 1926 ad
2651 1863 2994 1926 domicia·

1763 1971 1925 2015 num
1971 1953 2440 2034 imperatorem
2485 1951 2818 2014 intimant
2865 1971 2994 2014 ex-

1763 2039 1980 2104 titisse
2029 2040 2204 2103 inter
2249 2059 2366 2102 eos
2415 2039 2530 2121 qui
2583 2039 2762 2101 deos
2825 2058 2992 2101 suos

1765 2127 1948 2191 velut
2006 2137 2298 2191 stercora
2356 2135 2582 2190 essent
2635 2146 2988 2210 coequan-

1765 2223 1884 2280 tes,
2653 2214 2894 2278 Lectio
2927 2214 2994 2295 ii.

1764 2305 1920 2434 Α
1933 2301 2166 2367 udiens
2196 2301 2328 2366 ista
2347 2301 2780 2366 domicianus
2799 2321 2994 2366 com-

1933 2401 2156 2455 motus
2184 2390 2642 2455 fescenninum
2677 2399 2758 2454 et
2791 2390 2992 2453 sisin-

1767 2479 1951 2542 nium
2017 2479 2104 2542 ad
2177 2477 2538 2542 delendum
2591 2477 2989 2541 christiani-

1765 2568 1925 2631 tatis
1955 2586 2200 2631 nomen
2233 2587 2385 2631 cum
2412 2586 2663 2648 magno
2685 2587 2990 2648 appara-

1765 2663 1839 2718 tu
1871 2656 1938 2718 in
1969 2655 2240 2737 galliam
2265 2654 2532 2719 direxit.
2622 2653 2770 2738 Qui
2793 2675 2990 2718 com-

1765 2744 2096 2824 perientes
2185 2753 2494 2807 sanctum
2591 2742 2988 2806 nichasium
3051 2815 3053 2820 .

1765 2832 2152 2914 episcopum
2199 2851 2350 2896 cum
2393 2829 2660 2913 quirino
2689 2830 2989 2913 presby-
3051 2825 3053 2858 ³

1764 2930 1952 2984 tero:
2025 2929 2096 2982 et
2153 2920 2494 2982 scuniculo
2545 2919 2852 2982 diacono
2923 2921 2984 2982 in

1763 3017 1985 3090 partes
2031 3007 2644 3090 rothomagensium
2695 3007 2836 3070 iter
2885 3029 2984 3071 ar·

3049 2987 3053 3002 Ι

1763 3095 2068 3177 ripuisse:
2089 3095 2238 3159 illos
2251 3096 2540 3159 velocius
2559 3115 2984 3178 prosequen·
3048 3117 3051 3158 ε

1762 3192 1866 3246 tes
1921 3185 2313 3248 invenerunt
2375 3204 2489 3246 eos
2543 3184 2613 3246 in
2671 3185 2978 3265 quodam

1762 3270 1906 3334 soro
1980 3272 2162 3356 quod
2237 3271 2478 3336 dicitur
2547 3274 2982 3354 scampnis⁴:

1761 3360 2037 3424 verbum
2069 3361 2176 3426 dei
2215 3360 2478 3444 populis
2525 3359 2976 3441 predicantes.

1761 3447 2024 3532 Quibus
2083 3451 2179 3513 ait
2251 3449 2618 3512 sisinnius:
2699 3447 2978 3512 Estisne

1760 3538 2142 3602 seductores
2181 3535 2456 3620 perfidi:
2487 3535 2604 3618 qui
2637 3556 2808 3600 cum
2839 3537 2976 3600 dio-

1761 3627 1952 3706 nysio
1976 3647 1992 3691 :
2015 3647 2216 3709 quem
2247 3625 2514 3688 extinxi
2547 3623 2636 3687 ad
2671 3635 2974 3688 everten-

1761 3714 1925 3777 dum
2000 3714 2328 3797 populum
2400 3712 2684 3776 venistis
2725 3713 2756 3776 ἓ
2852 3711 2972 3778 Cui

1763 3801 2140 3867 nichasius:
2188 3803 2343 3865 Non
2391 3821 2626 3864 sumus
2657 3803 2974 3865 seducto·

1761 3911 1863 3953 res
1891 3911 1908 3953 ε
1938 3893 2056 3955 sed
2089 3891 2467 3955 reductores
2496 3888 2862 3954 hominum
2889 3889 2970 3953 ad

1760 3980 2170 4060 agnitionem
2247 3977 2358 4043 dei
2449 3979 2782 4041 creatoris
2859 3979 2968 4041 sui.

1928 4089 2054 4132 unc
2075 4067 2386 4132 sisinnius
2411 4067 2648 4130 iratus⁵
2675 4066 2856 4150 [Lec.
2879 4065 2962 4147 iay.

3040 3163 3051 3456 1

1927 4176 2281 4222 succensus
2311 4154 2610 4238 precepit
2635 4165 2960 4238 amputari
3040 4191 3043 4196 -

1762 4245 1984 4330 capita
2013 4265 2240 4308 eorum
2272 4265 2288 4309 ε
2319 4253 2388 4308 et
2419 4263 2704 4325 corpora
2737 4245 2956 4308 avibus

2305 4419 2325 4448 ⁸
2357 4417 2786 4481 protenderetur:
2823 4417 2938 4468 Rs.

1920 4489 1940 4516 ⁵
1974 4501 2065 4550 pro
2095 4483 2306 4534 ‘iratus’
2334 4483 2407 4533 ira
2433 4501 2445 4534 ι
2486 4483 2628 4534 R.N-

2978 4361 3042 4822 A
