3117 4959
1489 220 1593 275 IN
1634 218 1904 274 FESTO

981 334 1122 388 125

455 464 841 527 comparare
887 442 1246 504 voluisset:
1295 449 1362 502 et
1395 438 1506 502 ille
1555 458 1653 503 re-

457 534 817 616 sponderet
840 530 1226 594 z‘hominem
1261 528 1655 591 architecto-

457 625 592 685 rica
635 630 778 684 arte
819 620 1168 682 eruditum.
1267 616 1509 679 Habeo
1555 618 1653 678 in-

455 712 602 792 quit
633 708 945 772 dominus
976 724 1237 769 servum
1273 704 1432 767 mihi
1459 704 1655 767 valde

443 798 722 861 ‘fidelem
749 818 763 860 :
793 798 970 859 hunc
989 794 1254 857 mittam
1283 801 1500 855 tecum
1531 815 1547 856 :
1581 803 1654 855 ut

459 886 748 967 expletis
809 882 1117 945 omnibus
1194 900 1343 943 cum
1407 880 1656 943 honore

459 974 662 1038 facias
693 992 847 1036 eum
877 971 962 1034 ad
997 990 1105 1032 me
1136 988 1443 1033 remeare.

458 1065 915 1194 Pergentes
953 1068 1178 1121 autem
1211 1058 1327 1120 ab·
1363 1056 1527 1140 [Lec.
1562 1056 1659 1139 iij.

613 1150 818 1212 banes
872 1156 940 1211 et
987 1148 1296 1210 thomas:
1343 1165 1657 1227 pervene-

463 1246 618 1301 runt
650 1238 733 1301 ad
767 1255 988 1317 regem
1016 1235 1194 1298 indie
1211 1233 1656 1315 gundoforum

463 1328 751 1389 nomine.
861 1325 1016 1386 Rex
1079 1333 1302 1385 autem
1366 1330 1439 1384 ut
1491 1322 1660 1384 vidit

463 1415 806 1477 thomam:
852 1413 1028 1474 dixit
1083 1412 1190 1473 ei:
1248 1410 1442 1472 Potes
1497 1408 1659 1472 mihi

465 1502 783 1566 fabricare
825 1498 1194 1582 palatium?
1286 1498 1661 1579 Respondit

463 1592 730 1654 thomas
766 1590 1082 1651 Possum:
1130 1585 1513 1650 Ostendens
1543 1606 1660 1647 au-

465 1690 602 1742 tem
639 1699 758 1741 rex
805 1677 1022 1740 locum
1071 1674 1414 1756 apostolo:
1463 1685 1529 1736 et
1565 1696 1663 1736 re-

467 1768 774 1847 linquens
835 1766 893 1827 ei
958 1764 1270 1846 pecunias
1333 1761 1662 1825 infinitas:

465 1855 646 1918 abiit.
738 1850 1110 1934 Apostolus
1159 1860 1382 1912 autem
1431 1850 1664 1913 circui-

467 1944 585 2005 bat
661 1960 778 2022 per
851 1940 1102 2003 vicinas
1170 1938 1515 2001 civitates:
1593 1946 1662 2000 et

467 2029 853 2113 predicabat
871 2028 1144 2090 verbum
1165 2026 1270 2089 dei
1301 2046 1315 2091 :
1348 2035 1415 2088 et
1448 2025 1665 2107 bapti-

467 2116 688 2181 sabat¹
723 2115 1106 2178 credentes:
1154 2123 1221 2176 et
1265 2114 1667 2196 pauperibus

469 2204 818 2290 pecuniam
852 2201 1208 2267 dividebat.
1299 2202 1510 2265 Lectzo
1543 2202 1667 2284 iiis:

481 2294 710 2426 Cum
742 2300 969 2355 autem
1011 2291 1299 2353 venisset
1343 2310 1462 2353 rex
1513 2301 1668 2372 post

596 2380 983 2445 biennium:
1029 2387 1098 2443 et
1127 2377 1252 2441 hoc
1297 2378 1477 2460 quod
1513 2378 1669 2443 fecit

471 2468 810 2551 apostolus
841 2467 1384 2549 deprehendisset
1412 2488 1427 2531 τ
1468 2468 1667 2549 jussit

469 2578 624 2621 eum
657 2556 855 2620 simul
885 2575 1037 2619 cum
1063 2554 1321 2618 abbane
1354 2556 1420 2618 in
1450 2574 1669 2619 carce-

472 2666 611 2709 rem
681 2644 872 2708 mitti.
963 2652 1033 2707 et
1090 2644 1405 2725 quoniam
1467 2642 1670 2706 frater

473 2734 645 2815 regis
707 2734 773 2796 in
835 2732 1261 2797 extremitate
1313 2732 1450 2795 vite
1528 2732 1667 2794 lan-

471 2822 765 2903 guebat:
825 2819 1083 2884 distulit
1141 2818 1666 2882 interfectionem

471 2910 755 2974 illorum.
907 2908 1188 2988 Cunque
1307 2917 1671 2969 moreretur

472 2998 675 3062 frater
745 2996 952 3079 regis:
1029 2995 1296 3058 nomine
1355 2995 1525 3077 gad:
1600 3005 1670 3058 et

466 3088 608 3169 jam
685 3085 1095 3167 sepulturam
1169 3084 1230 3147 ei
1308 3094 1618 3165 pararent
1654 3103 1668 3147 :

473 3184 712 3257 quarto
743 3174 851 3237 die
884 3174 938 3235 is
969 3173 1080 3254 qui
1127 3181 1425 3235 mortuus
1458 3170 1671 3235 suerat

474 3263 778 3325 surrexit.
868 3261 1061 3325 Tunc
1101 3261 1276 3322 dixit
1321 3260 1453 3341 gad
1487 3258 1669 3322 fratri

474 3371 596 3412 suo
656 3349 834 3431 regi:
939 3346 1122 3410 Audi
1184 3348 1422 3412 frater:
1533 3347 1671 3410 Iste

351 3506 356 3511 ,
474 3437 677 3500 homo
723 3454 922 3517 quem
968 3434 1267 3498 occidere
1318 3436 1671 3517 proponis:

475 3528 729 3588 amicus
753 3524 860 3586 dei
884 3533 1020 3585 est:
1051 3531 1121 3584 et
1145 3522 1305 3584 mihi
1330 3532 1669 3585 ostensum

474 3623 578 3677 est
609 3611 930 3694 palatium
956 3610 1136 3691 quod
1164 3610 1305 3691 ipse
1335 3611 1454 3673 tibi
1487 3610 1673 3673 edifi-

475 3701 692 3766 cabat.
1370 3698 1583 3762 Lectio
1612 3720 1672 3763 v.

473 3786 762 3921 Dixit
806 3794 1031 3850 autem
1076 3784 1211 3868 gad
1243 3787 1328 3849 ad
1368 3795 1671 3851 sanctum

631 3877 931 3939 thomam
994 3873 1410 3957 apostolum:
1485 3875 1673 3938 Pala-

473 3966 642 4028 tium
677 3962 855 4045 quod
889 3962 1072 4025 fratri
1117 3982 1267 4025 meo
1297 3963 1673 4044 gundoforo

476 4052 809 4116 fabricasti
863 4051 1224 4133 conspexi:
1270 4061 1338 4114 et
1384 4054 1674 4133 petenti-

473 4142 598 4205 bus
651 4138 907 4222 angelis
955 4140 1062 4202 dei
1117 4140 1243 4203 hoc
1299 4141 1548 4205 merui:
1598 4149 1672 4203 ut

574 4278 588 4308 ¹
625 4276 936 4341 baptizabat:
973 4274 1025 4326 S.

571 4346 590 4375 0
811 4361 821 4371 .

625 4359 822 4392 ‘neam'
858 4342 954 4437 W'v
993 4408 1179 4458 ‘beati’
1203 4408 1330 4456 aad:
1371 4408 1426 4456 G.

1395 4278 1418 4307 ²
1450 4277 1748 4340 mygdonius
1774 4296 1785 4328 :
1822 4279 1886 4329 G.

1191 4345 1211 4373 ⁸
1244 4356 1336 4405 pro
1367 4343 1626 4405 ‘apostolo
1649 4345 1661 4365 ’
1686 4345 1901 4409 populo:
1942 4345 2023 4395 W.

2274 328 2415 383 126

1750 437 1913 501 illud
1962 456 2253 501 emerem
2306 436 2434 500 His
2481 438 2708 520 itaque
2748 432 2966 519 gestis

1750 528 2059 591 veniente
2084 526 2191 588 die
2214 526 2586 591 dominica:
2634 526 2963 609 baptisati

1754 623 1910 679 sunt
1961 623 2277 696 quattuor
2324 616 2541 678 decim
2596 616 2783 679 milia
2840 614 2967 677 ho-

1754 705 2006 766 minum
2045 724 2059 766 :
2144 704 2445 785 exceptis
2518 704 2815 785 parvulis
2894 712 2965 765 et

1756 791 2152 855 mulieribus,
2255 792 2449 855 Tunc
2501 792 2699 873 jussit
2762 791 2967 872 migi-

1753 880 2031 944 donius²
2108 900 2226 942 rex
2309 881 2523 943 indie³
2599 879 2966 958 superioris

1752 978 2055 1033 sanctum
2118 968 2495 1049 apostolum
2550 970 2863 1031 manibus
2920 988 2969 1029 a

1755 1067 1944 1139 tergo
2003 1056 2225 1137 ligatis
2272 1057 2515 1120 adduci
2564 1058 2649 1120 ad
2704 1078 2819 1120 se:
2893 1065 2967 1118 et

1749 1146 1946 1227 jussit
1988 1144 2230 1207 serrum
2280 1146 2509 1226 igniri:
2556 1154 2623 1208 et
2661 1146 2969 1227 precepit

1756 1254 1959 1317 supra
2010 1232 2171 1295 illud
2224 1245 2527 1297 sanctum
2573 1233 2965 1315 apostolum

1759 1320 2115 1385 ambulare.
2208 1322 2535 1386 Extincto
2553 1331 2779 1385 autem
2802 1324 2965 1402 igne

1759 1412 1866 1474 dei
1897 1411 2139 1474 virtute
2170 1429 2405 1491 cogere
2436 1410 2773 1474 nitebatur
2802 1431 2962 1473 eum

1759 1520 1879 1561 rex
1905 1520 1920 1563 ε
1968 1510 2039 1561 ut
2071 1497 2468 1562 sacrificaret
2498 1500 2627 1561 deo
2658 1499 2801 1561 soli.

1772 1588 2007 1720 Cum
2055 1596 2281 1649 autem
2325 1588 2613 1650 venisset
2658 1586 2825 1670 [Lec.
2873 1586 2965 1667 vj.

1896 1687 2162 1739 sanctus
2200 1676 2538 1757 apostolus
2571 1676 2655 1738 ad
2688 1675 2969 1737 simula·

1760 1763 1990 1827 chrum
2053 1763 2259 1827 solis:
2334 1764 2445 1827 ait.
2564 1762 2833 1845 Adjuro
2896 1774 2967 1825 te

1760 1852 2051 1915 demon:
2104 1852 2217 1933 qui
2269 1852 2334 1914 in
2384 1852 2511 1914 isto
2560 1850 2967 1915 simulachro

1760 1938 2073 2003 habitas:
2150 1949 2224 2003 ut
2293 1940 2467 2003 istud
2543 1941 2967 2003 comminuas

1764 2049 1927 2090 mox
1989 2036 2064 2090 ut
2122 2047 2343 2110 genua
2418 2029 2602 2091 mea⁴
2666 2027 2967 2091 flexero:

1766 2116 2021 2181 Orante
2067 2126 2289 2179 autem
2345 2116 2723 2198 apostolo⁶:
2772 2117 2966 2199 quasi

1766 2225 1914 2267 cera
1956 2202 2156 2285 juxta
2201 2205 2425 2285 ignem
2458 2206 2677 2287 posita
2708 2204 2963 2268 idolum

1766 2294 1983 2375 ipsum
2046 2292 2478 2375 liquefactum
2540 2303 2663 2357 est.
2768 2292 2966 2356 Tunc

1766 2400 1998 2443 omnes
2030 2382 2407 2444 sacerdotes
2434 2382 2761 2463 mugitum
2789 2381 2969 2444 leva·

1766 2477 2017 2532 verunt.
2112 2468 2423 2533 Pontifex
2472 2480 2693 2533 autem
2730 2469 2965 2550 templi

1765 2567 2003 2620 tenens
2090 2557 2443 2639 gladium:
2514 2557 2969 2621 transforabat

1770 2643 2145 2727 apostolum
2208 2645 2478 2710 dicens:
2546 2647 2697 2727 Ego
2750 2646 2969 2709 vindi-

1765 2734 1935 2797 cabo
1968 2733 2237 2814 injurias
2256 2736 2361 2798 dei
2386 2735 2530 2799 mei.
2627 2736 2971 2815 Factaque

1769 2830 1871 2884 est
1918 2821 2243 2885 dissensio
2294 2824 2359 2886 in
2412 2822 2697 2904 populo:
2756 2824 2971 2904 major

1768 2919 1995 2973 tamen
2030 2930 2181 2991 pars
2212 2911 2441 2993 populi
2479 2910 2815 2974 clamabat
2850 2932 2970 2992 pro

1769 2997 2118 3079 apostolo:
2165 3000 2261 3062 ita
2308 3008 2383 3062 ut
2435 2999 2653 3082 ipsum
2700 2998 2973 3081 pontifi-

1767 3106 1955 3150 cem:
2001 3085 2113 3169 qui
2167 3107 2319 3150 eum
2366 3088 2687 3169 percussit
2736 3108 2974 3168 quere-

1771 3184 1967 3237 rent:
2044 3183 2119 3238 ut
2213 3176 2401 3239 vivus
2492 3176 2971 3239 incenderetur.

1773 3262 2030 3343 Corpus
2060 3282 2217 3325 vero
2247 3262 2457 3327 sancti
2498 3263 2787 3346 apostoli
2818 3284 2973 3327 cum

1771 3351 2023 3412 honore
2082 3353 2451 3433 apostolico
2499 3352 2566 3414 in
2620 3350 2973 3415 ecclesiam

1773 3438 2267 3503 transtulerunt.
2332 3439 2549 3503 Scdm.
2564 3438 2975 3522 johannem!

1770 3527 1878 3657 J
1880 3546 1920 3587 n
1966 3526 2079 3589 illo
2118 3536 2459 3609 tempore:
2514 3526 2815 3591 Thomas
2860 3549 2975 3590 au-

1878 3623 2015 3677 tem
2059 3634 2229 3678 unus
2275 3637 2363 3679 ex
2409 3616 2811 3679 duodecim:
2861 3616 2974 3697 qui

1774 3702 2016 3765 dicitur
2058 3704 2391 3769 didimus:
2437 3724 2571 3767 non
2627 3713 2771 3767 erat
2820 3724 2975 3768 cum
3090 3710 3099 3737 ¹

1776 3792 1869 3853 eis
1902 3792 2172 3873 quando
2216 3793 2419 3855 venit·
2443 3794 2655 3875 jesus,
2755 3792 2849 3855 Et
2882 3812 2981 3855 re·

1776 3879 1973 3959 liqna.
2070 3880 2323 3944 Omelia
2336 3878 2361 3919 ⁷
2381 3879 2683 3963 gregorii
2694 3881 2913 3961 pape.⁸

1773 3969 1873 4099 l
1874 3977 1975 4030 ste
2010 3988 2177 4031 unus
2202 3967 2564 4051 discipulus
2589 3967 2838 4051 [Lectio
2870 3968 2983 4052 vii.

1876 4055 2086 4118 defuit
2118 4076 2415 4120 reversus
2444 4078 2574 4138 que
2606 4067 2807 4137 gesta
2829 4067 2985 4120 sunt
3096 4060 3098 4073 '

1774 4142 2028 4207 audivit
2075 4145 2307 4207 audita
2366 4144 2633 4208 credere
2696 4148 2984 4210 rennuit.

2239 4282 2259 4311 ⁸
2291 4280 2341 4329 in
2364 4281 2482 4331 die:
2516 4280 2569 4330 S.

2231 4348 2253 4377 ⁸
2291 4347 2431 4397 ‘xx.’
2464 4347 2589 4395 add:
2616 4346 2671 4395 S.

1880 4414 1898 4441 ⁸
1938 4417 1951 4439 ‘
1968 4412 2025 4460 dc
2047 4412 2209 4461 eadem
2231 4412 2450 4461 lecte'one’
2474 4413 2605 4463 add:
2646 4414 2706 4464 G.
