3117 4959
800 271 863 328 S.
914 270 1491 328 SCHOLASTJCE
1548 258 1927 327 VJRGJNJS.

656 380 799 435 193

166 485 383 569 adjuva
414 505 515 550 me
549 507 563 550 :
610 486 869 552 Christe
898 485 1144 566 adjuva
1174 505 1321 549 me:

168 576 285 640 Sed
309 576 619 656 malignus
636 576 902 656 spiritus
926 575 1143 637 eidem
1166 594 1323 655 pue-

162 685 228 725 ro
256 663 613 726 insultando
658 664 1037 743 respondit:
1087 661 1323 744 Qualis

166 751 477 814 Christus?
521 751 651 816 Sed
677 751 837 813 dum
865 771 1029 832 puer
1046 751 1160 832 qui
1192 759 1326 812 tra-

162 837 419 901 hebatur
445 840 709 901 minime
734 841 1199 920 responderet:
1231 839 1325 900 ait

160 935 403 989 sanctus
446 928 785 989 amandus,
878 928 1007 989 Dic
1053 925 1145 988 illi
1192 925 1324 988 fili:

162 1013 435 1078 Christus
464 1013 630 1076 filius
661 1015 767 1076 dei
786 1014 919 1076 vivi
951 1013 1320 1077 crucifixus.

160 1101 509 1183 Statimque
556 1103 641 1165 ad
698 1123 931 1165 vocem
982 1101 1155 1164 illius
1202 1103 1323 1163 ini-

158 1190 345 1253 micus
375 1201 445 1252 ut
467 1190 685 1252 fumus
716 1191 1002 1252 evanuit.
1054 1190 1191 1252 Lec.
1224 1189 1323 1271 iij.

152 1279 487 1409 Sanctus
518 1279 719 1340 etiam
763 1278 1092 1340 amandus
1124 1278 1323 1340 latro-

267 1385 409 1428 nem
484 1367 821 1447 quendam
898 1385 941 1428 a
1030 1364 1323 1447 periculo

154 1455 363 1515 mortis
435 1453 709 1517 liberare
782 1453 1051 1517 volebat
1098 1475 1113 1516 ε
1203 1453 1319 1516 sed

152 1542 311 1621 apud
350 1541 639 1622 judicem
670 1541 794 1604 hoc
827 1543 1177 1623 impetrare
1209 1560 1323 1603 ne-

150 1629 375 1709 quibat.
470 1631 768 1693 Latrone
828 1629 941 1692 illo
1002 1649 1323 1711 suspenso

150 1727 210 1779 et
236 1717 581 1782 defuncto:
630 1726 697 1781 et
742 1716 994 1799 populo
1038 1718 1123 1780 ad
1170 1737 1322 1798 pro-

148 1804 275 1885 pria
330 1827 630 1870 reverso:
676 1817 941 1868 sanctus
994 1805 1322 1868 amandus

146 1893 535 1958 adveniens:
617 1905 951 1956 mortuum
1012 1894 1322 1975 deposuit

145 1981 221 2043 de
261 1981 475 2064 ligno:
524 1991 597 2045 et
640 1982 871 2045 tandiu
922 2001 1119 2063 super
1165 2000 1319 2044 eum

140 2089 350 2149 preces
378 2070 679 2134 suderat:
728 2071 940 2132 donec
985 2089 1139 2131 eum
1186 2071 1321 2131 vite

140 2159 395 2238 pristine
448 2159 843 2222 restituerat.
938 2157 1085 2220 Hos
1123 2157 1323 2238 igitur

140 2245 530 2309 confessores
559 2248 911 2309 vedastum
959 2244 1208 2307 scilicet
1252 2253 1321 2308 et

138 2335 479 2397 amandum
503 2335 679 2397 sicut
710 2333 967 2397 celestis
999 2331 1151 2395 aula
1182 2353 1325 2396 sus-

134 2423 297 2502 cepit
324 2443 473 2484 cum
507 2423 722 2504 gloria
751 2443 765 2485 ε
812 2422 907 2483 ita
938 2441 1059 2483 nos
1091 2440 1321 2484 eorum

134 2509 419 2588 precibus
448 2511 683 2574 divina
712 2509 1044 2572 custodiat
1076 2509 1325 2571 miseri-

134 2598 381 2662 cordia:
457 2608 527 2661 et
594 2598 677 2660 ad
743 2597 925 2659 illam
1004 2597 1322 2678 perducat

131 2684 439 2765 gloriam:
505 2707 645 2768 que
704 2686 912 2748 nescit
974 2683 1142 2747 finiri
1204 2705 1323 2766 per

130 2773 351 2837 secula.
450 2774 681 2838 Cetera
709 2774 788 2836 de
814 2773 1141 2835 communi
1165 2773 1319 2854 plu-

130 2861 433 2924 rimorum
464 2862 917 2943 consessorum.

132 2952 189 3025 (I
211 2949 439 3013 Sancte
446 2950 958 3030 scolastzee¹virg
965 2949 1110 3012 inis.
1144 2948 1315 3012 Lect.

126 3040 408 3167 Beata
427 3039 638 3120 igitur
653 3037 1021 3101 scolastica:
1042 3036 1315 3120 [prima.

260 3135 329 3188 ut
362 3125 653 3208 legimus
696 3125 1123 3188 nobilissimis
1169 3136 1317 3188 orta

127 3215 499 3279 natalibus:
644 3212 1315 3296 magnificentissimis

126 3298 333 3364 floruit
374 3301 753 3366 virtutibus
867 3302 1045 3364 Nam
1078 3303 1315 3366 beatus

124 3407 287 3470 papa
312 3392 663 3473 gregorius
709 3392 793 3453 de
839 3400 1071 3453 sancto
1115 3389 1315 3452 bene-

123 3475 291 3541 dicto
340 3488 409 3541 et
457 3499 687 3542 sorore
736 3479 877 3559 ejus
922 3479 1017 3541 ita
1047 3475 1317 3559 inquit:

122 3563 313 3628 Soror
371 3587 647 3648 nanque
708 3567 917 3630 sancti
981 3566 1313 3630 benedicti

117 3654 453 3718 scolastica
516 3654 961 3736 omnipotenti
1038 3654 1314 3717 domino

114 3739 195 3802 ab
242 3743 386 3824 ipso
442 3743 735 3825 puericie
780 3752 1081 3823 tempore
1126 3743 1313 3805 dedi-

114 3839 253 3892 cata
342 3833 431 3893 ad
513 3830 845 3912 colloquia
920 3830 1135 3893 fratris
1211 3830 1312 3893 sui

109 3919 303 3981 semel
334 3939 459 4001 per
502 3939 753 3982 annum
786 3920 1007 3981 venire
1037 3938 1311 3982 consue-

106 4016 283 4070 verat
330 4028 345 4070 :
426 4007 517 4070 ad
581 4027 784 4089 quam
845 4005 946 4069 vir
1005 4007 1111 4068 dei
1174 4027 1310 4070 non

104 4091 294 4177 longe
325 4105 528 4159 extra
556 4095 831 4177 januam
878 4095 1311 4176 possessionis

103 4185 481 4247 monasterii
544 4184 1007 4246 descendebat.
1128 4183 1313 4266 Quo-

100 4269 246 4334 dam
278 4293 443 4336 vero
479 4273 587 4335 die
618 4272 802 4335 venit
834 4292 923 4334 ex
970 4291 1153 4335 more
1182 4293 1197 4335 :
1242 4279 1311 4335 et

392 4420 405 4450 ¹
444 4419 757 4468 scholastice:
782 4418 973 4481 passim
989 4433 1005 4466 .·
1047 4417 1105 4468 G.

386 4487 407 4516 ²
441 4501 534 4549 pro
562 4489 575 4512 ⁴
592 4498 711 4550 ergo
734 4485 747 4506 '
770 4501 887 4534 vero
912 4503 925 4534 =
960 4485 1023 4536 G.

1951 379 2094 435 196

1422 494 1642 549 totum
1717 485 1896 550 diem
1989 488 2056 549 in
2133 486 2240 549 dei
2317 486 2625 552 laudibus

1425 575 1759 656 sacrisque
1834 574 2178 657 colloquiis
2252 575 2574 639 ducentes
2609 597 2624 640 :

1426 663 1968 725 incumbentibus
1992 664 2132 744 jam
2175 665 2388 726 noctis
2441 673 2625 726 tene-

1426 750 1598 814 bris:
1668 750 1864 813 simul
1925 761 2321 833 acceperunt
2381 751 2622 815 cibum.

1436 839 1672 970 Cum
1705 859 1861 901 vero
1890 848 2158 902 sanctus
2189 840 2302 902 be-
2350 837 2519 924 [Lec.
2554 840 2622 922 ᾔ.

1560 927 1864 990 nedictus
1917 947 2230 1009 sororque
2290 928 2432 1008 ejus
2481 948 2624 990 sco-

1424 1013 1658 1077 lastica
1703 1014 1920 1077 adhuc
1965 1017 2050 1078 ad
2103 1035 2398 1078 mensam
2435 1016 2626 1078 sede-

1425 1111 1612 1166 rent:
1689 1123 1874 1166 soror
1931 1103 2074 1184 ejus
2135 1104 2394 1185 rogavit
2468 1125 2620 1166 eum

1423 1191 1652 1252 dicens
1681 1212 1694 1254 :
1743 1189 1970 1274 Queso
2003 1202 2068 1253 te
2101 1190 2300 1254 frater
2327 1212 2342 1254 ε
2390 1199 2463 1254 ut
2495 1193 2618 1254 ista

1424 1287 1618 1340 nocte
1651 1299 1758 1340 me
1788 1299 1922 1340 non
1955 1281 2218 1342 deseras
2245 1300 2261 1342 :
2307 1289 2380 1342 ut
2412 1300 2622 1360 usque

1424 1385 1621 1428 mane
1681 1368 1766 1429 de
1827 1366 2086 1429 celestis
2158 1369 2294 1430 vite
2365 1368 2622 1446 gaudiis

1422 1453 1674 1534 aliquid
1754 1453 2118 1536 loquamur.
2241 1455 2366 1519 Cui
2443 1453 2553 1517 ille
2605 1475 2620 1518 :

1424 1541 1701 1604 Manere
1732 1551 1926 1605 extra
1955 1541 2192 1604 cellam
2242 1541 2621 1605 nullatenus

1422 1649 1715 1711 possum.
1783 1628 1882 1692 At
1915 1629 2028 1692 illa
2056 1639 2257 1711 caput
2289 1631 2355 1692 in
2391 1650 2620 1692 mensa

1423 1717 1770 1780 dominum
1859 1726 2170 1799 rogatura
2243 1717 2618 1782 declinavit.

1424 1805 1709 1887 Cunque
1771 1805 2021 1868 levaret
2083 1807 2170 1868 de
2225 1825 2458 1870 mensa
2510 1827 2618 1868 ca-

1422 1903 1584 1975 put:
1652 1901 1844 1956 tanta
1905 1893 2431 1957 choruscationis
2489 1895 2619 1956 vir-

1420 1990 1530 2045 tus
1606 1981 1672 2043 in
1735 1983 2096 2044 tonitruum
2159 1983 2490 2045 vertitur:
2548 1991 2616 2044 et

1420 2069 1769 2132 inundatio
1793 2069 2015 2151 pluvie
2038 2070 2284 2151 erupit:
2311 2079 2382 2132 ut
2399 2089 2618 2151 neque

1419 2156 1813 2220 venerabilis
1886 2157 2323 2221 benedictus:
2399 2178 2618 2239 neque

1420 2245 1656 2308 fratres
1687 2247 1800 2327 qui
1833 2265 1984 2310 cum
2017 2265 2098 2308 eo
2130 2246 2405 2308 aderant
2435 2267 2448 2309 ε
2497 2266 2616 2308 ex-

1420 2341 1524 2396 tra
1556 2332 1757 2396 limen
1792 2333 1957 2396 loci:
2003 2353 2136 2415 quo
2182 2334 2619 2397 consederant

1422 2423 1664 2503 pedem
1699 2441 1964 2484 movere
2007 2422 2396 2503 potuissent.
2471 2421 2618 2484 Lec.

1432 2509 1692 2675 Quod
1740 2509 1972 2572 videns
2018 2518 2287 2572 sanctus
2331 2509 2444 2571 be·
2492 2507 2618 2592 [iij.

1558 2598 1898 2661 nedictus:
1946 2598 2160 2660 dixit:
2209 2597 2443 2660 Pareat
2492 2597 2616 2659 tibi

1418 2705 1604 2748 soror
1633 2685 2092 2767 omnipotens:
2125 2685 2284 2766 quid
2311 2694 2413 2748 est
2435 2686 2615 2767 quod

1418 2773 1677 2836 fecisti?
1711 2773 1835 2837 Cui
1868 2772 2021 2836 illa:
2057 2773 2234 2836 Ecce
2257 2783 2326 2836 te
2357 2775 2617 2853 rogavi:

1417 2870 1486 2924 et
1532 2860 1762 2924 audire
1809 2881 1916 2922 me
1971 2858 2256 2922 noluisti.
2353 2861 2616 2940 Rogavi

1417 2949 1622 3011 etiam
1654 2949 2000 3011 dominum
2027 2967 2249 3010 meum
2275 2969 2290 3010 :
2321 2957 2388 3010 et
2409 2967 2617 3010 exau-

1416 3037 1583 3099 divit
1615 3055 1740 3099 me.
1833 3035 2045 3098 Modo
2075 3035 2278 3117 ergo²
2321 3035 2374 3096 si
2424 3045 2616 3116 potes

1416 3125 1730 3206 egredere
1781 3131 1849 3186 et
1902 3123 2186 3187 recede.·
2243 3122 2355 3187 Sic
2412 3143 2569 3186 vero
2591 3123 2617 3161 ⁸

1416 3213 1662 3276 mansit
1707 3231 1858 3274 cum
1905 3231 2126 3274 sorore
2172 3212 2453 3276 invitus:
2501 3211 2616 3293 qui

1415 3309 1613 3363 extra
1671 3298 1906 3362 cellam
1970 3300 2350 3362 monasterii
2403 3300 2616 3363 noluit

1416 3407 1686 3451 manere
1717 3397 1956 3469 sponte
1983 3398 2298 3470 rogatus:
2333 3388 2616 3470 Cunque

1416 3477 1524 3540 die
1600 3476 1810 3539 altero
1899 3475 2292 3538 venerabilis
2368 3476 2616 3539 semina

1412 3565 1762 3628 scolastica
1819 3565 1903 3627 ad
1981 3564 2216 3627 cellam
2280 3566 2612 3646 propriam

1416 3653 1720 3716 recessit:
1766 3653 1866 3714 vir
1918 3653 2024 3714 dei
2079 3652 2465 3715 benedictus
2525 3653 2614 3716 ad

1414 3740 1892 3804 monasterium
1957 3741 2166 3804 rediit.
2306 3741 2398 3803 Et
2459 3761 2615 3804 ecce

1414 3838 1569 3911 post
1599 3830 1890 3892 triduum
1924 3830 1986 3891 in
2038 3828 2200 3894 cella
2249 3831 2616 3892 consisten-

1413 3927 1514 3981 tes
1553 3940 1568 3982 :
1639 3917 1807 3981 vidit
1851 3919 2154 4000 ejusdem
2209 3919 2446 3980 sororis
2496 3937 2614 3978 sue

1412 4008 1710 4071 animam
1758 4007 1882 4070 celi
1937 4015 2189 4070 secreta
2247 4015 2611 4086 penetrare.

1413 4093 1547 4176 Qui
1569 4105 1754 4159 tante
1774 4095 1916 4176 ejus
1938 4093 2146 4176 glorie
2165 4095 2613 4175 congaudens:

1412 4184 1858 4266 omnipotenti
1913 4184 2040 4245 deo
2095 4184 2342 4263 gratias
2392 4183 2614 4245 reddi-

1411 4272 1567 4336 dit:
1643 4271 1918 4354 ejusque
1977 4269 2236 4332 obitum
2298 4269 2612 4334 fratribus

1738 4421 1757 4448 ⁸
1791 4433 1882 4481 pro
1913 4421 1926 4443 ‘
1947 4431 2066 4468 vero
2086 4415 2098 4438 ’
2117 4432 2235 4481 ergo
2259 4433 2270 4466 z
2306 4417 2369 4468 G.
