3117 4959
1158 257 1220 312 S.
1272 257 1722 314 POLICARPI
1761 256 1882 312 ET
1927 258 2292 331 JULIANI.

994 363 1137 420 169

460 472 799 556 sanguinis
820 471 1012 553 copia
1036 493 1049 536 :
1076 469 1385 533 columba
1406 489 1668 552 proces-

460 564 545 624 sit
558 564 643 625 de
664 581 967 642 corpore:
992 559 1352 639 statimque
1372 559 1664 640 sopitum

462 670 691 712 cruore
752 649 947 713 cessit
1005 647 1398 709 incendium.
1493 646 1666 709 Tale

464 739 693 819 itaque
752 735 1123 818 policarpus
1184 742 1413 796 sancte
1472 734 1666 796 smir-

470 824 692 887 nensis
724 823 995 887 ecclesie
1030 822 1381 902 magister:
1415 823 1668 902 passio-

468 913 570 974 nis
622 931 861 975 munus
916 909 1233 991 implevit.
1327 906 1545 972 Cetera
1589 908 1671 971 a'e

466 999 793 1062 communi
820 999 1017 1060 unius
1046 995 1377 1074 marzyris.

470 1091 534 1165 ‘l'
584 1087 819 1150 Sancti
841 1085 1105 1168 juliani
1143 1081 1411 1164 episcopi
1432 1091 1499 1144 et
1522 1103 1664 1145 con-

448 1175 749 1255 fessoris.
1189 1170 1401 1233 Lectio
1416 1171 1662 1251 prima.

464 1267 797 1395 Beatus
828 1261 1054 1342 itaque
1101 1258 1395 1340 julianus
1448 1279 1664 1320 roma·

612 1370 696 1412 na
727 1349 1175 1431 generositate
1208 1345 1610 1408 clarissimus
1647 1366 1662 1410 :

462 1458 613 1501 cum
676 1437 763 1500 ab
821 1437 983 1500 urbe
1058 1434 1481 1517 egrederetur
1524 1454 1539 1496 :
1587 1443 1663 1496 ut

464 1525 727 1590 Christo
759 1525 1011 1587 lucrum
1058 1523 1340 1585 faceret:
1386 1519 1664 1582 domino

461 1613 778 1677 ducente:
802 1612 887 1674 ad
910 1611 1141 1674 urbem
1160 1608 1662 1671 cenomanicam

462 1703 661 1764 venit.
756 1701 881 1763 Per
916 1699 1105 1780 cujus
1152 1715 1386 1760 manus
1437 1704 1663 1758 tantas

464 1787 766 1854 Christus
798 1787 1198 1868 operabatur
1224 1783 1536 1846 virtutes:
1587 1792 1662 1846 ut

460 1877 665 1940 verbo
687 1861 1009 1938 demones‘
1030 1873 1288 1954 fugaret
1316 1893 1329 1935 :
1364 1870 1661 1952 leprosos

462 1963 814 2026 mundaret
848 1983 863 2026 :
910 1961 1297 2041 cunctisque
1342 1958 1664 2040 languen-

462 2051 640 2114 tibus
690 2049 927 2132 opere¹
961 2048 1168 2111 crucis
1222 2047 1664 2110 medicamine

463 2137 822 2220 largiretur.
889 2137 1192 2217 Denique
1223 2154 1373 2198 cum
1396 2135 1479 2197 ad
1502 2154 1656 2197 eum

462 2226 655 2289 multi
715 2232 1174 2290 concurrerent
1233 2243 1353 2304 pro
1413 2223 1662 2304 adipis-

462 2313 675 2377 cenda
726 2312 938 2376 salute
986 2329 1371 2393 corporum:
1419 2309 1659 2372 illumi·

463 2403 601 2464 nati
635 2400 834 2464 verbo
866 2399 1018 2463 fidei
1050 2417 1199 2462 cum
1231 2396 1443 2459 salute
1489 2397 1660 2460 redi-

459 2490 626 2552 bant
655 2490 1042 2552 animarum.
1346 2484 1557 2547 Lectio
1590 2485 1659 2566 ij.

458 2578 643 2709 N
649 2597 755 2639 am
789 2596 938 2640 cum
989 2574 1165 2637 idem
1214 2574 1313 2636 vir
1356 2572 1658 2634 beatissi-

648 2685 795 2727 mus
847 2664 932 2726 ab
986 2663 1147 2725 urbe
1213 2660 1657 2741 degrediens:

460 2761 536 2816 ut
565 2752 814 2815 lucrum
839 2751 1101 2816 Christo
1125 2749 1209 2813 de
1228 2748 1658 2830 pereuntibus

461 2842 705 2905 faceret
733 2862 748 2904 :
793 2839 1074 2904 diocesis
1106 2857 1222 2900 sue
1253 2845 1473 2918 partes
1504 2837 1657 2907 visi-

457 2939 629 2994 taret
654 2951 668 2994 :
691 2949 843 2992 ecce
862 2926 1214 2990 defunctus
1232 2923 1656 2988 efferebatur:

460 3038 705 3101 magna
729 3015 957 3100 populi
976 3014 1337 3077 comitante
1361 3019 1656 3074 caterva:

454 3107 844 3170 adolescens
904 3102 1249 3183 cujusdam
1321 3098 1654 3180 magnifici

456 3197 576 3258 viri
608 3194 814 3258 filius:
869 3191 981 3274 qui
1032 3190 1373 3252 dicebatur
1414 3186 1656 3268 jovini-

456 3303 637 3346 anus,
690 3279 1172 3363 Superveniens
1196 3285 1463 3339 sanctus
1482 3275 1654 3357 epis-

456 3391 663 3453 copus
738 3375 1056 3431 consueta
1148 3365 1211 3426 in
1305 3364 1654 3425 dominum

456 3459 699 3522 fiducia
750 3456 955 3518 fretus
1002 3452 1200 3534 jussit
1246 3452 1489 3532 deponi
1536 3451 1650 3512 de-

454 3547 753 3610 functum
810 3561 1060 3624 corpus,
1156 3539 1450 3602 Genibus
1496 3558 1652 3601 vero

458 3637 524 3698 in
559 3645 800 3698 terram
850 3629 1134 3694 curvatis
1164 3627 1372 3689 oculis
1402 3645 1478 3688 ac
1512 3646 1653 3688 ma-

455 3724 649 3786 nibus
684 3723 745 3783 in
774 3719 989 3784 celum
1013 3717 1325 3799 porrectis
1351 3737 1364 3778 :
1396 3715 1652 3777 cunctis

454 3811 877 3874 audientibus
926 3806 1290 3869 orationem
1344 3802 1514 3865 fudit
1564 3803 1648 3865 ad

451 3900 813 3963 dominum.
862 3895 1081 3959 Finita
1101 3894 1301 3975 igitur
1318 3892 1649 3954 oratione:

450 3988 835 4050 adolescens
850 3983 1035 4066 quasi
1049 4003 1088 4045 a
1102 4001 1336 4045 somno
1362 3979 1649 4042 surrexit

448 4097 488 4139 a
511 4077 789 4139 feretro:
834 4083 901 4137 et
934 4071 1108 4137 clara
1143 4089 1305 4133 voce
1336 4068 1650 4132 clamavit

449 4165 716 4227 dicens:
770 4163 944 4226 Vere
999 4179 1279 4243 magnus
1332 4165 1434 4220 est
1480 4156 1647 4218 deus

446 4252 1001 4316 christianorum:
1066 4268 1268 4331 quem
1350 4244 1649 4342 predicat

446 4361 670 4405 servus
701 4339 844 4422 ejus
888 4338 1191 4421 julianus·
1258 4333 1402 4400 Lec.
1436 4341 1646 4395 tertia.

2314 366 2447 420 170

1949 492 2028 534 oc
2066 473 2416 536 audientes
2463 473 2975 556 comprovincia-

1949 559 2042 622 les
2079 582 2094 623 :
2143 560 2344 623 fidem
2395 578 2871 644 susceperunt:
2913 575 2973 628 et

1765 666 1808 707 a
1883 645 2084 710 beato
2165 648 2423 728 juliano
2506 669 2744 713 omnes
2823 653 2973 734 bap-

1765 735 1948 796 tizati
2047 745 2204 798 sunt
2251 757 2266 799 :
2360 735 2972 820 Appropinquante

1767 821 1992 903 itaque
2021 822 2393 886 vocationis
2424 845 2542 886 sue
2565 827 2677 888 die
2707 847 2722 889 :
2769 847 2978 889 seces-

1765 909 1852 971 sit
1883 909 1969 971 ad
2023 911 2284 973 vicum:
2333 911 2399 972 in
2454 932 2590 993 quo
2641 933 2820 977 nunc
2873 935 2971 978 ec-

1765 997 1963 1059 clesia
1994 996 2175 1060 beati
2208 998 2530 1062 martialis
2561 1001 2692 1063 sita
2721 1013 2842 1066 est.
2894 1004 2970 1065 In

1766 1103 1900 1165 qua
1952 1103 2106 1147 cum
2163 1085 2464 1166 pluribus
2517 1088 2794 1168 degeret
2841 1091 2976 1153 die-

1768 1171 1939 1234 bus:
2006 1183 2376 1254 expectans
2430 1172 2709 1238 horam:
2755 1197 2890 1258 qua
2935 1199 2975 1240 a

1768 1259 1897 1321 deo
1948 1279 2070 1341 pro
2120 1261 2346 1324 labore
2395 1263 2764 1344 perciperet
2795 1285 2975 1328 coro-

1772 1365 1929 1408 nam
1977 1369 1992 1410 :
2041 1346 2213 1410 letus
2272 1349 2452 1411 celos
2513 1353 2834 1432 aspexit:
2909 1361 2978 1416 et

1763 1434 2058 1497 animam
2094 1435 2360 1500 Christo
2393 1438 2701 1500 reddidit.
2755 1439 2976 1503 Cetera

1761 1521 1844 1583 de
1882 1523 2212 1584 communi
2252 1524 2452 1586 unius
2493 1526 2880 1606 confessoris
2919 1537 2982 1590 et
3085 1589 3087 1616 Ι

1751 1609 2100 1690 pontificis.
3085 1639 3087 1692 γ

1775 1701 1840 1774 ff
1884 1696 1970 1760 In
1999 1706 2223 1760 octava
2251 1708 2468 1761 sancte
2495 1700 2764 1780 agnetis.
2859 1705 2925 1768 A
2931 1703 2984 1766 d
3085 1739 3087 1752 ·

1765 1796 2058 1866 vesperas
2079 1785 2428 1867 antiphone
2450 1796 2512 1849 et
2525 1789 2787 1868 psalmi
2795 1791 2973 1869 feri-

1764 1872 1914 1936 ales.
1980 1871 2127 1953 Cap.
2201 1873 2334 1955 Qui
2365 1874 2705 1955 gloriatur.
2761 1877 2974 1957 Hym-

1765 1977 1890 2022 nus
1951 1961 2246 2042 Virginis
2284 1962 2519 2043 proles.
2614 1980 2661 2049 y
2711 1965 2973 2029 Diffusa

1764 2057 1881 2112 est.
1972 2047 2058 2110 In
2087 2069 2265 2112 evan.
2297 2057 2403 2113 ar‘i.
2497 2051 2709 2114 Beata
2741 2073 2961 2134 agnes,

1751 2143 1854 2216 ps'.
1907 2135 2314 2218 Magnificat.
2723 2141 2969 2205 Oratio.

1763 2225 2037 2353 Deus
2113 2225 2226 2306 qui
2305 2245 2428 2288 nos
2489 2246 2712 2289 annua
2774 2229 2970 2294 beate

1919 2313 2180 2392 agnetis
2271 2315 2582 2395 martyris
2674 2325 2792 2378 tue
2866 2337 2970 2379 so-

1761 2396 2084 2462 lennitate
2117 2399 2428 2464 letificas:
2462 2401 2550 2464 da
2574 2423 2967 2484 quesumus:

1760 2495 1836 2548 ut
1910 2506 2112 2568 quam
2203 2507 2597 2552 veneramur
2674 2491 2896 2566 officio
2947 2511 2965 2555 t

1760 2574 1964 2637 etiam
2011 2576 2120 2656 pie
2173 2578 2696 2640 conversationis
2728 2599 2967 2661 sequa-

1759 2681 1909 2724 mur
1981 2662 2314 2744 exemplo.
2406 2683 2524 2746 per
2595 2665 2962 2730 dominum.

1757 2749 2089 2812 Memoria
2135 2760 2212 2812 ut
2234 2761 2451 2832 supra.
2539 2753 2672 2816 Ad
2693 2755 2966 2818 matuti-

1759 2837 2196 2902 naanvitato.
2233 2839 2576 2903 Christum
2596 2841 2966 2906 dominum.

1742 2932 1842 3005 ps.
1921 2924 2179 2989 Venite.
2272 2926 2582 3006 Hymnus
2671 2929 2968 3010 Virginis

1759 3012 1993 3093 proles,
2086 3014 2219 3077 Ανῑ.
2288 3015 2577 3079 Discede
2607 3036 2648 3078 a
2681 3037 2810 3081 me.
2863 3026 2966 3098 ps'.

1761 3099 2053 3163 Domine
2125 3101 2439 3165 dominus
2514 3113 2759 3168 noster.
2869 3105 2974 3169 Et

1756 3188 1947 3250 ceteri
1977 3189 2230 3269 psalmi
2278 3191 2476 3253 unius
2523 3192 2822 3272 virginis
2845 3193 2970 3256 sub

1756 3273 1878 3338 ltac
1933 3276 2302 3358 anliphona.
2423 3295 2470 3364 y
2534 3279 2806 3343 Diffusa
2867 3290 2972 3345 det

1757 3364 1987 3444 gratia.
2667 3367 2898 3432 Lectio
2907 3370 2971 3452 j.

1757 3453 1854 3582 l
1867 3452 2044 3532 gitur
2117 3472 2266 3515 cum
2344 3463 2654 3535 parentes
2731 3468 2972 3520 sancte

1874 3541 2183 3620 agnetis:
2247 3540 2435 3622 cujus
2483 3552 2802 3607 octavum
2869 3545 2972 3607 di-

1755 3646 1862 3689 em
1925 3626 2126 3691 hodie
2200 3628 2668 3694 celebramus:
2750 3633 2970 3714 ipsius

1755 3715 2180 3796 sepulchrum
2259 3717 2605 3780 visitarent
2653 3739 2668 3783 :
2737 3721 2972 3784 medie

1757 3804 1974 3865 noctis
2033 3803 2299 3866 silentio
2376 3806 2690 3870 viderunt
2771 3829 2976 3871 exer-

1755 3892 1959 3953 citum
2007 3893 2378 3972 virginum:
2425 3892 2598 3956 inter
2651 3915 2828 3976 quas
2875 3897 2976 3960 vi-

1754 3980 1996 4042 derunt
2047 3979 2315 4042 beatam
2397 3991 2770 4062 agnetem:
2841 3985 2978 4048 vir-

1750 4067 1976 4149 ginem
2003 4089 2018 4128 :
2067 4077 2134 4130 et
2166 4069 2250 4130 ad
2283 4068 2634 4132 dexteram
2669 4071 2821 4152 ejus
2853 4093 2980 4154 ag·

1754 4175 1912 4218 num
1975 4155 2127 4219 nive
2184 4157 2658 4220 candidiorem.
2755 4159 2974 4242 Quod

1748 4244 2052 4306 videntes
2111 4252 2450 4326 stuporem
2513 4245 2974 4311 incurrebant.

1750 4331 1885 4396 Sed
1918 4331 2118 4395 beata
2141 4351 2345 4415 agnes
2365 4333 2540 4396 dixit
2567 4336 2970 4414 parentibus

1457 4461 1469 4490 ¹
1506 4473 1658 4525 opem
1681 4477 1693 4510 :
1730 4457 1948 4509 G.W.S.
