3117 4959
962 764 1700 861 APPENDIX
1791 768 1956 862 IV.

480 1107 909 1175 RUBRJCA
976 1110 1115 1173 DE
1176 1112 1865 1179 DEDICATIONE
1921 1114 2412 1183 ECCLESIE.

727 1304 859 1357 781

204 1403 379 1485 [Hoec
394 1406 669 1479 Rubn‘ca,
689 1428 817 1483 quoe
832 1409 1072 1467 nonnisi
1088 1410 1153 1467 in
1182 1410 1389 1468 Brevi-

200 1486 333 1543 ario
358 1486 437 1544 R.
466 1487 773 1559 invenitur,
804 1488 987 1547 locum
1029 1490 1095 1546 in
1134 1488 1245 1546 hac
1266 1490 1391 1563 Ap-

184 1564 425 1639 pendice
450 1563 695 1644 habeat]

201 1642 465 1701 Rubrica
505 1645 575 1701 de
590 1643 745 1717 festo
772 1644 1171 1703 Dedicatiomk
1196 1646 1402 1703 ecclesie

199 1728 255 1777 a
294 1724 423 1796 ejus
467 1724 680 1781 octavis
721 1724 888 1782 varie
918 1724 1363 1799 contingentibus
1378 1746 1401 1782 .·

202 1800 272 1857 de
318 1818 461 1858 novo
514 1803 818 1860 constituta
868 1804 1175 1861 secundum
1231 1821 1399 1861 usum

205 1879 620 1939 Eboracensem.

200 1959 521 2063 Festum
550 1978 690 2018 vero
718 1957 1113 2019 dedicationis
1152 1958 1401 2019 ecclesie

328 2053 563 2112 semper
613 2039 713 2097 fiet
766 2037 1069 2097 dominica
1136 2036 1403 2113 proxima

200 2125 339 2191 post
366 2116 991 2177 commemorationem
1022 2116 1209 2177 sancti
1232 2114 1403 2176 Pauli

199 2192 457 2269 apostoli
511 2192 785 2254 videlicet
840 2194 1163 2255 Dominica
1215 2194 1402 2270 prima

198 2270 425 2331 mensis
458 2272 612 2348 Julii.
697 2284 983 2350 tanquam
1028 2275 1251 2349 duplex
1292 2275 1403 2333 fes-

199 2361 331 2409 tum
378 2350 720 2427 principale.
830 2354 889 2411 N
894 2352 1269 2411 ichilominus
1321 2353 1401 2412 ad

196 2428 419 2506 primas
447 2448 721 2505 vesperas
746 2430 1140 2491 dedicationis
1160 2432 1263 2491 fiat
1278 2449 1401 2491 me-

198 2508 389 2567 moria
426 2508 503 2569 de
530 2509 685 2569 festo
713 2528 928 2569 novem
974 2510 1295 2571 lectionum
1338 2508 1400 2568 in

196 2588 453 2646 sabbato
506 2586 873 2664 contingenti
926 2600 985 2649 et
1046 2590 1124 2649 de
1190 2599 1403 2648 octava

196 2665 609 2741 apostolorum
654 2666 811 2727 Petri
838 2678 898 2727 et
928 2666 1110 2727 Pauli.
1198 2676 1243 2726 (l
1279 2668 1401 2728 Sed

196 2742 249 2803 si
276 2745 429 2803 forte
455 2743 653 2821 aliqua
680 2743 933 2805 ecclesia
972 2746 1085 2806 sita
1124 2746 1297 2806 fuerit
1337 2744 1400 2805 in

194 2822 446 2883 nomine
491 2822 740 2899 alicujus
784 2823 1011 2885 sancti:
1054 2836 1113 2884 et
1168 2825 1229 2883 in
1272 2824 1401 2885 sab-

192 2902 343 2960 bato
387 2902 601 2961 festum
644 2904 773 2979 ejus
812 2903 1073 2965 evenerit
1100 2914 1243 2963 tunc
1269 2922 1399 2964 ves·

194 2998 343 3055 pere
387 2978 449 3039 in
506 2982 755 3040 sabbato
808 2992 979 3043 erunt
1044 2983 1123 3043 de
1190 2993 1399 3043 sancto

195 3077 391 3135 usque
436 3058 515 3119 ad
562 3060 887 3137 capitulum
917 3061 1083 3137 quod
1130 3062 1211 3121 de
1246 3063 1397 3121 festo

195 3136 594 3197 dedicationis
638 3138 746 3199 erit
790 3158 926 3199 cum
982 3139 1267 3200 memoria
1318 3141 1397 3199 de

194 3227 425 3277 sanct0.
508 3226 553 3276 (ί
598 3218 660 3277 Si
704 3218 819 3277 tale
862 3219 1076 3279 festum
1119 3218 1183 3277 in
1238 3217 1400 3279 dicta

194 3292 503 3354 dominica
530 3296 839 3373 contigerit
862 3297 935 3355 In
956 3299 1127 3373 cujus
1156 3296 1397 3359 nomine

192 3373 450 3433 ecclesia
475 3375 723 3435 fundata
748 3374 919 3435 fuerit
944 3396 957 3434 z
1000 3385 1145 3434 tunc
1170 3374 1396 3439 ibidem

194 3452 519 3512 solenniter
546 3454 623 3513 de
652 3455 802 3514 sesto
851 3453 1263 3515 Dedicationis
1303 3465 1394 3514 to-

192 3542 325 3589 tum
380 3530 487 3590 erit
554 3530 854 3591 servitium
883 3555 896 3592 z
966 3543 1026 3593 et
1093 3532 1396 3593 differatur

188 3609 409 3667 festum
462 3609 653 3670 sancti
696 3610 755 3669 in
806 3610 1142 3671 crastinum.
1190 3623 1251 3671 et
1292 3611 1393 3672 die

189 3686 496 3747 dominica
558 3707 804 3764 vespere
868 3702 1040 3750 erunt
1098 3692 1175 3750 de
1229 3690 1395 3750 dedi-

188 3764 425 3827 oetione
478 3786 668 3844 usque
722 3769 802 3828 ad
854 3768 1177 3844 capitulum
1224 3770 1391 3845 quod

188 3842 301 3903 erit
344 3844 423 3905 de
464 3846 615 3905 festo
664 3845 853 3907 sancti
885 3869 898 3906 z
941 3866 1073 3906 cum
1104 3846 1393 3908 memoria

186 3923 268 3983 de
297 3923 690 3984 dedicatione.
762 3926 841 3985 Et
867 3924 928 3984 in
958 3927 1222 3986 secunda
1247 3925 1391 3987 feria

184 3999 239 4061 si
282 4002 401 4061 tale
442 4003 659 4063 festum
704 4003 1018 4082 contigerit
1070 4004 1386 4081 incipietur

184 4080 269 4139 ad
322 4079 646 4157 capitulum
702 4083 779 4142 de
822 4102 897 4143 eo
941 4082 1039 4143 die
1083 4082 1389 4143 dominica

186 4176 325 4217 cum
354 4160 641 4221 memoria
667 4161 745 4220 de
774 4162 927 4221 sesto
969 4159 1381 4222 dedicationis·

184 4245 231 4296 (l
268 4235 327 4296 Si
354 4248 556 4298 autem
585 4240 802 4300 festum
824 4258 1039 4301 novem
1061 4240 1385 4300 lectionum

183 4314 245 4373 in
315 4316 468 4376 festo
555 4317 948 4379 dedicationis
1028 4317 1339 4395 eontigerit
1370 4341 1383 4379 :

182 4392 486 4455 differatur
511 4395 573 4456 in
600 4394 919 4457 crastinum
941 4408 1001 4458 et
1022 4409 1157 4473 post
1174 4416 1381 4459 secun-

2010 1310 2164 1364 ‘782

1492 1411 1604 1469 das
1628 1430 1904 1487 vesperas
1931 1412 2324 1474 dedicationis
2353 1416 2452 1475 fiat
2469 1434 2692 1477 memo-

1498 1488 1584 1547 ria
1609 1490 1688 1549 de
1715 1491 1867 1550 festo
1896 1509 2114 1550 novem
2155 1492 2474 1552 lectionum
2516 1504 2576 1555 et
2616 1496 2696 1555 de

1499 1568 1724 1627 octavis
1765 1568 2020 1644 apostoli
2049 1568 2097 1629 si
2125 1568 2276 1629 infra
2301 1582 2540 1632 octavas
2568 1574 2694 1634 fue·

1496 1644 1585 1703 rit.
1673 1648 2027 1722 Eodemque
2075 1650 2258 1709 modo
2291 1650 2393 1709 fiat
2431 1652 2510 1711 de
2545 1653 2700 1712 sesto

1497 1741 1716 1784 novem
1783 1724 2107 1785 lectionum
2187 1726 2238 1785 si
2303 1727 2368 1785 in
2439 1729 2698 1791 crastino

1501 1801 1762 1862 evenerit
1789 1824 1802 1861 :
1857 1814 2056 1862 tamen
2099 1803 2149 1863 si
2187 1804 2315 1865 dies
2354 1817 2698 1867 octavarum

1498 1882 1904 1957 apostolorum
1958 1880 2022 1940 in
2075 1882 2377 1943 dominica
2437 1886 2699 1947 evenerit

1499 1958 1854 2036 anticipetur
1893 1959 2190 2019 servitium
2235 1962 2493 2039 ipsarum
2533 1976 2696 2024 octa-

1500 2057 1704 2097 varum
1746 2049 1803 2099 et
1845 2042 1946 2098 fiat
1971 2038 2070 2099 die
2098 2041 2328 2101 sabbati
2355 2043 2700 2117 precedenti

1501 2134 1640 2175 cum
1667 2136 1881 2177 novem
1911 2116 2266 2179 lectionibus
2283 2130 2344 2179 et
2370 2122 2450 2179 ad
2477 2121 2697 2196 primas

1502 2214 1774 2271 vesperas
1840 2196 2233 2257 dedicationis
2299 2200 2400 2258 fiat
2468 2210 2698 2260 tantum

1500 2274 1790 2334 memoria
1855 2276 1932 2335 de
1999 2275 2222 2335 octavis
2273 2280 2693 2353 apostolorum.

1503 2354 1561 2411 N
1567 2370 1648 2412 on
1675 2352 2020 2414 omittantur
2056 2355 2338 2415 memorie
2368 2357 2444 2417 de
2471 2356 2698 2418 octavis

1499 2433 1906 2508 apostolorum
1934 2431 2082 2492 infra
2109 2444 2348 2494 octavas
2375 2437 2698 2497 eorundem

1500 2512 1595 2569 vel
1639 2511 1718 2570 de
1763 2510 1988 2570 octavis
2017 2512 2206 2571 sancti
2232 2513 2524 2588 Johannis
2550 2517 2698 2591 bap-

1500 2588 1638 2649 tiste
1693 2588 1816 2649 sive
1869 2591 1948 2650 de
1999 2589 2255 2650 martino
2307 2609 2590 2665 processo
2639 2602 2699 2652 et

1500 2666 1854 2727 martiniano
1881 2668 2110 2727 infesto
2139 2667 2529 2729 dedicationis
2555 2688 2698 2731 con-

1499 2746 1878 2822 tingentibus·
1965 2755 2010 2805 (Ι
2046 2746 2548 2823 Quandocunque
2593 2766 2696 2807 au-

1498 2836 1622 2885 tem
1675 2823 1890 2884 dicitur
1941 2825 2020 2883 de
2071 2824 2274 2900 aliquo
2329 2825 2480 2885 sesto
2548 2824 2697 2886 infra

1498 2914 1738 2963 octavas
1766 2901 2161 2963 dedicationis
2208 2902 2331 2963 sive
2370 2904 2544 2963 fuerit
2585 2906 2694 2964 du-

1498 2982 1636 3058 plex
1675 2980 1798 3041 sive
1845 2980 2094 3057 simplex
2111 3000 2326 3041 novem
2371 2981 2696 3042 lectionum

1497 3078 1707 3121 omnes
1733 3058 2005 3120 versiculi
2033 3070 2092 3119 et
2130 3060 2533 3135 Responsoria
2565 3064 2696 3123 Ho-

1496 3137 1641 3198 ralia
1666 3138 1938 3199 dicantur
1956 3137 2322 3198 alleluiatice.
2388 3148 2433 3198 (ί
2466 3139 2528 3199 si
2555 3160 2696 3202 vero

1496 3216 1646 3276 infra
1687 3227 1928 3276 octavas
1970 3218 2372 3293 apostolorum
2403 3218 2495 3277 vel
2524 3218 2694 3278 dedi-

1496 3294 1747 3355 cationis
1773 3296 1890 3356 tale
1917 3296 2130 3355 festum
2158 3296 2376 3371 duplex
2405 3307 2470 3355 ut
2503 3297 2696 3371 predi-

1495 3373 1648 3435 citur
1690 3374 2002 3451 contigerit
2041 3384 2234 3435 totum
2279 3375 2379 3434 fiat
2421 3376 2502 3435 de
2544 3378 2695 3436 festo

1494 3450 1761 3530 duplici:
1805 3470 1942 3513 eum
1970 3452 2256 3513 memoria
2291 3454 2370 3511 de
2411 3452 2695 3531 apostolis

1494 3544 1555 3592 et
1584 3532 1663 3591 de
1692 3530 2074 3591 dedicatione
2099 3532 2180 3591 ad
2207 3530 2525 3593 matutinas
2555 3532 2692 3593 mis-

1494 3629 1622 3669 sam
1641 3622 1701 3671 et
1718 3622 1995 3687 utrasque
2012 3629 2304 3688 vesperas,
2350 3620 2394 3670 «Ι
2432 3612 2694 3687 Quando

1492 3708 1636 3749 vero
1663 3691 1878 3750 festum
1918 3708 2134 3750 novem
2175 3688 2498 3750 lectionum
2544 3689 2696 3751 infra

1492 3778 1735 3827 octavas
1802 3766 2197 3828 dedicationis
2276 3780 2476 3828 tamen
2553 3779 2694 3829 ante

1492 3845 1654 3906 diem
1704 3856 2048 3906 octavarum
2091 3848 2496 3922 apostolorum
2550 3864 2692 3906 con-

1491 3924 1728 4001 tigerit:
1798 3926 1900 3983 fiat
1953 3927 2032 3984 de
2084 3926 2236 3983 festo
2289 3943 2426 3984 cum
2481 3922 2692 3984 mediis

1490 4001 1850 4064 lectionibus
1877 4004 1954 4061 de
1979 4002 2265 4078 apostolis
2308 4013 2366 4062 et
2407 4002 2696 4063 memoria

1489 4082 1568 4141 de
1599 4080 1684 4142 eis
1715 4092 1774 4141 et
1799 4079 2198 4141 dedicatione.
2245 4091 2304 4139 et
2351 4081 2431 4141 ad
2474 4080 2692 4157 primas

1486 4179 1767 4237 vesperas
1828 4158 2018 4218 sancti
2083 4176 2300 4217 novem
2367 4158 2689 4219 lectionum

1489 4238 1770 4299 dicuntur
1835 4236 2165 4313 antiphone
2235 4247 2294 4295 et
2345 4236 2558 4312 psalmi
2613 4238 2694 4300 de

1488 4316 1778 4393 apostolis
1807 4315 1958 4376 sicut
1984 4314 2049 4374 in
2076 4314 2238 4375 festis
2265 4312 2416 4374 infra
2454 4327 2695 4377 octavas

1480 4396 1880 4472 apostolorum
1904 4392 2382 4471 contingentibus
2399 4406 2691 4456 notantur.
