3117 4959
1288 255 1390 310 IN
1434 255 1977 314 COMMEMORA
1991 255 2249 312 TIONE

947 411 961 424 .
1040 363 1179 418 661

678 469 831 535 edet
864 469 1199 534 animam¹
1230 467 1365 533 vite
1392 489 1577 533 mee:
1609 467 1708 532 di-

678 559 945 622 mittam
1006 557 1356 621 adversum
1408 577 1516 621 me
1571 557 1706 620 elo-

512 647 743 729 quium
792 665 1032 710 meum.
1128 645 1397 728 Loquar
1426 646 1493 708 in
1524 665 1708 709 ama-

512 736 797 799 ritudine
826 734 1049 797 anime
1080 753 1265 797 mee:
1312 733 1532 797 dicam
1580 733 1711 796 deo

514 823 651 887 noli
728 842 837 886 me
911 821 1371 886 condemnare.
1476 822 1709 884 Indica

514 910 679 974 mihi
707 931 722 974 :
752 929 871 972 cur
900 929 1008 972 me
1040 909 1134 972 ita
1159 909 1471 992 judices?
1517 909 1708 971 Nun-

515 1000 676 1082 quid
719 998 969 1061 bonum
1018 996 1142 1061 tibi
1194 997 1457 1060 videtur
1502 997 1556 1059 si
1601 1015 1712 1060 ca-

515 1085 948 1168 lumpnieris²
1004 1093 1072 1149 et
1116 1086 1455 1167 opprimas
1530 1103 1640 1148 me
1693 1103 1710 1149 z

514 1193 685 1258 opus
735 1191 1054 1237 manuum
1104 1181 1368 1236 tuarum
1424 1180 1493 1236 et
1550 1191 1712 1234 con-

514 1261 737 1326 silium
772 1262 1123 1343 impiorum
1150 1260 1471 1342 adjuves?
1520 1259 1710 1322 Nun-

517 1351 679 1432 quid
710 1349 883 1413 oculi
914 1349 1136 1412 carnei
1178 1349 1301 1412 tibi
1324 1356 1543 1412 sunt:
1593 1355 1711 1411 aut

516 1439 687 1503 sicut
744 1437 929 1501 videt
990 1435 1196 1500 homo
1257 1445 1325 1500 et
1395 1444 1469 1500 tu
1526 1434 1712 1498 vide·

518 1525 635 1590 bis.
732 1525 1055 1608 Nunquid
1086 1525 1255 1588 sicut
1302 1523 1446 1587 dies
1497 1522 1714 1586 homi-

520 1614 622 1677 nis
676 1613 817 1676 dies
867 1614 1009 1677 tui:
1054 1621 1124 1676 et
1177 1612 1333 1676 anni
1384 1610 1481 1675 tui
1540 1611 1714 1674 sicut

518 1701 813 1764 humana
886 1708 1042 1764 sunt
1114 1699 1476 1782 tempora?
1615 1699 1715 1763 Ut

519 1808 759 1872 queras
818 1787 1235 1871 iniquitatem
1298 1806 1519 1851 meam
1560 1807 1578 1851 ε
1645 1795 1715 1849 et

518 1885 867 1960 peccatum
889 1896 1110 1940 meum
1136 1875 1441 1939 scruteris
1460 1882 1529 1938 et
1546 1874 1716 1938 scias

521 1966 680 2048 quia
726 1963 887 2028 nihil
942 1965 1219 2046 impium
1262 1963 1527 2027 fecerim
1562 1981 1712 2025 cum

519 2054 608 2116 sit
640 2071 838 2116 nemo
867 2053 983 2134 qui
1014 2052 1099 2114 de
1124 2071 1325 2114 manu
1356 2059 1473 2114 tua
1504 2051 1716 2132 possit

521 2159 775 2206 eruere..
853 2139 967 2203 Re.
1016 2139 1149 2222 Qui
1183 2139 1471 2203 lazarum
1505 2157 1718 2201 resus-

522 2227 740 2291 citasti
772 2245 813 2288 a
844 2237 1277 2291 monumento
1323 2227 1603 2290 fetidum
1642 2235 1714 2289 tu

522 2317 617 2378 eis
664 2314 935 2377 domine
977 2314 1155 2378 dona
1202 2317 1517 2396 requiem.
1625 2313 1718 2378 Et

522 2402 743 2466 locum
776 2401 1204 2484 indulgentie.
1281 2419 1329 2489 γ
1384 2403 1714 2486 Requiem

521 2501 819 2554 eternam
871 2491 1053 2554 dona
1102 2491 1197 2554 eis
1242 2490 1530 2554 domine.
1627 2489 1716 2553 Et

524 2579 763 2644 locum.
1374 2578 1590 2641 Lectio
1621 2577 1717 2659 ἰῇ.

736 2685 903 2730 anus
942 2673 1057 2731 tue
1104 2667 1374 2730 domine
1422 2666 1718 2730 fecerunt

736 2774 845 2817 me
875 2763 944 2817 et
974 2753 1467 2836 plasmaverunt
1490 2774 1598 2816 me
1615 2762 1720 2817 to·-

524 2851 669 2906 tum
713 2842 778 2904 in
825 2842 1142 2906 circuitu:
1188 2851 1255 2906 et
1304 2843 1397 2906 sic
1446 2849 1718 2924 repente

523 2929 879 3012 precipitas
912 2950 1035 2993 me.
1100 2930 1448 2996 Memento
1478 2949 1719 3012 queso:

526 3019 706 3099 quod
734 3017 903 3081 sicut
934 3018 1147 3081 lutum
1182 3018 1413 3081 facetis
1446 3038 1553 3081 me
1590 3037 1606 3081 ε
1652 3027 1721 3082 et

526 3105 592 3167 in
626 3105 961 3186 pulverem
995 3108 1269 3169 reduces
1294 3125 1415 3171 me.
1477 3105 1720 3169 Nonne

526 3194 697 3256 sicut
744 3191 845 3256 lac
896 3193 1177 3257 mulsisti
1229 3213 1375 3258 me:
1420 3202 1489 3257 et
1550 3194 1722 3257 sicut

527 3299 793 3345 caseum
826 3300 933 3344 me
964 3280 1347 3364 coagulasti.
1442 3281 1624 3345 Pelle
1655 3289 1722 3344 et

525 3368 831 3433 carnibus
874 3370 1129 3432 vestisti
1192 3389 1343 3434 me:
1410 3370 1669 3432 ossibus
1696 3368 1724 3407 ⁸

526 3464 596 3518 et
626 3456 842 3518 nervis
872 3457 1265 3538 compegisti
1298 3477 1423 3521 me.
1492 3457 1721 3520 Vitam

526 3553 596 3607 et
626 3543 1144 3606 misericordiam
1178 3545 1464 3608 tribuisti
1514 3545 1678 3608 mihi
1709 3566 1724 3609 z

527 3640 596 3694 et
624 3628 916 3694 visitatio
960 3640 1079 3694 tua
1129 3633 1487 3696 custodivit
1532 3632 1721 3714 spiri-

524 3729 669 3783 tum
696 3737 938 3782 meum.
985 3718 1098 3782 Re.
1132 3720 1422 3784 Domine
1452 3719 1725 3803 quando

522 3807 783 3873 veneris
808 3806 1106 3888 judicare
1136 3817 1381 3870 terram
1410 3829 1426 3873 ι
1472 3808 1584 3871 ubi
1617 3827 1724 3872 me

526 3895 935 3962 abscondam
970 3915 1011 3958 a
1038 3895 1227 3959 vultu
1252 3897 1346 3959 ire
1368 3905 1499 3960 tue.
1546 3896 1727 3979 Quia

526 3985 794 4069 peccavi
858 3983 1059 4046 nimis
1112 3985 1177 4047 in
1228 3985 1367 4047 vita
1418 4004 1585 4046 mea.
1678 4001 1726 4071 γ

527 4071 904 4139 Commissa
936 4092 1086 4134 mea
1117 4091 1417 4155 pavesco,
1469 4080 1536 4134 et
1568 4082 1726 4135 ante

524 4172 594 4226 te
626 4160 941 4224 erubesco
960 4161 1121 4223 dum
1147 4161 1400 4224 veneris
1425 4159 1724 4241 judicare

528 4248 663 4312 noli
696 4267 804 4312 mc
836 4249 1293 4313 condemnare.
1364 4248 1541 4332 Quia
1573 4267 1728 4330 pec-

861 4383 874 4413 ¹
915 4381 1142 4431 ‘meam’
1166 4381 1303 4432 add:
1340 4383 1462 4432 R.S.

857 4449 879 4479 ²
911 4446 1265 4498 calumnierisa
1300 4449 1515 4500 W.R.S.

2314 362 2476 417 662

1811 469 1973 534 cavi.
2081 469 2282 532 Istud
2334 467 2824 550 Responsa-ium
2883 489 2954 532 se-

1805 577 2004 640 quens
2032 558 2222 622 tertio
2267 557 2393 621 loco
2437 556 2704 620 debatur
2741 565 2956 619 tantum

1809 647 1880 708 in
1910 644 2018 708 die
2042 644 2439 709 animarum.
2506 644 2620 708 Re.
2661 644 2960 709 Memento
3026 667 3029 702 ε

1808 753 2016 816 queso
2040 734 2346 797 domine:
2373 733 2560 815 quod
2591 733 2760 796 sicut
2786 731 2961 795 lutum

1806 821 2041 886 feceris
2083 840 2229 885 me:
2273 831 2342 886 et
2393 823 2462 884 in
2517 819 2848 903 pulverem
2885 840 2963 883 re-

1807 910 2012 973 duces
2088 928 2215 974 me.
2351 909 2598 973 Nonne
2660 909 2824 971 sicut
2885 908 2966 972 lac

1811 996 2092 1062 mulsisti
2157 1017 2267 1060 me
2315 1017 2331 1061 ε
2375 1007 2444 1060 et
2504 997 2681 1060 sicut
2739 1014 2963 1059 caseum

1811 1105 1922 1149 me
1953 1084 2320 1168 coagulasti
2349 1105 2364 1148 :
2397 1083 2574 1167 pelle
2601 1092 2676 1148 et
2703 1082 2967 1148 carnibus

1805 1174 2030 1237 vetisti
2061 1192 2168 1236 mc
2199 1173 2458 1236 ossibus
2489 1181 2560 1236 et
2577 1172 2794 1236 nervis
2820 1190 2967 1235 com·

1806 1259 2052 1343 pegisti
2114 1280 2238 1325 me.
2327 1277 2370 1346 γ
2422 1260 2828 1324 Convertere
2875 1260 2970 1323 do·

1811 1349 1992 1412 mine
2019 1358 2406 1413 convertere
2425 1358 2493 1412 et
2511 1350 2700 1430 eripe
2718 1348 2968 1412 animam

1812 1455 2074 1500 meam:
2119 1436 2378 1499 salvum
2421 1456 2532 1500 me
2579 1436 2692 1500 fac
2741 1445 2971 1518 propter

1813 1524 2330 1588 misericordiam
2405 1533 2616 1589 tuam.
2757 1524 2972 1586 Nonne.

1815 1613 1967 1676 Non
1999 1611 2426 1692 reirmpiatur
2439 1611 2722 1694 aliquod
2739 1611 2971 1693 Rapo:-

1810 1700 2062 1762 sorium
2091 1699 2232 1762 nisi
2271 1719 2511 1763 nonum
2557 1709 2836 1763 tantum.
2911 1697 2974 1760 In

1811 1787 2082 1851 secundo
2147 1797 2453 1851 nocturno
2511 1796 2624 1851 ar‘t’.
2723 1787 2802 1849 In
2861 1785 2974 1848 loco

1815 1895 2060 1958 pascue
2121 1873 2214 1938 ibi
2273 1895 2382 1938 me
2441 1875 2816 1939 collocavit.
2899 1881 2977 1954 pi.

1818 1962 2150 2026 Dominus
2211 1963 2396 2045 regit.
2531 1964 2594 2025 A
2609 1973 2674 2027 ivi.
2754 1961 2978 2024 Delicta

1807 2051 2177 2134 juventutis
2237 2071 2388 2114 mee
2458 2059 2528 2114 et
2607 2050 2981 2132 ignorantias

1817 2159 2002 2202 meas
2031 2159 2116 2202 ne
2149 2139 2526 2201 memineris
2554 2139 2848 2203 domine.
2899 2145 2981 2217 pi.

1815 2226 1932 2290 Ad
1966 2235 2034 2290 te
2060 2226 2331 2290 domine
2350 2227 2578 2290 levavi.
2629 2229 2772 2291 Aa.
2803 2225 2985 2292 Credo

1815 2313 2043 2378 videre
2074 2315 2251 2378 bona
2282 2315 2538 2378 domini
2586 2315 2660 2377 in
2709 2327 2878 2378 terra
2915 2313 2986 2374 vi-

1815 2403 2135 2466 ventium.
2184 2411 2289 2484 pf.
2324 2403 2666 2466 Dominus
2689 2402 2986 2466 illumina-

1816 2491 1930 2554 tio,
1977 2507 2026 2575 γ
2074 2490 2138 2554 N
2143 2511 2180 2552 e
2210 2491 2436 2554 tradas
2468 2491 2728 2554 bestiis.
2795 2491 2874 2554 L.
2895 2489 2988 2570 iitj.

1817 2579 2261 2710 Responde
2291 2579 2452 2642 mihi
2484 2589 2783 2660 quantas
2809 2577 2990 2641 habeo

1965 2666 2352 2748 iniquitates
2371 2676 2438 2729 et
2469 2677 2762 2748 peccata
2783 2666 2992 2730 scelera

1821 2773 1972 2817 mea
2001 2763 2206 2835 atque
2237 2755 2480 2818 delicta
2525 2756 2820 2819 ostende
2848 2752 2990 2816 mihi.
3027 2749 3029 2758 '

1823 2841 1961 2906 Cur
2012 2841 2248 2906 faciem
2311 2851 2498 2905 tuam
2547 2843 2910 2906 abscondis
2943 2853 2990 2902 et

1820 2930 2158 2993 arbitraris
2221 2950 2326 2993 me
2380 2931 2738 2994 inimicum
2787 2929 2988 2994 tuum?

1824 3017 2078 3082 Contra
2107 3017 2340 3081 folium
2373 3019 2555 3101 quod
2586 3028 2810 3083 vento
2859 3017 2988 3100 rapi-

1821 3113 1931 3168 tur
1958 3106 2256 3169 ostendis
2287 3107 2670 3188 potentiam
2703 3113 2987 3170 tuamzet

1822 3194 2138 3276 stipulam
2221 3194 2466 3258 siccam
2545 3191 2988 3278 persequeris?

1825 3280 2075 3345 Scribis
2105 3281 2282 3346 enim
2303 3291 2534 3346 contra
2567 3303 2687 3346 me
2721 3283 2988 3348 amaritu-
3027 3335 3029 3340 .

1821 3371 2052 3433 dines:
2125 3379 2194 3432 et
2252 3389 2646 3434 consumere
2725 3392 2838 3436 me
2887 3365 3029 3433 vis*

1823 3457 2112 3540 peccatis
2158 3457 2606 3521 adolescentie
2643 3480 2820 3524 mee.
2907 3459 2988 3520 Po-
3023 3441 3029 3588 i

1823 3545 2013 3609 suisti
2046 3546 2112 3608 in
2147 3565 2351 3609 nervo
2398 3546 2650 3628 pedem
2711 3567 2924 3612 meum
2945 3553 2992 3606 et
3025 3591 3029 3632 Ξ

1825 3633 2193 3697 observasti
2223 3653 2458 3698 omnes
2485 3635 2780 3700 semitas
2811 3651 2991 3699 meas:
3024 3633 3029 3742 1

1825 3731 1894 3785 et
1926 3721 2205 3802 vestigia
2249 3722 2498 3804 pedum
2533 3742 2848 3787 meorum
2877 3740 2988 3786 con-
3026 3753 3029 3766 =

1826 3809 2146 3873 sidet-asti.
2262 3810 2396 3893 Qui
2473 3812 2670 3892 quasi
2755 3809 2992 3894 putredo

1827 3897 2318 3962 consumendus
2389 3919 2540 3962 sum
2582 3919 2600 3962 :
2697 3911 2776 3964 et
2847 3893 2992 3981 quani

1825 3987 2298 4049 vestimentum
2342 3987 2524 4067 quod
2568 3989 2940 4052 comeditur
2963 4003 2992 4044 a

1825 4073 2026 4137 tinea.
2116 4072 2232 4137 Re.
2308 4074 2466 4138 Heu
2529 4075 2700 4138 mihi
2768 4075 2988 4140 domine
3026 4091 3029 4124 1

1827 4161 1986 4242 quia
2017 4161 2282 4243 peccavi
2333 4163 2535 4226 nimis
2566 4163 2638 4226 in
2669 4166 2818 4228 vita
2847 4179 2990 4226 men:

1827 4248 1990 4332 quid
2051 4248 2290 4313 faciam
2339 4251 2542 4314 miser
2602 4252 2722 4316 ubi
2789 4251 2988 4334 fugiam

2201 4386 2221 4416 ⁸
2253 4383 2459 4435 esibus:
2495 4385 2563 4438 R.

2210 4450 2494 4502 ⁴viis=R.
2957 4461 3030 4936 1
