3117 4959
1447 258 1554 315 IN
1590 256 1861 313 FESTO

951 370 1072 426 141

433 476 740 542 clamidis
765 482 1147 539 sanctorum
1183 474 1441 539 animos
1470 494 1631 537 con-

440 566 724 628 fortare:
791 584 979 646 spem
1043 563 1484 645 promittens:
1562 570 1632 624 et

441 653 721 735 gloriam
770 653 1085 733 consequi
1139 651 1633 753 sempiternam.

444 750 547 822 ps,
612 740 943 802 Dominus
990 739 1306 820 regnavit.
1375 759 1481 801 an.
1561 736 1635 802 Si

447 849 574 930 ego
598 847 791 890 verus
826 826 1072 890 Christi
1092 846 1320 889 servus
1347 846 1534 888 sum:
1568 832 1637 888 et

449 917 504 979 si
535 936 690 978 vera
723 924 877 977 sunt
910 916 1177 977 omnia:
1223 933 1354 995 que
1401 934 1490 975 ex
1524 932 1639 974 ore

452 1023 603 1065 meo
635 1002 755 1065 hec
811 1002 1046 1065 mulier
1103 1002 1358 1064 audivit
1405 1010 1473 1064 et
1501 1019 1641 1063 cre-

455 1091 665 1155 didit:
712 1091 968 1172 aperiat
999 1108 1074 1152 os
1129 1088 1274 1169 ejus
1324 1089 1440 1170 qui
1483 1108 1641 1166 ape-

455 1180 583 1241 ruit
604 1198 678 1241 os
703 1176 998 1241 zacharie
1020 1176 1343 1259 prophete
1361 1175 1639 1238 domini,

442 1276 544 1348 pf.
590 1265 900 1347 Jubilate.
965 1266 1097 1329 An.
1176 1264 1293 1326 Ad
1325 1263 1494 1326 hanc
1526 1283 1642 1325 vo-

460 1374 608 1417 cem
643 1353 887 1419 Christi
919 1352 1228 1434 martyris
1280 1351 1638 1413 sebastiani

459 1442 636 1505 illico
709 1450 1012 1523 apertum
1089 1448 1190 1502 est
1263 1459 1340 1501 os
1415 1439 1643 1501 uxoris

462 1529 862 1593 nichostrati.
895 1536 996 1609 pf,
1047 1527 1232 1590 Deus
1253 1526 1414 1589 deus
1436 1545 1639 1589 meus,

461 1618 594 1681 An',
680 1617 815 1680 Zoe
845 1635 1020 1679 uxor
1047 1613 1434 1678 nichostrati
1467 1614 1645 1677 dixit

463 1705 662 1768 beato
692 1704 1111 1767 sebastiano:
1158 1702 1391 1765 beatus
1422 1721 1492 1763 es
1523 1710 1597 1763 tu
1628 1722 1643 1764 :

463 1801 532 1855 et
569 1792 954 1855 benedictus
985 1810 1203 1853 sermo
1234 1790 1364 1852 oris
1395 1790 1509 1853 tui.
1539 1796 1643 1870 pf.

467 1880 861 1943 Benedicite,
990 1886 1094 1941 an,
1211 1876 1645 1941 Sebastianus

463 1969 642 2030 dixit
674 1968 757 2029 ad
792 1965 1267 2029 nichostratum
1295 1986 1308 2028 :
1355 1964 1645 2027 salvator

465 2064 688 2118 noster
711 2075 831 2136 pro
855 2053 1308 2135 peccatoribus
1327 2053 1641 2133 dignatus

465 2152 568 2206 est
597 2162 786 2205 suam
847 2139 1164 2204 exhibere
1217 2140 1640 2221 presentiam.

447 2238 549 2312 pf.
600 2229 920 2293 Laudate.
973 2228 1122 2309 Cap.
1174 2227 1440 2290 Reddet
1459 2227 1640 2291 deus,

463 2318 786 2397 Hymnus.
879 2317 1034 2379 Rex
1079 2314 1364 2396 gloriose
1396 2323 1645 2395 mart-y-

463 2426 627 2469 rum.
673 2422 720 2491 γ
764 2403 935 2486 Justi
969 2411 1210 2466 autem,
1241 2403 1325 2465 In
1347 2401 1646 2483 evanglio

463 2514 568 2557 an.
688 2493 934 2556 Beatus
995 2510 1106 2553 es:
1164 2498 1233 2554 et
1289 2491 1458 2553 bene
1522 2490 1643 2552 tibi

463 2582 586 2645 erit
618 2581 902 2661 egregie·
913 2588 1166 2660 martyr
1225 2577 1641 2641 sebastiane:

465 2670 624 2750 quia
671 2687 824 2730 cum
887 2676 1134 2729 sanctis
1163 2665 1526 2747 gaudebis:
1574 2674 1641 2728 et

460 2777 614 2819 cum
665 2754 916 2837 angelis
965 2752 1299 2817 exultabis
1348 2754 1414 2815 in
1477 2762 1644 2815 eter-

462 2864 640 2907 num,
705 2852 817 2923 pf.
911 2841 1324 2905 Benedictus,
1397 2840 1645 2905 Oratio,

463 2930 946 2996 Infirmitatem.
989 2929 1162 2993 Alia
1189 2927 1412 2992 oratio.
1460 2928 1648 2991 Deus

462 3021 574 3103 qui
630 3020 900 3083 beatum
950 3016 1419 3081 sebastianum.
1527 3016 1653 3079 Ad

459 3108 656 3171 horas
727 3107 1077 3188 antiphone
1149 3104 1227 3166 de
1321 3102 1641 3167 latcszbus

468 3194 689 3262 Cetera
740 3196 821 3259 de
845 3192 1171 3257 communi
1197 3190 1642 3291 plurimorum

459 3293 828 3363 martyrum
857 3302 1002 3343 cum
1033 3279 1332 3343 oratione.

454 3372 555 3502 l
577 3369 1006 3433 nfirmitatem
1055 3376 1349 3429 nostram
1393 3366 1643 3448 respice

577 3458 1001 3539 omnipotens
1082 3455 1286 3517 deus:
1363 3463 1430 3516 et
1481 3455 1641 3537 quia

458 3545 723 3627 pondus
754 3544 1017 3626 proprie
1049 3542 1328 3605 actionis
1358 3550 1638 3622 gravat,

454 3634 800 3696 beatorum
901 3639 1264 3710 martyrum
1373 3638 1635 3691 tuorum

451 3721 700 3785 fabiani
775 3726 843 3781 et
903 3716 1262 3781 sebastiani
1325 3715 1639 3779 interces-

447 3810 546 3871 sio
591 3807 882 3889 gloriosa
929 3825 1048 3868 nos
1091 3811 1417 3887 protegat,
1513 3803 1637 3867 Per

444 3897 813 3960 dominum.

443 3989 510 4062 (Ι
543 3984 778 4047 Sancte
797 3980 1049 4063 agnetis
1066 3978 1351 4062 virginis
1365 3987 1430 4041 et
1456 3998 1633 4041 mar-

439 4072 624 4174 tyrts.
716 4072 777 4134 A
788 4070 841 4133 d
865 4081 1162 4151 vesperas
1188 4089 1296 4131 an.
1389 4066 1636 4131 Sebas-

431 4160 670 4223 tianus,
748 4168 814 4220 et
883 4167 1074 4219 cetere
1143 4152 1494 4235 antiphone
1553 4155 1633 4217 de

425 4246 736 4311 laudabus
751 4266 896 4308 cum
931 4243 1221 4326 psalmts
1233 4242 1627 4326 serialtbus.

645 4421 665 4489 J
707 4418 834 4471 ‘eta’
861 4419 991 4468 add:
1030 4418 1087 4467 G.

1465 4416 1485 4446 ²
1516 4416 1756 4481 papulum
1779 4436 1793 4469 ε
1829 4419 1910 4474 W,

2264 370 2403 424 142

1743 472 1890 555 Cap.
1942 472 2077 556 Qui
2121 475 2462 557 gloriatur.
2510 475 2625 539 Re.
2676 442 2943 539 Dexte-

1738 583 1879 626 ram
1902 572 2089 626 tuam
2112 584 2353 627 meam.
2400 563 2603 642 Hym.
2636 564 2941 645 Virginis

1741 651 1976 733 proles,
2022 668 2069 737 γ
2105 651 2365 715 Diffusa
2395 660 2511 714 est.
2558 652 2645 713 In
2666 671 2941 733 evange-

1736 739 1828 801 lio
1858 740 1990 801 An.
2085 740 2294 802 Beata
2344 760 2549 821 agnes
2596 739 2663 801 in
2714 740 2940 801 medio

1738 826 2157 889 flammarum
2232 828 2546 908 expansis
2624 827 2939 890 manibus

1739 914 2007 977 orabat:
2028 924 2095 977 te
2108 915 2815 997 deprecorvenerande
2829 934 2938 977 co-

1742 1002 1939 1066 lende
1973 1012 2163 1085 pater
2187 1004 2577 1067 metuende:
2624 1002 2786 1084 quia
2819 1021 2939 1084 per

1740 1100 2047 1153 sanctum
2074 1090 2281 1153 filium
2302 1100 2493 1154 tuum
2514 1090 2733 1153 minas
2750 1090 2936 1153 evasi

1740 1178 2044 1259 sacrilegi
2094 1178 2361 1259 tyranni
2394 1188 2462 1241 et
2493 1177 2709 1240 carnis
2742 1197 2936 1259 spur-

1743 1267 1941 1329 cicias
1962 1266 2394 1329 immaculato
2424 1265 2589 1329 calle
2613 1266 2891 1328 transivi
2916 1287 2937 1330 :

1742 1362 1811 1416 et
1888 1372 2040 1417 ecce
2114 1354 2309 1416 venio
2384 1353 2467 1416 ad
2544 1362 2651 1416 te:
2726 1372 2935 1434 quem

1744 1442 2002 1505 amavi:
2090 1461 2289 1523 quem
2351 1441 2647 1523 quesivi:
2724 1460 2937 1522 quem

1744 1548 2008 1611 semper
2082 1529 2326 1613 optavi.
2419 1536 2520 1610 pf.
2616 1528 2937 1610 Magnifi-

1740 1626 1867 1679 cat.
2672 1616 2935 1681 Oratio.

1752 1704 2259 1839 Omnipotens
2284 1704 2685 1787 sempiterne
2715 1703 2887 1767 deus
2916 1725 2937 1768 :

1877 1794 1988 1873 qui
2022 1792 2281 1856 infirma
2328 1792 2557 1855 mundi
2618 1792 2811 1873 eligis
2860 1801 2941 1855 ut

1742 1879 1939 1943 fortia
1996 1900 2261 1963 queque
2312 1879 2723 1943 confundas:
2770 1900 2937 1943 con-

1740 1968 1904 2030 cede
1972 1968 2335 2052 propitius:
2410 1978 2483 2031 ut
2556 1968 2668 2049 qui
2730 1967 2937 2031 beate

1742 2056 2005 2136 agnetis
2066 2056 2375 2136 martyris
2434 2063 2549 2118 tue
2624 2055 2935 2118 solennia

1740 2142 2053 2207 colimus:
2094 2143 2237 2224 ejus
2264 2142 2440 2224 apud
2467 2151 2536 2205 te
2560 2144 2935 2224 patrocinia

1740 2231 2122 2294 sentiamus,
2260 2230 2387 2293 Per
2532 2231 2933 2294 dominum,¹

1742 2318 2072 2381 Memoria
2120 2318 2201 2382 de
2249 2318 2499 2381 sanctis
2547 2317 2833 2398 fabiano
2872 2328 2941 2380 et

1737 2405 2111 2469 sebastiano.
2202 2406 2338 2469 An.
2459 2405 2747 2489 Egregie
2820 2405 2937 2469 dei

1743 2503 1996 2576 martyr
2053 2495 2430 2557 sebastiane
2489 2494 2797 2575 princeps
2848 2513 2931 2558 ac

1743 2591 2145 2664 propagator
2174 2590 2553 2645 sanctorum
2586 2590 2935 2663 precepto-

1744 2688 1934 2733 rum:
2026 2690 2179 2733 ecce
2253 2688 2499 2732 nomen
2590 2678 2779 2731 tuum
2860 2670 2932 2731 in

1744 2756 1913 2819 libro
1942 2758 2078 2820 vite
2109 2756 2367 2820 celestis
2399 2756 2759 2840 ascriptum
2784 2766 2931 2821 est:

1746 2854 1813 2907 et
1846 2845 2228 2909 memoriale
2258 2854 2447 2908 tuum
2478 2864 2615 2907 non
2646 2844 2933 2907 derelin-

1745 2942 1983 3013 quetur
2006 2933 2069 2995 in
2084 2932 2321 2996 secula.
2352 2950 2401 3017 y
2433 2932 2764 2996 Exultent
2788 2930 2935 3013 jus-

1744 3021 1810 3082 ti.
1850 3020 2096 3085 Oratio.
2130 3019 2596 3083 Infirmitatem
2612 3030 2929 3085 nostram.

1748 3106 1992 3172 Oratio.
2070 3109 2255 3172 Deus
2284 3109 2398 3189 qui
2445 3109 2735 3172 beatum.
2812 3106 2943 3171 Ad

1746 3196 2111 3259 matutinas
2214 3196 2460 3259 Invita.
2582 3194 2927 3260 Christum

1742 3282 2132 3348 dominum:
2208 3283 2395 3364 cujus
2465 3292 2682 3347 mater
2738 3283 2933 3365 virgo

1740 3378 1885 3433 est..
1872 3390 1885 3405 ·
1916 3372 2104 3453 cujus
2133 3380 2327 3454 pater
2354 3370 2673 3434 seminam
2698 3372 2933 3435 nescit.

1738 3458 1983 3522 Venite
2043 3461 2409 3523 adoremus,
2487 3467 2589 3541 ps.
2662 3458 2931 3524 Venite.

1738 3545 2066 3625 Hymnus.
2157 3546 2451 3629 Virginis
2500 3544 2741 3628 proles,
2838 3546 2929 3609 In

1722 3634 1945 3714 przmo
1996 3644 2301 3697 nocturno
2345 3636 2461 3697 A
2416 3656 2478 3698 n
2546 3632 2841 3697 Discede
2884 3654 2929 3697 a

1738 3741 1847 3783 me
1877 3720 2239 3802 pabulum²
2270 3723 2543 3785 mortis:
2590 3722 2753 3803 quia
2775 3720 2924 3802 jam

1734 3809 1822 3871 ab
1867 3809 1998 3872 alio
2042 3818 2341 3873 amatore
2384 3818 2709 3892 preventa
2756 3829 2927 3874 sum,

1716 3904 1819 3977 pf.
1914 3897 2207 3960 Domine
2280 3898 2596 3961 dominus
2674 3906 2926 3961 noster.

1731 3984 1868 4047 An.
1915 3984 2194 4048 Anulo⁸
2224 4005 2347 4048 suo
2406 3984 2782 4047 subarravit
2817 4005 2931 4049 me

1730 4072 2041 4135 dominus
2104 4092 2289 4135 meus
2350 4072 2543 4154 Jesus
2576 4072 2927 4137 Christus:

1731 4169 1799 4222 et
1854 4168 2177 4242 tanquam
2208 4180 2524 4242 sponsam
2580 4160 2931 4224 decoravit

1732 4267 1840 4310 me
1872 4267 2131 4313 corona.
2207 4256 2310 4331 ps.
2404 4249 2548 4313 Celi
2590 4258 2929 4314 enarrant.

2239 4424 2259 4454 ⁸
2302 4422 2546 4473 Annulo:
2582 4422 2650 4473 G.
