3117 4959
1484 179 1592 233 IN
1633 179 1902 236 FESTO

999 287 1131 340 541

444 415 603 478 ergo
635 401 947 476 putemus
978 390 1455 474 evangelistam
1500 413 1654 474 pro-

447 483 649 568 phete
681 501 824 546 esse
854 481 1301 544 contrarium:
1348 491 1423 544 ut
1472 480 1652 562 quod

448 571 562 636 ille
592 591 728 635 non
761 569 940 633 dixit
968 588 1113 632 esse
1144 567 1439 632 futurum
1467 588 1482 632 ε
1525 567 1655 632 hoc

452 659 559 724 hic
591 676 852 722 narrare
900 657 1211 739 incipiat:
1259 657 1417 737 quia
1446 656 1537 719 ibi
1569 657 1655 720 de

450 745 883 830 generatione
936 744 1355 807 divinitatis:
1402 743 1508 808 hic
1569 745 1656 807 de

449 833 903 899 incarnatione
934 841 1037 895 est
1064 832 1336 895 dictum.
1411 831 1479 896 A
1518 852 1659 896 car-

452 921 714 986 nalibus
789 929 1013 984 autem
1088 919 1312 1002 cepit:
1388 929 1461 983 ut
1538 939 1657 1003 per

452 1008 791 1074 hominem
841 1008 1041 1071 deum
1088 1007 1337 1072 discere
1384 1007 1654 1090 incipia-

456 1117 620 1162 mus.
696 1095 809 1159 Re.
860 1095 1193 1159 Nativitas
1208 1095 1497 1176 gloriose
1526 1097 1656 1159 vir-

452 1185 631 1268 ginis
685 1185 889 1247 marie
944 1204 1031 1246 ex
1092 1183 1347 1247 semine
1407 1183 1654 1246 abrahe

454 1281 602 1340 orta
685 1271 768 1334 de
830 1271 1005 1335 tribu
1086 1270 1251 1352 juda
1310 1269 1487 1336 clara
1564 1293 1652 1334 ex

454 1362 659 1443 stirpe
688 1359 907 1423 david.
1002 1358 1209 1440 Cujus
1232 1359 1373 1423 vita
1402 1359 1654 1441 inclyta

451 1457 726 1514 cunctas
802 1447 1085 1510 illustrat
1158 1447 1483 1512 ecclesias,
1607 1464 1654 1526 γ

452 1536 787 1601 Nativitas
818 1545 919 1599 est
960 1534 1160 1599 hodie
1188 1543 1417 1599 sancte
1448 1535 1654 1598 marie

454 1625 741 1707 virginis.
792 1621 1000 1704 Cujus
1030 1623 1185 1686 vita.
1260 1623 1479 1686 Lectio
1508 1622 1654 1705 viij.

607 1713 699 1777 ilii
774 1710 974 1774 david
1016 1729 1033 1773 :
1124 1709 1239 1772 filii
1314 1710 1652 1775 abraham.

609 1801 796 1865 Ordo
828 1806 1247 1881 preposterus
1278 1799 1395 1862 sed
1429 1819 1654 1862 neces-

452 1888 627 1952 sario
648 1896 1117 1952 commutatus
1182 1885 1255 1951 Si
1275 1888 1451 1950 enim
1473 1887 1654 1969 prius

450 1975 781 2059 posuisset
812 1973 1129 2038 abraham
1164 1984 1232 2037 et
1268 1983 1502 2056 postea
1532 1975 1649 2038 da-

450 2064 604 2128 vid:
652 2083 873 2126 rursus
904 2062 963 2126 ei
996 2061 1394 2144 repetendus
1442 2063 1654 2125 suerat

449 2150 813 2215 abraham:
860 2158 935 2212 ut
964 2149 1407 2231 generationis
1452 2151 1655 2214 series

452 2245 809 2302 texeretur.
902 2236 1067 2300 Ideo
1134 2246 1359 2301 autem
1420 2239 1656 2302 ceteris

451 2325 888 2410 pretermissis
936 2323 1169 2389 horum
1221 2325 1429 2389 filium
1483 2345 1652 2390 nun-

450 2415 719 2496 cupavit
748 2435 762 2478 :
810 2413 967 2495 quia
996 2413 1083 2476 ad
1113 2413 1238 2476 hos
1268 2421 1531 2478 tantum
1553 2423 1656 2478 est

452 2503 629 2566 facta
706 2502 791 2565 de
866 2500 1133 2566 Christo
1215 2503 1654 2584 repromissio.

455 2591 570 2655 Ad
633 2589 951 2654 abraham
1014 2589 1080 2652 in
1142 2590 1392 2653 semine
1439 2590 1656 2671 inquit

454 2689 572 2744 tuo
606 2679 1079 2742 benedicentur
1108 2696 1339 2740 omnes
1369 2688 1605 2760 gentes
1641 2699 1657 2741 :

456 2767 640 2851 quod
690 2777 793 2830 est
844 2766 1161 2830 Christus.
1252 2764 1369 2838 Ad
1400 2765 1602 2829 david
1640 2787 1654 2829 :

455 2857 541 2920 de
566 2855 777 2919 fructu
804 2853 1051 2917 ventris
1074 2853 1171 2917 tui
1195 2872 1440 2935 ponam
1459 2873 1662 2937 super

455 2945 685 3008 sedem
718 2952 919 3006 tuam.
986 2941 1099 3004 Re.
1150 2940 1342 3004 Felix
1368 2961 1658 3024 namque

455 3053 527 3096 es
580 3051 767 3096 sacra
814 3032 1003 3112 virgo
1062 3031 1270 3093 maria
1340 3039 1408 3093 et
1474 3030 1656 3093 omni

457 3121 655 3186 laude
716 3118 1121 3199 dignissima.
1224 3117 1403 3200 Quia
1450 3137 1539 3180 ex
1590 3127 1658 3181 te

455 3219 639 3273 ortus
659 3215 759 3270 est
778 3207 878 3269 sol
893 3205 1149 3288 justitie
1170 3206 1473 3271 Christus
1490 3205 1659 3269 deus

458 3306 697 3360 noster.
787 3311 834 3378 y
882 3294 1019 3358 Ora
1051 3314 1172 3375 pro
1190 3293 1439 3377 populo
1459 3295 1657 3358 inter-

455 3383 606 3450 veni
639 3403 759 3466 pro
802 3379 982 3444 clero
1027 3381 1361 3444 intercede
1394 3401 1512 3463 pro
1542 3383 1660 3444 de-

454 3477 619 3534 voto
648 3469 935 3532 femineo
980 3487 1149 3531 sexu
1195 3469 1485 3531 sentiant
1515 3489 1659 3532 om-

456 3575 575 3620 nes
650 3564 840 3620 tuum
919 3555 1219 3618 levamen
1280 3556 1660 3639 quicunque

2269 287 2424 342 542

1757 391 1962 457 toris:
2009 391 2260 458 nullam
2303 403 2688 458 sanctarum
2721 389 2946 458 assumi

1761 481 2110 545 mulierum
2136 481 2292 546 :sed
2319 502 2432 546 eas
2452 502 2620 564 quas
2641 482 2954 564 scriptura

1759 569 2196 652 reprehendit.
2323 569 2420 635 Ut
2501 570 2618 651 qui
2701 579 2957 653 propter*

1759 667 2138 740 peccatores
2168 667 2440 721 venerat
2471 658 2558 720 de
2600 658 2961 740 peccatori-

1759 746 1926 808 bus²
1989 765 2266 808 nascens
2325 746 2626 808 omnium
2695 757 2963 828 peccata

1757 833 2027 897 deleret.
2077 832 2281 898 Unde
2303 834 2462 896 etin
2493 832 2963 916 sequentibus¹

1759 921 1912 984 ruth
1963 920 2274 985 moabitis
2319 921 2628 1003 ponitur:
2679 931 2754 984 et
2783 921 2964 985 beth-

1757 1008 1989 1072 sabee⁴
2021 1029 2196 1072 uxor
2211 1009 2368 1073 urie.
2427 1009 2714 1072 Naason
2747 1019 2964 1074 autem

1759 1097 1990 1179 genuit
2019 1096 2300 1160 salmon.
2395 1096 2536 1159 Iste
2569 1107 2676 1160 est
2709 1097 2965 1160 salmon

1759 1185 2062 1267 princeps
2093 1185 2336 1249 tribus⁵
2375 1185 2580 1265 jude:
2635 1185 2824 1248 sicut
2868 1183 2966 1247 et‘

1759 1273 1825 1336 in
1859 1273 2149 1336 numeris
2180 1272 2478 1355 legimus.
2569 1271 2693 1335 Re.
2747 1271 2962 1336 Solem

1753 1361 2009 1443 justitie
2071 1379 2294 1442 regem
2366 1359 2666 1441 paritura
2745 1381 2970 1443 supre-

1761 1468 1963 1513 mum.
2047 1447 2259 1513 Stella
2291 1448 2499 1510 maria
2531 1448 2744 1511 maris
2775 1449 2968 1512 hodie
2998 1441 3003 1498 '¹

1760 1536 2081 1619 processit
2127 1537 2217 1599 ad
2249 1543 2488 1599 ortum.
2581 1553 2628 1620 y
2681 1537 2970 1600 Cernere

1757 1624 2055 1688 divinum
2103 1624 2328 1688 lumen
2376 1623 2669 1706 gaudete
2723 1623 2972 1688 fideles.

1761 1712 1972 1778 Stella
1993 1713 2216 1776 maria.
2255 1709 2486 1775 Gloria
2503 1711 2697 1792 patri.
2737 1711 2974 1776 Stella.

1755 1802 1913 1865 Non
1956 1797 2245 1864 debitur!
2317 1807 2420 1880 pf.
2468 1800 2569 1862 Te
2606 1799 2843 1863 deum.
2931 1817 2974 1886 γ

1761 1889 2079 1971 Speciosa
2121 1887 2314 1952 sacta.
2406 1886 2490 1949 In
2521 1886 2844 1950 laudibus
2871 1896 2974 1950 ai.

1757 1979 1940 2108 N
1942 1977 2207 2040 ativitas
2310 1974 2597 2058 gloriose
2695 1975 2976 2057 virginis

1942 2065 2146 2128 marie
2221 2083 2310 2126 ex
2387 2062 2640 2126 semine
2720 2063 2978 2127 abrahe

1759 2163 1904 2217 orta
1934 2152 2022 2216 de
2051 2152 2226 2215 tribu
2253 2150 2422 2231 juda
2452 2151 2632 2215 clara
2649 2171 2746 2213 ex
2763 2152 2982 2232 stirpe

1758 2241 1975 2304 david.
2071 2247 2172 2321 pf.
2252 2239 2584 2302 Dominus
2645 2241 2984 2320 regnavit.

1758 2331 1890 2392 Αῆ.
1942 2328 2276 2392 Nativitas
2327 2334 2427 2390 est
2480 2325 2682 2390 hodie
2739 2336 2982 2390 sancte

1761 2417 1965 2480 marie
1995 2416 2266 2498 virginis
2308 2414 2498 2495 cujus
2543 2415 2684 2496 vita
2717 2414 2982 2496 inclyta

1759 2515 2032 2569 cunctas
2093 2503 2379 2567 illustrat
2439 2501 2774 2566 ecclesias.
2879 2511 2982 2584 pf.

1759 2593 2067 2675 Jubilate.
2100 2593 2162 2655 A
2173 2599 2234 2654 ἢ.
2271 2587 2507 2672 Regali
2531 2609 2622 2652 ex
2649 2593 2984 2672 progenie

1763 2681 1972 2744 maria
2001 2689 2238 2744 exorta
2260 2678 2572 2758 refulget:
2611 2677 2810 2758 cujus
2833 2699 2988 2761 pre-

1760 2768 1949 2831 cibus
2025 2787 2145 2830 nos
2221 2766 2522 2848 adjuvari
2600 2776 2842 2829 mente
2917 2777 2990 2830 et

1761 2857 1992 2939 spiritu
2019 2854 2443 2918 devotissime
2475 2853 2846 2935 poscimus,
2885 2863 2990 2936 pf.

1765 2945 1950 3008 Deus
1981 2943 2144 3006 deus
2177 2961 2380 3005 meus.
2457 2941 2593 3005 Αῆ.
2643 2941 2890 3006 Corde
2923 2951 2994 3005 et

1763 3032 1988 3094 animo
2022 3029 2288 3096 Christo
2317 3049 2636 3092 canamus
2681 3029 2992 3111 gloriam

1762 3120 1828 3183 in
1861 3119 1988 3182 hac
2017 3137 2205 3182 sacra
2235 3115 2640 3180 solennitate
2670 3119 2997 3199 precelse

1761 3207 2096 3289 genitricis
2149 3205 2254 3270 dei
2305 3205 2528 3268 marie.
2601 3213 2708 3286 pf.
2763 3205 3000 3270 Bene-

1761 3297 1979 3360 dicite.
2063 3293 2223 3359 ,Ανί
2275 3293 2475 3358 ·Cum
2545 3292 3000 3372 jocunditate

1765 3385 2176 3448 nativitatem
2210 3382 2414 3445 beate·
2440 3381 2645 3444 marie
2675 3380 3004 3446 celebre-

1765 3493 1956 3535 mus:
2003 3480 2077 3534 ut
2109 3471 2250 3553 ipsa
2296 3489 2418 3552 pro
2465 3468 2657 3532 nobis
2689 3469 3003 3534 interce-

1763 3562 1882 3625 dat
1913 3561 1998 3624 ad
2030 3559 2374 3623 dominum
2407 3558 2604 3620 deum
2647 3565 3004 3622 nostrum.

456 3642 799 3708 celebrant
916 3650 1099 3706 tuam
1222 3643 1659 3709 nativitatem.
1751 3657 1850 3730 pf.
1887 3645 2207 3711 Laudate.
2305 3645 2454 3727 Cap.
2489 3645 2552 3709 O
2585 3665 2796 3726 quarn
2838 3648 3002 3727 pul·

454 3731 649 3816 Quia.
728 3729 967 3796 Gloria.
1046 3729 1239 3813 Quia.
1328 3740 1392 3794 et
1433 3732 1665 3796 tertius

457 3819 811 3887 versiculus
838 3819 979 3884 Sic¹
1001 3827 1187 3882 tuam
1222 3821 1660 3885 nativitatem.

613 3910 780 3976 udas
817 3917 1041 3972 autem
1092 3909 1325 3990 genuit
1380 3908 1541 3992 [Lec.
1575 3910 1662 3974 ix.

612 4000 851 4083 phares
883 4007 949 4062 et
982 4017 1201 4062 zaram
1250 3997 1336 4064 de
1383 3998 1663 4062 thamar.

461 4088 851 4152 Notandum
910 4087 975 4149 in
1018 4085 1411 4171 genealogia
1450 4087 1664 4152 salva-

688 4223 709 4319 :
748 4222 900 4272 ⁶850·
923 4237 1021 4299 qn)-
1056 4239 1067 4272 ι
1104 4223 1227 4274 Rs.

688 4356 707 4384 ·
740 4289 1156 4416 sezanna.
1172 4289 1352 4404 1³:35.

1769 3738 1940 3800 chra.
2016 3735 2188 3814 hym.
2280 3733 2342 3797 Ο
2392 3751 2596 3815 quam
2651 3731 2998 3814 glorifica.

1770 3841 1817 3908 y
1881 3824 2104 3907 Elegit
2166 3842 2315 3885 eam
2377 3822 2559 3884 deus·
2638 3820 2726 3883 In
2789 3843 2998 3885 evan.

1769 3920 1874 3975 aii.
1925 3911 2362 3975 Nativitatem
2397 3909 2794 3972 hodiernam
2835 3931 2998 3991 per-

1769 4009 1968 4084 petue
2068 3999 2339 4081 virginis
2443 3997 2787 4078 genitricis
2879 3998 2996 4060 dei

1770 4089 1976 4152 marie
2067 4087 2428 4150 solenniter
2517 4084 2996 4149 celebremus:

1792 4228 1810 4256 ⁴
1845 4224 2119 4274 bersabee:
2159 4222 2280 4273 RS.

1796 4293 1816 4322 ⁸
1855 4297 1868 4319 ⁴
1890 4289 2072 4339 tribus'
2097 4305 2197 4339 om.
2227 4307 2240 4338 :
2280 4289 2401 4336 RS.
2443 4291 2463 4316 ⁸
2501 4293 2578 4336 ‘et
2602 4287 2612 4307 ’
2639 4303 2742 4337 om.
2773 4306 2787 4337 :
2827 4287 2976 4336 RS.

1789 4361 1804 4386 ⁷
1846 4363 1859 4385 ⁴
1878 4357 1997 4406 Non
2021 4356 2210 4406 dicitur
2227 4355 2238 4374 ’
2262 4370 2355 4404 om.
2382 4368 2398 4402 :
2433 4355 2558 4403 AS.
