3117 4959
668 221 727 276 S.
786 221 1071 278 CEDDE
1116 221 1521 280 EPISCOPI.

1024 333 1164 388 213

506 437 1027 570 Pmporibus
1116 457 1323 539 oswy·
1376 435 1700 540 northmi-

644 525 1078 606 hymbrorum
1114 525 1131 562 ¹
1189 545 1401 607 regis:
1446 547 1545 590 v1r
1574 526 1696 590 do·

491 614 651 676 mini
700 613 909 676 cedda
964 614 1031 676 in
1079 612 1565 676 lindisfernensi
1599 614 1698 676 in-

491 700 675 764 sula:
723 702 788 763 in
845 700 993 764 loco
1042 703 1152 782 qui
1202 701 1443 765 dicitur
1472 702 1698 767 lestin-

490 809 665 872 gay:
696 789 763 850 in
797 791 1199 852 monasterio
1230 798 1459 853 sancte
1492 791 1698 852 marie

492 875 997 939 monachicham
1030 879 1235 940 vitam
1278 877 1479 958 juxta
1508 898 1698 941 sanc-

491 975 712 1028 torum
737 975 1003 1047 patrum
1026 965 1509 1030 institutionem
1542 985 1699 1048 age-

490 1051 627 1116 bat.
1380 1054 1598 1116 Lectio
1629 1053 1697 1135 ij.

505 1143 847 1274 Cunque
911 1140 1228 1204 wilfridus
1280 1139 1350 1205 in
1395 1142 1698 1224 partibus

623 1229 1080 1292 transmarinis
1198 1230 1699 1293 demoraretur:

495 1337 615 1380 rex
646 1337 829 1398 oswy
862 1318 1039 1381 misit
1072 1319 1367 1381 canciam
1414 1317 1696 1381 ceddam

493 1405 707 1468 virum
738 1415 1042 1468 sanctum
1078 1405 1455 1469 modestum
1502 1407 1700 1468 mori-

494 1494 619 1556 bus
681 1501 754 1555 ut
814 1492 1229 1558 eboracensis
1289 1494 1701 1556 ordinaretur

496 1580 894 1663 episcopus,²
1358 1582 1572 1644 Lectio
1603 1580 1699 1662 iij.

494 1670 769 1800 Non
834 1677 974 1732 erat
1036 1677 1194 1732 tunc
1244 1678 1531 1750 excepto
1585 1669 1700 1732 illo

683 1777 853 1820 unus
886 1758 949 1819 in
984 1765 1128 1820 tota
1151 1756 1470 1820 britania³
1501 1776 1699 1822 cano-

496 1845 643 1908 nice
662 1853 1085 1908 consecratus
1106 1846 1469 1928 episcopus
1522 1845 1698 1909 Con-

496 1942 791 1996 sectatus
866 1934 931 1996 in
1010 1933 1394 2015 episcopum
1486 1934 1702 1998 cedda

498 2021 867 2084 maximam
883 2041 1044 2084 mox
1065 2023 1240 2102 cepit
1260 2021 1702 2086 ecclesiastice

496 2109 757 2172 veritati
792 2117 859 2171 et
889 2110 1179 2173 castitati
1200 2130 1423 2174 curam
1445 2111 1700 2192 impen-

499 2197 691 2260 dere:
722 2195 1098 2259 humilitate
1130 2199 1536 2261 continentie
1571 2200 1700 2261 lec-

498 2285 663 2348 tioni
686 2305 967 2366 operam
984 2285 1159 2348 dare.
1214 2285 1425 2348 Lectio
1443 2295 1697 2368 quarta.

658 2372 887 2435 eniens
919 2380 1153 2454 postea
1184 2372 1539 2437 britaniam
1565 2374 1700 2436 wil-

657 2460 863 2523 fridus
903 2459 1044 2541 jam
1090 2460 1441 2544 episcopus
1486 2462 1701 2526 factus

498 2557 566 2611 et
597 2548 681 2611 ad
716 2548 1063 2612 ecclesiam
1097 2551 1272 2612 unde
1292 2551 1700 2614 ordinandus

496 2637 927 2700 discesserat:
1004 2637 1213 2702 rediit.
1340 2638 1503 2700 Erat
1566 2638 1700 2701 fere

497 2724 644 2807 ipso
666 2733 968 2806 tempore
987 2745 1171 2789 rome
1193 2726 1557 2789 monachus
1583 2747 1702 2790 no-

497 2813 674 2875 mine
696 2812 1085 2878 theodorus:
1105 2815 1217 2896 qui
1237 2816 1581 2878 ordinatus
1601 2822 1702 2878 est

496 2921 539 2964 a
570 2899 890 2966 vitaliano
922 2922 1099 2983 papa
1128 2911 1333 2984 atque
1359 2901 1654 2965 ecclesiis
1674 2901 1698 2938 ⁴

497 2989 843 3070 anglorum
881 2991 1135 3054 missus
1403 2990 1622 3053 Lectio
1641 3011 1700 3054 v.

646 3079 896 3142 ervenit
930 3088 1152 3141 autem
1196 3078 1373 3142 idem
1422 3078 1701 3142 theodo-

648 3187 755 3228 rus
810 3167 876 3228 in
925 3166 1373 3232 britanniam:
1418 3176 1486 3230 et
1547 3167 1699 3230 ced-

498 3254 657 3316 dam
719 3255 1105 3336 episcopum
1169 3275 1318 3318 cum
1396 3264 1702 3336 argueret

498 3361 631 3404 non
709 3341 909 3404 fuisse
986 3343 1107 3406 rite
1196 3353 1654 3408 consecratum
1684 3364 1699 3408 :

500 3429 841 3510 respondit
872 3449 1032 3492 voce
1063 3430 1408 3494 humilima
1436 3452 1451 3494 :
1486 3431 1555 3496 Si
1593 3451 1702 3494 me

500 3517 719 3599 inquit
780 3518 954 3580 nosti
1031 3519 1489 3600 episcopatum
1567 3539 1701 3582 non

503 3606 628 3670 rite
658 3606 1061 3687 suscepisse:
1111 3605 1391 3669 libenter
1421 3605 1703 3670 libenter

500 3694 586 3758 ab
619 3693 836 3757 officio
866 3693 1151 3757 discedo.
1260 3693 1471 3756 Lectio
1499 3705 1700 3760 sexta.

496 3785 598 3914 l
608 3791 834 3844 nterea
902 3780 1234 3863 provincie
1310 3783 1700 3846 merciorum

607 3890 725 3932 rex
758 3869 1042 3933 wilferus
1070 3869 1310 3951 prefuit
1340 3891 1355 3934 :
1402 3871 1514 3951 qui
1548 3892 1698 3935 cum

498 3967 762 4022 mortuo
801 3959 1199 4040 jarmuanno
1233 3958 1405 4022 illius
1440 3961 1702 4040 provin-

495 4048 595 4111 cie
633 4047 990 4129 episcopo:
1038 4048 1161 4110 sibi
1208 4049 1520 4129 quoque⁶
1565 4048 1700 4110 suis

495 4156 536 4199 a
567 4135 892 4198 theodoro
923 4137 1309 4218 episcopum
1341 4135 1481 4199 dari
1516 4144 1670 4217 pete

499 4233 643 4286 ret:
690 4221 800 4286 ac⁶
848 4223 1205 4287 theodorus
1251 4223 1614 4306 postulavit
1659 4246 1698 4287 a

701 4334 714 4364 ¹
753 4333 1277 4398 northimhybrorum:
1314 4336 1377 4385 G.

704 4401 725 4429 ²
755 4401 1070 4464 episcopatus
1096 4419 1109 4449 ι
1146 4401 1207 4450 G.

1416 4402 1437 4431 ³
1470 4400 1719 4450 britannia
1743 4419 1753 4450 :
1779 4403 1831 4452 S.

706 4468 723 4496 ⁴
756 4481 847 4530 pro
872 4474 883 4492 ⁸
900 4477 1049 4532 atque
1068 4467 1286 4516 ecclesiis
1308 4467 1321 4489 ’
1338 4468 1461 4516 etad
1478 4467 1710 4518 ecclesias
1737 4486 1747 4517 :
1768 4469 1830 4519 G.

2001 221 2065 277 s,
2121 220 2522 278 GREGORJ!
2561 219 2802 276 PAPE.
2959 0 2997 300 l

2332 331 2466 384 214
2995 317 2999 388 1

1799 457 1954 520 rege
2015 457 2250 519 oswy:
2327 445 2401 500 ut
2461 435 2590 500 illis
2649 435 2926 518 episcop

1797 527 2015 590 cedda
2044 527 2329 589 daretur.
2643 524 2858 587 Lectio
2888 524 2966 586 vi

1801 614 2140 746 Nolite
2172 615 2445 676 timere:
2491 612 2770 696 pusillus
2813 632 2932 694 gre

1979 712 2044 764 et
2069 712 2269 764 cetera
2288 711 2364 763 ut
2380 701 2450 763 in
2473 700 2813 764 communi.
2861 699 2918 763 L

1798 791 2412 924 susceptumque
2443 788 2695 870 episco-
2737 787 2946 872 [octav

1929 887 2161 959 patum
2216 878 2434 959 gentis
2486 878 2884 940 merciorum

1802 965 2290 1029 lindisferorum
2335 965 2590 1028 cedda:
2633 965 2838 1045 juxta
2889 985 2978 1028 ex

1800 1054 2022 1134 empla
2073 1063 2386 1136 patrum:
2433 1053 2499 1115 in
2563 1073 2813 1134 magna
2875 1052 2970 1116 vit

1801 1143 2204 1224 perfectione
2279 1141 2741 1204 administrare
2819 1161 2978 1204 cura

1799 1232 1910 1294 vit.
2563 1229 2781 1290 Lectio
2811 1249 2938 1291 non

1997 1317 2185 1381 abuit
2214 1325 2440 1381 autem
2473 1326 2743 1380 sanctus
2790 1316 2963 1379 cedd

1995 1406 2225 1468 sedem
2274 1405 2720 1486 episcopalem
2755 1405 2824 1467 in
2860 1404 2964 1468 loc

1802 1493 1916 1574 qui
1946 1493 2190 1556 dicitur
2219 1491 2566 1556 lichefeld:
2612 1493 2679 1556 in
2726 1492 2939 1574 quod

1800 1581 2064 1646 functus
2109 1602 2187 1644 ac
2239 1579 2536 1664 sepultus
2565 1589 2702 1644 est:
2749 1580 2867 1643 ubi
2901 1602 2944 1643 u

1800 1690 1931 1751 que
1993 1669 2192 1732 hodie
2251 1670 2672 1751 sequentium
2731 1688 2968 1750 quoqu

1801 1758 2139 1836 provincie
2185 1756 2358 1821 illius
2403 1758 2876 1840 episcoporum
2909 1777 3004 1820 se·

1801 1845 1920 1908 des
1969 1855 2087 1910 est.
2181 1847 2456 1909 Fecerat
2517 1865 2673 1908 vero
2731 1853 3006 1908 sanctus

1799 1935 2012 1998 cedda
2042 1934 2168 1997 sibi
2193 1934 2604 1997 mansionem
2637 1953 2772 1997 non
2809 1933 3033 2015 longe÷

1801 2022 1888 2085 ab
1921 2022 2196 2086 ecclesia
2245 2022 2702 2085 remotiorem:
2749 2022 2820 2084 in
2874 2041 3004 2103 qua
3030 2029 3035 2070 e,

1801 2111 2114 2174 secretius
2146 2130 2298 2173 cum
2331 2111 2558 2191 paucis
2605 2111 2672 2172 id
2719 2117 2828 2172 est
2857 2129 3006 2190 sep-

1801 2207 1939 2260 tem
1964 2197 2137 2262 sive⁷
2165 2207 2321 2262 octo
2352 2198 2662 2260 fratribus
2692 2197 3005 2278 quotiens

1801 2307 1842 2350 a
1873 2285 2100 2350 labore
2153 2294 2223 2350 et
2275 2286 2639 2349 ministerio
2669 2285 2776 2348 dei
2812 2305 3008 2348 vaca-

1801 2375 1920 2437 bat
1952 2395 2138 2438 orare
2170 2394 2247 2437 ac
2279 2373 2498 2455 legere
2531 2372 2807 2436 solebat.
2895 2373 3006 2438 Ce-

1805 2470 1943 2525 tera
1952 2462 2035 2524 de
2045 2461 2371 2526 communi
2381 2461 2579 2524 unius
2586 2462 2748 2540 conf.
2763 2471 2832 2522 et
2829 2470 3005 2542 pont.

1805 2555 1869 2627 (I
1934 2549 2170 2614 Sancti
2241 2549 2542 2631 gregorii
2612 2559 2793 2630 pape.
2891 2548 3014 2611 Ad

1803 2648 2096 2719 vesperas
2207 2645 2312 2701 ari.
2437 2637 2735 2700 Amavit.
2860 2657 3006 2700 cum

1785 2725 2073 2806 psalmis
2177 2725 2553 2806 ferialibus.
2739 2723 3008 2805 Capitu-

1799 2813 1955 2878 lum.
2035 2814 2210 2877 Ecce
2241 2814 2562 2877 sacerdos.
2632 2814 2749 2876 Re.
2803 2813 3008 2894 Prop-

1801 2911 1904 2964 ter
1931 2902 2420 2965 intollerabiles.
2479 2901 2804 2982 Hymnus.
2869 2901 3007 2963 Iste

1799 2989 2152 3053 confessor.
2243 3007 2292 3075 γ
2344 2989 2624 3053 Amavit
2675 3008 2832 3051 eum
2886 2990 3008 3052 do-

1803 3078 2036 3142 minuS.
2099 3078 2182 3141 In
2211 3078 2541 3158 evangelio
2561 3086 2667 3140 ανῖ.
2715 3077 3008 3159 Egregie

1802 3165 2234 3230 beatitudinis
2310 3177 2425 3229 tue
2499 3165 2814 3248 preconio
2891 3166 3008 3227 tri-

1802 3254 2082 3335 umphat
2127 3253 2510 3318 universalis
2565 3253 2844 3317 ecclesia
2888 3273 3012 3335 per

1800 3352 1870 3405 te
1917 3342 2226 3405 nobiliter
2271 3343 2616 3406 instituta:
2664 3361 2786 3404 ave
2827 3361 3010 3423 papa

1803 3430 2250 3512 insignissime
2295 3449 2719 3493 romanorum
2751 3429 2959 3492 decus
2993 3450 3008 3494 :

1803 3519 2150 3599 anglorum
2221 3517 2467 3600 gloria:
2515 3537 2860 3580 suesorum
2914 3518 3008 3580 le-

1805 3607 2002 3672 ticia:
2071 3617 2300 3670 sancte
2357 3607 2618 3688 gregori
2681 3606 3008 3668 interveni

1803 3701 2164 3776 quesumus
2185 3715 2307 3776 pro
2327 3705 2551 3758 nostra
2571 3695 3010 3776 omniumque

1804 3782 2034 3847 salute.
2112 3792 2212 3864 pii
2261 3783 2670 3865 Magnificat.
2754 3782 3009 3846 Oratio.

1802 3873 2076 4002 Deus
2137 3872 2249 3954 qui
2311 3873 2532 3936 anime
2601 3870 2831 3934 famuli
2907 3872 3006 3934 tui

1957 3961 2237 4043 gregorii
2293 3970 2520 4024 eterne
2573 3960 3010 4023 beatitudinis

1803 4049 2059 4128 premia
2089 4048 2466 4112 contulisti:
2513 4048 2805 4112 concede
2851 4068 3006 4130 pro-

1802 4136 2049 4218 pitius:
2097 4146 2171 4199 ut
2219 4136 2332 4218 qui
2381 4145 2804 4219 peccatorum
2857 4155 3008 4198 nos-

1801 4231 2052 4286 trorum
2085 4226 2380 4307 pondere
2421 4225 2819 4308 premimur:
2865 4223 3006 4306 ejus

1901 4339 1908 4342 “
2006 4339 2027 4367 ⁸
2061 4353 2152 4400 pro
2181 4336 2442 4401 ‘quoque’
2467 4351 2547 4386 ac:
2582 4336 2645 4386 G.

2009 4403 2028 4432 ⁸
2066 4402 2184 4452 ‘ac’
2220 4418 2350 4451 om.:
2385 4401 2449 4451 G.

2008 4473 2024 4498 ²
2061 4485 2152 4534 pro
2189 4469 2354 4520 ‘sive’
2381 4483 2504 4518 sue:
2541 4471 2592 4518 S.
