3117 4959
1189 234 1248 288 S.
1301 231 1551 287 ANNE
1597 231 1927 288 MATRIS
1962 227 2266 288 'MARIE

1006 339 1139 393 417

636 444 899 510 oachim
940 454 1032 510 e'x
1085 445 1370 512 cathena
1419 443 1675 510 nathan

637 534 754 598 filii
785 533 985 598 david
1011 555 1026 600 :
1073 535 1140 598 in
1173 534 1487 598 nazareth
1517 534 1677 598 civi-

478 631 620 688 tate
679 623 920 705 galilee
977 624 1348 687 oriundus:
1425 641 1675 688 annam

477 709 1044 776 bethleemiticam
1148 706 1501 775 honestam
1606 718 1677 774 e't

479 798 681 863 laude
727 799 1002 882 dignam
1057 799 1126 864 in
1175 797 1675 862 matrimonium

481 885 697 952 duxit⁴
820 885 915 950 Hi
989 905 1207 951 rerum
1265 895 1679 952 terrenarum

482 973 902 1059 possessione
932 983 1288 1060 potentem
1329 975 1450 1040 sed
1473 973 1677 1039 virtu-

481 1071 629 1128 tum
681 1062 1112 1146 probatarum
1171 1061 1367 1147 copia
1411 1055 1679 1128 fuerunt

483 1150 908 1234 potentiores,
1000 1151 1158 1216 Non
1189 1151 1368 1216 enim
1401 1141 1679 1216 terrenis

481 1237 732 1303 divitiis
759 1239 1172 1323 appetebant
1207 1238 1516 1304 afflueret
1555 1238 1678 1303 sed

481 1331 785 1392 sanctam
817 1337 886 1392 et
916 1326 1228 1393 celestem
1272 1326 1482 1392 vitam
1511 1337 1680 1410 gau-

483 1414 739 1480 debant
767 1415 1023 1481 ducere.
1358 1414 1579 1479 Lectio
1609 1413 1678 1498 ᾔ.

485 1505 866 1637 Ipsorum
919 1511 1144 1568 autem
1196 1501 1336 1567 'vita
1386 1503 1681 1586 simplex

593 1597 664 1656 et
694 1599 874 1656 recta
891 1591 1016 1656 suit
1045 1599 1202 1656 ante
1225 1591 1465 1656 deumt
1497 1590 1679 1674 apud

485 1678 792 1744 homines
837 1679 1422 1763 irreprehensibilis
1467 1687 1536 1744 et
1569 1679 1683 1762 pia

485 1771 648 1832 erat.
737 1767 918 1832 Nam
940 1785 1210 1832 omnem
1233 1767 1681 1832 substantiam

487 1875 680 1919 suam
709 1855 1023 1939 tripharie
1053 1856 1481 1920 dividebant:
1512 1856 1683 1920 duas

487 1951 713 2028 partes
741 1943 996 2026 templo
1025 1944 1175 2010 dei:
1222 1952 1290 2008 et
1320 1943 1684 2027 peregrinis

485 2031 940 2114 indigentibus
999 2031 1410 2116 erogabantz
1482 2033 1684 2096 tertia

487 2128 678 2202 parte
711 2121 777 2183 in
809 2139 965 2184 usos
1000 2141 1156 2184 suos
1186 2129 1254 2184 et
1284 2140 1316 2183 s
1363 2141 1401 2184 e
1432 2119 1683 2185 familie

489 2217 838 2272 reservata.
929 2207 1038 2272 Ita
1083 2207 1246 2290 justi
1293 2210 1424 2273 deo
1471 2217 1540 2273 et
1588 2209 1683 2292 pii

487 2293 913 2361 hominibus:
977 2316 1096 2379 per
1153 2315 1364 2360 annos
1425 2296 1685 2360 circiter

488 2381 723 2465 viginti
799 2383 1051 2466 absque
1110 2382 1464 2448 liberorum
1526 2406 1682 2468 pro-

486 2470 860 2538 creatione:
906 2472 1222 2537 devotum
1269 2481 1339 2537 et
1375 2481 1681 2537 sanctum

488 2559 871 2642 conjugium
905 2560 1324 2625 exercebant.
1409 2562 1548 2625 Lec.
1586 2561 1679 2642 iij.

653 2649 1186 2732 ppropinquante
1218 2658 1516 2732 tempore
1545 2669 1683 2731 quo

652 2736 937 2801 altitudo
966 2738 1290 2819 sapientie
1311 2746 1377 2801 et
1408 2737 1685 2802 scientie

481 2823 591 2888 dei
637 2825 968 2889 ordinavit
1011 2846 1132 2908 per
1174 2827 1681 2909 conceptionem

483 2912 754 2994 virginis
813 2913 1100 2996 gloriose
1152 2913 1394 2977 initiari
1455 2922 1679 2978 nostre

485 3001 962 3085 redemptionis
1037 3003 1478 3084 mysterium:
1534 3001 1685 3084 joa-

486 3088 664 3153 chim
685 3090 856 3154 inter
871 3091 1176 3155 concives
1195 3111 1351 3154 suos
1375 3109 1531 3154 cum
1562 3090 1683 3153 ob-

484 3176 737 3242 latione
809 3179 895 3242 ad
958 3180 1284 3261 templum
1357 3177 1680 3242 ascendit.

490 3264 615 3329 Cui
648 3265 954 3348 princeps
984 3267 1404 3332 sacerdotum
1435 3267 1685 3350 impro-

485 3353 742 3435 perium
792 3353 1054 3417 intulit¹
1091 3377 1106 3419 z
1151 3375 1234 3418 eo
1279 3355 1459 3437 quod
1507 3362 1684 3418 esset

485 3439 915 3507 infecundus:
961 3441 1312 3524 nullusque
1357 3444 1443 3506 de
1487 3463 1571 3506 eo
1616 3442 1684 3504 in

487 3528 679 3592 israel
710 3538 1117 3610 processerat
1147 3529 1473 3611 genitalis
1548 3530 1683 3613 Qui

486 3615 722 3679 dolens
771 3624 839 3680 et
888 3617 1094 3680 tristis
1141 3616 1408 3697 objectu
1439 3637 1685 3699 oppro-

489 3702 612 3767 brii
661 3704 747 3767 ad
803 3714 1101 3786 pastores
1151 3725 1308 3769 suos
1367 3705 1435 3768 in
1496 3705 1687 3769 here-

489 3811 674 3856 mum
707 3793 990 3858 secessit.
1313 3791 1532 3858 Lec'tio
1564 3793 1687 3876 iiij}

658 3901 792 3944 nna
855 3901 1014 3945 vero
1085 3881 1208 3945 hec
1285 3891 1359 3947 ut
1434 3881 1689 3948 audivit

655 3980 874 4034 vestes
935 3969 1248 4053 lugubres
1307 3969 1538 4036 induit.
1616 3979 1689 4036 et

491 4059 600 4122 die
632 4079 707 4123 ac
754 4066 950 4123 nocte
1005 4059 1360 4143 plurimum
1410 4060 1691 4124 contr-is-

488 4156 631 4211 tata
690 4147 990 4230 ploravit.
1083 4147 1344 4233 Quibus
1401 4147 1644 4214 solatio
1664 4147 1689 4186 ²

592 4293 608 4323 ¹
643 4293 791 4344 tulit=
827 4295 970 4346 R.N.

589 4362 611 4390 ²
643 4359 956 4411 consolatiot
993 4361 1134 4412 RN.

587 4425 610 4455 ⁸
641 4441 735 4491 pro
763 4429 775 4451 ⁸
793 4426 937 4478 exist.
965 4441 1078 4478 cum
1097 4428 1110 4452 ’
1135 4428 1453 4485 existentium
1480 4445 1494 4480 ε
1529 4427 1584 4480 5.

2302 337 2447 394 418

1778 445 2004 510 divina
2034 463 2169 509 non
2200 444 2429 510 defuit.
2475 443 2787 528 Angelus
2802 445 2965 510 enim

1779 535 2034 598 domini
2055 534 2318 617 utrique
2342 553 2643 598 seorsum
2662 534 2967 598 existenti

1778 641 1933 686 cum
1978 623 2005 662 ⁸
2080 641 2329 705 magna
2402 621 2553 686 luce
2618 623 2971 705 apparuit:

1780 709 1995 775 filium
2027 711 2167 774 eis⁴
2214 709 2659 774 nascituram:
2708 711 2977 792 ejusque

1780 817 2027 862 nomen
2076 805 2145 862 et
2184 799 2393 862 vitam
2425 798 2724 880 benigno
2756 800 2978 861 nunci-
3054 829 3056 878 ς

1780 887 1921 951 avit
1964 886 2173 950 affatu
2202 905 2219 950 t
2263 905 2343 950 ac
2388 886 2855 968 evangelizate
2880 906 2981 950 so-
3054 895 3056 926 ³

1780 973 1955 1038 bolis
1984 973 2177 1057 signa
2206 973 2584 1038 evidentia:
2632 983 2706 1038 et
2744 973 2983 1038 indicia

1780 1062 2132 1146 perspicua
2160 1062 2255 1126 eis
2273 1062 2479 1126 dedit.
2528 1061 2755 1144 Igitur
2772 1061 2985 1126 hieru-

1780 1150 1989 1215 salem
2020 1150 2457 1214 ascendentes
2492 1151 2581 1213 ad
2614 1150 2847 1216 locum
2878 1171 2987 1214 an-

1778 1238 1995 1322 gelico
2002 1239 2313 1302 vaticinio
2326 1237 2764 1321 designatum
2774 1239 2803 1278 ⁸
2816 1261 2833 1303 :
2844 1259 2987 1321 por·

1778 1336 1921 1391 tam
1944 1325 2253 1392 videlicet
2268 1345 2537 1390 auream
2550 1325 2683 1390 sibi
2706 1327 2983 1390 invicem

1780 1415 2149 1479 obviarunt.
2215 1414 2409 1478 Tunc
2438 1415 2525 1478 de
2578 1435 2709 1479 sua
2760 1425 2987 1479 mutua

1780 1503 2036 1568 visione
2080 1502 2236 1567 letis
2279 1502 2543 1567 debitas
2573 1504 2713 1567 deo
2742 1505 3014 1586 gratias*

1780 1591 2227 1656 reddiderunt.
2678 1591 2907 1655 Lectio
2930 1609 2985 1656 v.
3054 1607 3056 1622 ¹

1782 1682 1936 1813 Α
1952 1699 2087 1743 nna
2166 1698 2325 1744 vero
2400 1675 2605 1760 juxta
2678 1679 2981 1744 divinum

1950 1766 2348 1851 promissum
2396 1767 2711 1849 concepit
2742 1778 2817 1832 et
2846 1788 2981 1850 par·-

1784 1855 1971 1920 turiit
2029 1855 2325 1939 prolem:
2387 1875 2521 1936 que
2592 1865 2843 1938 postea
2884 1875 2979 1920 su·
3053 1897 3056 1908 ·

1786 1962 1899 2007 um
1963 1952 2032 2008 et
2104 1944 2405 2008 omnium
2488 1944 2809 2026 parturiit
2866 1943 2979 2007 sai·

1783 2039 2102 2096 vatorema
2250 2031 2458 2096 Anna
2546 2050 2714 2096 vero
2808 2032 2982 2114 cujus

1784 2119 1987 2183 hodie
2044 2119 2476 2184 festivitatem
2530 2120 2980 2184 celebramus:
3054 2185 3056 2196 Ε

1785 2229 1873 2271 ex
1905 2208 2193 2272 nominis
2242 2207 2805 2290 interpretatione
2848 2208 2979 2271 reda

1784 2297 1965 2359 ditur
1991 2295 2302 2379 gratiosa.
2392 2295 2604 2360 Anna
2634 2297 2823 2360 enim
2845 2316 2981 2378 gra·
3051 2197 3056 2443 Ι

1784 2383 1877 2448 tia
1952 2385 2440 2467 interpretatur.
2568 2384 2725 2448 Hec
2806 2403 2979 2465 mag·

1785 2470 1918 2536 no⁶
1947 2473 2161 2555 gratie
2192 2491 2465 2536 munere
2495 2470 2624 2536 suit
2654 2472 2979 2554 privilegi·
3051 2505 3054 2520 ·

1782 2569 1948 2624 ata:
1996 2561 2153 2643 quia
2208 2561 2449 2624 meruit
2506 2561 2871 2638 concipere
2920 2567 2981 2622 et
3052 2563 3054 2566 ⁴

1784 2669 2014 2731 parere
2033 2648 2319 2730 prolem:
2344 2649 2409 2711 in
2434 2667 2573 2730 qua
2590 2649 2983 2712 exuberavit

1782 2738 1989 2800 totius
2020 2738 2232 2818 gratie
2264 2735 2629 2818 plenitudo,
2712 2737 2985 2819 Propter

1784 2826 2093 2890 meritum
2152 2823 2350 2907 hujus
2408 2823 2614 2907 prolis
2688 2835 2805 2888 est
2856 2827 2986 2906 ipsa

1784 2912 1983 2976 beata
2014 2920 2082 2976 et
2112 2923 2347 2976 sancta
2376 2913 2462 2976 ab
2494 2912 2823 2977 omnibus
2854 2933 2983 2997 pre·

1786 3000 2090 3065 dicanda.
2652 3001 2885 3065 Lectio
2908 3021 2985 3082 ry.

1968 3106 2145 3152 onne
2204 3105 2443 3153 manus
2500 3109 2635 3172 que
2710 3107 2985 3172 pomum
3050 3102 3052 3163 y

1968 3176 2137 3240 infra
2196 3197 2271 3241 se
2345 3179 2634 3242 tenuerit
2710 3177 2986 3242 dimidia
3049 3165 3052 3254 1

1785 3265 1894 3328 die
1923 3285 1938 3328 ε
2004 3261 2301 3348 reliqua⁷
2359 3274 2550 3348 parte
2610 3266 2750 3328 diei
2816 3264 2987 3349 pomi
3049 3267 3052 3292 ³

1786 3353 2076 3416 servabit
2105 3353 2419 3418 odorem:
2465 3361 2809 3436 quantum
2844 3371 2988 3435 ergo

1788 3440 1903 3504 illa
1948 3441 2199 3504 viscera
2250 3441 2457 3504 virtus
2486 3442 2879 3506 sanctitatis
2906 3439 2986 3505 af-

1786 3529 1943 3593 fecit
1970 3549 1985 3593 :
2016 3529 2083 3592 in
2116 3529 2356 3611 quibus
2386 3540 2779 3594 sanctorum
2810 3548 2987 3593 sanc-
3045 3295 3052 3710 5

1788 3618 2049 3681 tissima
2100 3637 2340 3681 novem
2394 3617 2743 3681 mensibus
2782 3617 2987 3700 requi-

1790 3706 1941 3770 evit.
2034 3706 2245 3769 Beata
2290 3715 2359 3770 et
2404 3704 2568 3770 felix
2624 3716 2889 3772 mater:
2928 3713 2987 3767 et
3048 3729 3050 3738 ·

1793 3793 1975 3858 omni
2010 3803 2221 3857 matre
2252 3813 2402 3858 eam
2426 3795 2839 3876 precedente
2862 3793 2983 3859 feli·-

1789 3883 1929 3945 cior
1952 3903 1967 3946 ε
1988 3881 2093 3963 cuj
2098 3903 2174 3945 us
2193 3884 2413 3964 partui
2433 3882 2557 3946 hec
2576 3883 2811 3965 prolae
2828 3904 2873 3947 a
2886 3901 2985 3965 pa·

1789 3970 2089 4035 triarchis
2129 3980 2531 4053 expectata:
2578 3991 2621 4034 a
2653 3969 2985 4055 prophetis

1793 4059 2227 4142 prenunciata
2255 4079 2270 4123 :
2316 4069 2387 4122 et
2417 4081 2459 4122 a
2488 4061 2757 4124 cunctis
2790 4057 2981 4126 fideli·

1796 4145 1920 4210 bus
1982 4146 2395 4211 desiderata:
2470 4157 2617 4212 erat
2676 4148 2983 4214 divinitus

1891 4295 1910 4325 ⁴
1943 4310 2036 4360 pro
2060 4294 2160 4343 ‘eis
2180 4293 2193 4317 ⁹
2217 4293 2324 4360 ejus
2350 4311 2362 4344 ε
2397 4295 2466 4345 N.

1886 4361 2426 4411 “ad’addtkN.
2566 4363 2975 4429 ‘unguimus

1891 4429 1910 4456 ’
1942 4435 2036 4492 'pro
2066 4426 2319 4493 ‘reliqua'
2339 4427 2545 4494 aliqua:
2584 4429 2729 4481 Rs«.
