3117 4959
1010 285 1203 380 839*

476 439 719 488 Iaetentur
738 437 835 488 oeli
855 443 907 486 et
930 437 1117 486 exultet
1140 447 1287 498 term,
1308 439 1375 487 82

476 505 721 554 Letentur
736 520 901 554 omnes
920 505 1015 567 qui
1030 511 1247 567 sperant,
1274 518 1343 566 40

478 571 612 619 ιεῦα
634 573 741 634 ejus
758 571 850 618 sub
870 571 1026 634 eapite
1046 586 1163 629 meo,
1188 571 1273 630 60,
1304 581 1369 633 79

484 636 693 685 Levabit
716 636 813 685 dns
832 637 1045 698 signum,
1074 646 1136 698 37

480 702 669 751 Levate
688 701 857 766 capita
878 711 1056 759 vestra,
1084 711 1151 762 74

478 769 657 816 Levita
678 769 961 816 vincentius
980 767 1119 816 dixit
1138 768 1289 827 beato,
1323 777 1416 830 152

478 834 585 882 Lex
608 849 697 897 per
718 848 921 896 moysen
945 833 1081 892 data,
1101 843 1169 894 47

476 900 712 949 Libenter
722 899 977 964 gloriabor
995 900 1053 947 in
1076 899 1475 963 infirmitatibm,
1502 898 1604 960 362

480 965 664 1014 Libera
686 981 767 1014 me
786 965 852 1013 de
872 964 1197 1027 sanguinibus
1219 965 1358 1023 deus,
1384 975 1482 1028 374

480 1031 663 1080 Libera
684 1047 777 1080 nos
796 1031 921 1078 deus
942 1030 995 1078 in
1018 1029 1343 1090 mirabilibus,
1371 1030 1472 1079 610

480 1097 661 1144 Libera
684 1111 776 1146 nos
796 1096 933 1144 salva
954 1111 1048 1144 nos
1064 1095 1297 1158 justifioe,
1329 1106 1442 1158 522,
1468 1095 1570 1145 886

478 1161 723 1210 Liber-asti
746 1161 935 1224 virgam
956 1162 1261 1220 hereditatis
1291 1161 1389 1210 818

480 1227 733 1276 Liberavit
754 1229 987 1276 dominus
1010 1243 1295 1292 pauperem,
1318 1226 1417 1288 378

478 1293 643 1342 Licuit
666 1293 907 1356 sanguine
926 1294 1065 1357 loqui
1087 1293 1283 1357 quibus,
1310 1304 1330 1342 1
1344 1293 1405 1342 16

478 1359 655 1422 Longe
676 1358 833 1408 fecisti
856 1369 1001 1408 notos
1024 1375 1177 1418 meos,
1206 1371 1303 1422 392

478 1424 833 1489 Loquebantur
854 1425 1003 1474 variis
1026 1425 1222 1488 linguis,
1252 1435 1349 1486 502

479 1490 715 1555 Loquens
734 1491 967 1540 dominus
988 1491 1055 1540 ad
1076 1506 1191 1550 noe,
1216 1503 1315 1550 244

478 1557 743 1621 Loquente
758 1557 879 1620 Jesu
902 1557 966 1605 ad
990 1557 1163 1606 turbas
1180 1572 1317 1614 eece,
1334 1555 1435 1618 650

477 1621 721 1700 Loquere
726 1623 827 1671 dne
848 1622 965 1686 quia
985 1621 1143 1681 audit,
1171 1631 1269 1685 559

476 1688 519 1735 l.
524 1689 639 1736 ucia
660 1689 984 1765 virgojudici
1001 1689 1154 1747 dia-st,
1182 1701 1201 1736 1
1216 1700 1275 1749 19

476 1753 639 1802 Lucia
658 1755 801 1817 virgo
818 1755 1129 1812 venerabilis,
1158 1766 1177 1802 1
1192 1753 1253 1802 16

476 1818 706 1868 Luc-iano
724 1820 1001 1868 venerabili
1008 1821 1301 1883 presbytero,
1322 1831 1425 1879 440

476 1885 673 1934 Lumen
694 1887 765 1934 ad
782 1885 1123 1934 revelationem
1138 1886 1389 1948 gentium,
1420 1881 1511 1932 182

475 1949 691 2000 Lumine
714 1952 879 2000 vultus
900 1951 971 2000 tui
994 1951 1271 2014 insignitus,
1298 1961 1363 2013 95

474 2017 598 2065 Lux
616 2024 727 2065 orta
746 2023 819 2066 est
823 2018 980 2081 justo
1008 2017 1167 2065 all'a:
1199 2018 1361 2074 rectis,
1384 2025 1412 2077 5

474 2081 598 2129 Lux
616 2089 727 2130 orta
748 2090 817 2131 est
822 2085 967 2146 Justo
987 2083 1131 2130 netis
1150 2083 1301 2140 corde,
1330 2093 1433 2128 210

475 2145 587 2195 Lux
610 2157 851 2212 perpetua
871 2148 1055 2197 lucebit
1076 2147 1275 2206 sanctis,
1303 2159 1405 2208 409

471 2342 587 2390 MA
595 2343 950 2392 GDALENA
956 2343 1029 2391 M
1038 2358 1133 2391 sua
1154 2343 1397 2402 m'mina,
1421 2355 1523 2406 404

472 2409 613 2472 Magi
636 2409 862 2459 videntes
882 2409 1095 2468 stellam,
1124 2408 1219 2457 160

472 2475 613 2538 Magi
636 2475 865 2524 viderunt
886 2475 1083 2524 stellam
1106 2474 1410 2532 obtulerunt,
1438 2485 1530 2534 177

472 2540 717 2604 Magister
738 2541 859 2590 dicit
882 2549 1078 2604 tempus
1100 2556 1283 2599 meum,
1313 2539 1411 2604 358

474 2607 719 2671 Magister
739 2607 861 2671 quid
880 2606 1111 2656 faciendo
1136 2606 1305 2665 vitam,
1328 2607 1429 2669 635

474 2673 717 2737 Magister
738 2674 873 2738 quod
896 2681 969 2722 est
992 2673 1299 2730 mandatum,
1322 2671 1421 2732 642

476 2739 719 2804 Magister
740 2740 921 2789 scimus
941 2739 1061 2803 quia
1084 2755 1231 2788 verax
1254 2753 1323 2797 os,
1344 2739 1447 2800 649

474 2805 769 2868 Magnificat
790 2807 957 2854 anima
980 2821 1092 2853 mea
1114 2805 1253 2862 dnm,
1280 2815 1377 2866 903

476 2871 827 2934 Magnificatur.
848 2881 921 2920 est
946 2886 1028 2920 rex
1054 2871 1301 2945 pacifich
1331 2880 1396 2930 74

474 2937 718 3000 Magnum
743 2936 1031 2986 hereditatis
1048 2936 1351 3000 mysterium,
1385 2948 1479 2995 144

474 3002 720 3066 Magnum
744 3001 1029 3068 mysterium
1052 3002 1347 3058 declaratur,
1376 3013 1467 3063 193

474 3069 703 3132 Magnus
722 3077 921 3116 sanctus
934 3069 1125 3131 paulus
1144 3083 1251 3125 vas,
1280 3067 1390 3125 166,
1412 3066 1511 3130 358

474 3133 722 3198 Majorem
742 3135 1035 3183 charitatem
1056 3149 1196 3182 nemo
1216 3133 1373 3192 habet,
1396 3132 1429 3182 8

474 3199 642 3250 Malos
662 3201 794 3249 male
816 3200 1005 3263 perdet,
1030 3211 1127 3260 309

474 3265 628 3314 Mane
651 3275 815 3314 autem
838 3265 971 3314 sacto
992 3265 1145 3323 stetit,
1165 3277 1267 3325 419

474 3330 629 3380 Mane
650 3347 857 3394 surgens
874 3331 1025 3394 jacob
1045 3330 1283 3393 erigebat,
1310 3329 1409 3393 663

476 3396 716 3445 Maneant
740 3397 789 3444 in
813 3397 956 3444 vobis
978 3411 1109 3460 speS,
1132 3406 1227 3455 217

476 3461 639 3510 Maria
662 3470 712 3510 et
736 3461 940 3510 flumina
962 3461 1259 3520 benedicite,
1294 3462 1388 3523 169

474 3529 655 3576 Maria
669 3528 758 3591 pio
778 3529 1037 3590 conjuncta
1056 3527 1199 3590 Jesu,
1224 3527 1322 3588 396

474 3593 639 3642 Maria
660 3593 823 3642 stabat
844 3593 910 3641 ad
934 3601 1329 3652 monumentum,
1348 3605 1443 3654 421

470 3659 651 3707 Μανία
671 3659 813 3722 virgo
832 3665 1085 3720 assumpta
1107 3665 1191 3717 est,
1213 3658 1313 3718 484

472 3725 704 3774 Martini
718 3725 859 3772 misit
878 3740 965 3772 nos
984 3724 1218 3772 dominus
1240 3725 1347 3782 tibi,
1378 3735 1475 3787 377

470 3791 740 3842 Martinus
760 3790 942 3839 abrahe
959 3789 1080 3838 sinu
1102 3791 1243 3847 letus,
1266 3789 1365 3838 688

472 3857 740 3906 Martinus
760 3855 923 3904 adhuc
941 3856 1328 3915 catechuminus,
1350 3867 1450 3919 373

473 3925 729 3986 Martyres
746 3923 912 3971 sancti
930 3929 1121 3986 quanta
1136 3922 1293 3985 passi,
1318 3932 1381 3984 35

472 3989 771 4037 Maxentius
793 3990 951 4037 instat
972 3989 1160 4052 impius
1179 3989 1318 4047 dum,
1342 3999 1435 4049 721

473 4055 561 4103 Me
582 4054 786 4118 suscepit
804 4055 1005 4103 dextera
1026 4062 1133 4113 tua,
1156 4053 1255 4102 666

472 4121 591 4169 Mea
614 4121 839 4169 doctrina
860 4135 961 4168 non
984 4128 1061 4169 est
1084 4135 1211 4178 mea,
1234 4118 1332 4181 338

470 4186 669 4234 Mecum
692 4186 827 4234 enim
850 4186 995 4234 habeo
1016 4185 1269 4244 custodem,
1300 4184 1390 4244 148

472 4252 646 4300 Media
668 4259 799 4299 nocte
819 4251 1185 4316 clamorfactus
1205 4259 1289 4309 est,
1313 4251 1395 4310 67,
1420 4259 1483 4311 72

472 4317 644 4365 Media
668 4324 799 4364 nocte
818 4317 1067 4366 dominica
1087 4325 1302 4374 sanctus,
1326 4317 1422 4379 685

474 4382 645 4430 Media
670 4381 843 4429 vitain
869 4393 1027 4432 morte
1052 4399 1235 4442 sumuS,
1261 4383 1356 4444 328

1144 263 1177 288 ν
1209 213 1491 271 INDEX
1534 213 1668 268 AN
1669 214 1726 268 T
1715 213 2246 270 IPHONARUM

2287 322 2447 378 840

1778 436 2088 488 Medicinam
2108 439 2359 488 camalem
2379 440 2586 503 corpori,
2615 451 2712 502 193

1777 505 1892 554 Mel
1905 513 1954 553 et
1973 505 2052 553 lac
2069 521 2134 554 ex
2151 521 2234 554 ore
2253 506 2358 570 ejus
2377 507 2583 568 suscepi,
2613 505 2712 565 146

1781 571 2040 620 Memento
2063 571 2162 620 mei
2183 570 2388 620 domine
2409 571 2556 630 deus,
2586 583 2688 632 394

1781 635 1979 685 Memor
1999 637 2064 685 sit
2085 637 2180 685 dns
2201 635 2428 686 sacrificii
2451 636 2625 695 nostri,
2653 647 2756 699 534

1779 702 1927 750 Mens
1949 718 2056 750 mea
2075 703 2287 750 solidata
2305 708 2390 760 est,
2425 701 2518 762 187

1778 767 1999 816 Mentem
2021 775 2243 816 sanctam
2263 775 2603 830 spmuaueum,
2635 780 2732 829 194

1781 833 2152 882 Mercennarius
2173 841 2250 882 est
2271 833 2414 896 cujus
2436 848 2556 892 non,
2577 844 2696 894 447,
2719 831 2820 892 448

1779 899 2009 948 Metuant
2031 900 2152 947 dnm
2175 914 2348 948 omnes
2373 898 2496 948 finer
2517 909 2664 956 terre,
2686 897 2790 948 868

1777 964 2004 1013 Michael
2017 965 2306 1028 archangele
2323 965 2446 1014 veni
2465 965 2538 1022 in,
2563 963 2654 1029 581

1777 1030 2002 1078 Michael
2009 1031 2288 1093 prepositus
2297 1031 2546 1093 paradisi,
2573 1029 2668 1092 583

1778 1095 1926 1144 Mihi
1941 1097 2108 1144 vivere
2135 1095 2369 1146 Chr-istus
2387 1103 2460 1144 est
2477 1103 2524 1145 et
2545 1097 2691 1154 mori,
2716 1105 2816 1158 357

1781 1161 2014 1210 Mirabile
2037 1162 2324 1224 mysterium
2345 1162 2640 1220 declaratur,
2669 1175 2766 1222 144

1779 1227 2012 1290 Μηηκι
2033 1227 2170 1276 modo
2190 1228 2380 1276 inernsi
2395 1229 2524 1286 viro,
2549 1226 2652 1276 608

1779 1293 1980 1340 Mirum
2002 1293 2189 1341 distum
2211 1294 2333 1342 huic
2351 1308 2548 1356 egresso,
2569 1303 2670 1356 225

1781 1359 2046 1407 Miserator
2066 1359 2160 1407 dns
2183 1374 2348 1408 esoem
2372 1359 2528 1417 dedit,
2553 1368 2655 1421 529

1779 1423 2018 1472 Miserere
2039 1425 2138 1473 mei
2161 1424 2234 1472 fili
2253 1424 2425 1484 david,
2451 1425 2550 1487 263

1779 1489 2016 1538 Miserere
2038 1491 2136 1539 mei
2157 1491 2285 1539 deus
2305 1491 2398 1552 (1),
2419 1501 2518 1553 237

1779 1555 2017 1604 Miserere
2037 1557 2136 1603 mei
2157 1556 2282 1605 deus
2307 1559 2399 1618 (2),
2420 1567 2520 1620 773

1779 1620 2018 1670 Miserere
2039 1621 2164 1670 mihi
2185 1621 2404 1680 domine,
2429 1633 2460 1685 5

1779 1686 2022 1736 Misereor
2041 1703 2190 1751 super
2212 1687 2408 1736 turbam
2433 1687 2550 1752 quia
2571 1703 2706 1746 ecce,
2729 1687 2834 1748 627

1779 1751 2022 1801 Miserunt
2040 1752 2181 1815 judei
2202 1753 2268 1801 ab
2289 1752 2650 1816 hierosolymis,
2669 1753 2744 1813 64

1779 1817 1898 1866 Misi
1919 1819 2106 1882 digitos
2127 1833 2267 1868 meos
2289 1819 2340 1868 iu
2363 1819 2589 1877 fixuram,
2615 1832 2720 1881 439

1776 1884 1932 1931 Misit
1949 1883 2070 1932 deus
2087 1885 2324 1948 angelum
2343 1901 2514 1943 suum,
2533 1885 2636 1946 467

1775 1949 1931 1997 Misit
1947 1950 2180 1998 dominus
2201 1951 2436 2013 angelum
2457 1967 2627 2009 suum,
2649 1959 2750 2012 355

1775 2015 1930 2063 Misit
1947 2015 2180 2064 dominus
2203 2032 2412 2064 manum
2435 2032 2598 2074 suam,
2628 2027 2730 2078 333

1777 2081 1935 2129 Misso
1955 2081 2150 2130 herodes
2167 2082 2462 2144 spiculatore
2473 2083 2708 2145 precepit,
2733 2091 2833 2143 520

1777 2145 1962 2195 Missus
1981 2155 2057 2196 est
2077 2147 2267 2210 gabriel
2289 2149 2496 2210 augelus
2517 2148 2602 2206 ad,
2627 2161 2680 2208 4,
2708 2160 2794 2209 49,
2821 2147 2924 2207 678

1777 2213 1970 2261 Missus
1989 2219 2060 2261 est
2073 2213 2272 2276 gabriel
2287 2214 2510 2276 angelus,
2535 2213 2633 2276 238

1779 2279 1964 2327 Missus
1983 2293 2094 2326 sum
2116 2279 2182 2327 ad
2204 2293 2340 2336 oveS,
2363 2290 2461 2341 303

1777 2343 1923 2392 Mitis
1943 2345 1994 2393 in
2017 2344 2294 2403 consortiiS,
2323 2353 2454 2406 179n

1777 2410 1930 2457 Mitis
1952 2411 2009 2458 in
2031 2411 2286 2458 consortiis
2300 2426 2318 2458 :
2352 2411 2411 2458 in
2432 2411 2622 2474 loquela
2645 2427 2817 2469 mnas,
2839 2409 2938 2470 298

1779 2476 1928 2524 Mitte
1951 2491 2153 2524 manum
2176 2484 2312 2524 tuam
2337 2485 2387 2526 et
2409 2491 2672 2539 cognosce,
2695 2487 2796 2538 437

1775 2541 1988 2590 Mittens
2009 2542 2104 2590 dtis
2123 2549 2171 2590 et
2189 2543 2316 2591 alios
2335 2543 2406 2590 ad
2413 2542 2796 2606 predicatuium,
2825 2555 2845 2590 1
2859 2554 2878 2590 1

1779 2607 1986 2656 Mittens
2007 2607 2100 2656 hec
2121 2608 2300 2656 mulier
2319 2608 2372 2656 in
2393 2623 2574 2672 corpus
2595 2624 2784 2666 meum,
2805 2617 2906 2670 359

1777 2673 2034 2721 Modicum
2059 2683 2106 2722 et
2131 2689 2233 2722 non
2257 2673 2508 2732 videbitis,
2527 2685 2630 2736 454

1777 2738 2056 2788 Monachus
2079 2740 2174 2788 sub
2193 2739 2374 2788 clerieo
2397 2741 2544 2799 clam,
2573 2752 2662 2788 121

1777 2805 1980 2854 Montes
2001 2813 2050 2853 et
2072 2805 2242 2864 colles,
2271 2817 2336 2867 33

1777 2871 1979 2918 Montes
2000 2879 2050 2920 et
2073 2887 2248 2920 omnes
2267 2871 2440 2930 collos,
2460 2883 2528 2933 43

1777 2936 1980 2985 Montes
2001 2936 2178 2998 gelboe
2203 2952 2298 2985 nec
2321 2953 2404 2986 ros
2423 2953 2516 2986 uec
2541 2937 2728 3001 pluvia,
2755 2937 2852 2999 560

1777 3002 1906 3050 Mox
1915 3009 2064 3065 pater
2081 3019 2194 3051 suos
2213 3003 2409 3066 affatur
2425 3004 2654 3066 quisque,
2681 3015 2782 3064 229

1777 3067 2016 3117 Mulieres
2035 3069 2265 3118 sedentes
2286 3069 2354 3116 ad
2375 3079 2774 3128 monumentum,
2794 3080 2883 3128 401

1777 3133 1942 3182 Multa
1962 3134 2096 3182 bom
2117 3149 2274 3198 opera
2292 3145 2541 3197 operatus,
2569 3145 2668 3196 357

1777 3199 1941 3247 Multa
1961 3199 2165 3264 quidem
2187 3207 2238 3248 et
2259 3199 2358 3248 alia
2381 3201 2540 3263 signa,
2561 3213 2658 3261 441

1728 3274 1739 3286 ·
1777 3265 1926 3314 Multi
1951 3265 2084 3313 enim
2105 3275 2220 3314 sunt
2241 3266 2423 3324 vocati,
2453 3279 2556 3326 244

1775 3331 2210 3394 Alultiplicabitur
2228 3332 2335 3396 ejus
2357 3333 2646 3395 imper-ium,
2669 3343 2770 3394 239

1775 3397 1968 3445 Multos
1989 3398 2072 3445 hic
2089 3399 2295 3444 sanavit
2314 3413 2466 3460 egros,
2494 3398 2596 3447 226

1777 3462 1998 3511 Mundus
2019 3471 2185 3511 autem
2207 3463 2464 3526 gaudebit,
2485 3474 2584 3527 455

1775 3527 2080 3576 Muneribus
2099 3529 2232 3576 datis
2257 3530 2366 3576 neci
2385 3537 2522 3589 sum,
2558 3541 2650 3590 103

1775 3593 1927 3642 Muto
1949 3603 2036 3643 tuo
2057 3593 2434 3658 inexpugnabili
2457 3595 2808 3658 circumcinge,
2827 3593 2926 3653 609

1771 3791 1876 3839 NA
1893 3789 2196 3840 TJVJTAS
2221 3797 2292 3840 est
2323 3791 2466 3842 hodie
2503 3800 2669 3842 sancte
2707 3791 2860 3840 mane
2885 3791 2964 3850 (1),

1775 3867 2036 3971 A’astt'gitas
2055 3929 2126 3972 est
2145 3923 2289 3972 hodie
2309 3931 2474 3972 sancte
2495 3925 2659 3972 matie
2681 3925 2776 3983 (2),
2799 3933 2892 3985 542

1775 3989 2038 4036 Nativitas
2051 3989 2261 4051 gloriose
2281 3991 2508 4066 virginis
2533 3992 2708 4049 marie,
2731 4001 2826 4052 542

1773 4054 2036 4102 Ναίὶυἰΐαι
2058 4061 2148 4102 tua
2169 4055 2254 4103 dei
2265 4057 2502 4118 gent‘trix
2521 4058 2682 4119 m'‚rgv
2707 4067 2772 4119 54
2775 4067 2804 4117 3

1774 4120 2108 4168 Nativitatem
2132 4121 2426 4170 hodiernam
2441 4129 2694 4186 perpetue,
2717 4133 2816 4184 542

1661 4188 1668 4197 ”
1775 4185 1914 4234 Nato
1937 4185 2141 4234 domino
2165 4188 2475 4250 angelorum,
2503 4200 2571 4248 92

1773 4252 1966 4301 Nature
1987 4251 2184 4314 genitor
2205 4267 2446 4302 conserva
2470 4263 2647 4312 morte,
2673 4263 2760 4314 741

1776 4317 1936 4366 Natus
1957 4324 2033 4367 est
2055 4317 2202 4366 nobis
2223 4317 2378 4368 hodie
2399 4321 2634 4378 salvator,
2657 4331 2720 4379 92

1773 4385 2038 4432 A'azareus
2059 4384 2320 4433 vocabitur
2327 4391 2466 4449 puer
2487 4393 2592 4444 rste,
2621 4398 2718 4447 330
