<?xml version="1.0" encoding="UTF-8"?>
<!DOCTYPE html PUBLIC "-//W3C//DTD XHTML 1.0 Transitional//EN"
    "http://www.w3.org/TR/xhtml1/DTD/xhtml1-transitional.dtd">
<html xmlns="http://www.w3.org/1999/xhtml" xml:lang="en" lang="en">
 <head>
  <title>
</title>
<meta http-equiv="Content-Type" content="text/html;charset=utf-8" />
  <meta name='ocr-system' content='tesseract 3.04.00' />
  <meta name='ocr-capabilities' content='ocr_page ocr_carea ocr_par ocr_line ocrx_word'/>
</head>
<body>
  <div class='ocr_page' id='page_1' title='image "breviariumadusu03yorkgoog_0306.png"; bbox 0 0 3117 4959; ppageno 0'>
   <div class='ocr_carea' id='block_1_1' title="bbox 898 235 1892 294">
    <p class='ocr_par' dir='ltr' id='par_1_1' title="bbox 898 235 1892 294">
     <span class='ocr_line' id='line_1_1' title="bbox 898 235 1892 294; baseline 0.004 -4"><span class='ocrx_word' id='word_1_1' title='bbox 898 237 959 291; x_wconf 87' lang='lat' dir='ltr'>S.</span> <span class='ocrx_word' id='word_1_2' title='bbox 1011 235 1419 291; x_wconf 79' lang='lat' dir='ltr'><em>MATTHEJ</em></span> <span class='ocrx_word' id='word_1_3' title='bbox 1462 235 1892 294; x_wconf 82' lang='lat' dir='ltr'><em>APOSTOLI.</em></span> 
     </span>
    </p>
   </div>
   <div class='ocr_carea' id='block_1_2' title="bbox 684 345 830 398">
    <p class='ocr_par' dir='ltr' id='par_1_2' title="bbox 684 345 830 398">
     <span class='ocr_line' id='line_1_2' title="bbox 684 345 830 398; baseline 0 0"><span class='ocrx_word' id='word_1_4' title='bbox 684 345 830 398; x_wconf 80' lang='lat'>567</span> 
     </span>
    </p>
   </div>
   <div class='ocr_carea' id='block_1_3' title="bbox 138 451 1358 4143">
    <p class='ocr_par' dir='ltr' id='par_1_3' title="bbox 138 451 1358 4143">
     <span class='ocr_line' id='line_1_3' title="bbox 190 451 1352 536; baseline -0.003 -18"><span class='ocrx_word' id='word_1_5' title='bbox 190 453 350 536; x_wconf 80' lang='lat' dir='ltr'>magi</span> <span class='ocrx_word' id='word_1_6' title='bbox 382 471 595 516; x_wconf 87' lang='lat' dir='ltr'>zaroes</span> <span class='ocrx_word' id='word_1_7' title='bbox 626 458 695 514; x_wconf 94' lang='lat' dir='ltr'>et</span> <span class='ocrx_word' id='word_1_8' title='bbox 726 451 1060 534; x_wconf 81' lang='lat' dir='ltr'>arphaxat</span> <span class='ocrx_word' id='word_1_9' title='bbox 1092 451 1159 514; x_wconf 90' lang='lat' dir='ltr'>in</span> <span class='ocrx_word' id='word_1_10' title='bbox 1192 451 1352 515; x_wconf 87' lang='lat' dir='ltr'>civi·</span> 
     </span>
     <span class='ocr_line' id='line_1_4' title="bbox 188 539 1351 622; baseline -0.005 -16"><span class='ocrx_word' id='word_1_11' title='bbox 188 555 311 606; x_wconf 85' lang='lat' dir='ltr'>tate</span> <span class='ocrx_word' id='word_1_12' title='bbox 354 561 472 622; x_wconf 88' lang='lat' dir='ltr'>que</span> <span class='ocrx_word' id='word_1_13' title='bbox 515 539 755 602; x_wconf 87' lang='lat' dir='ltr'>dicitur</span> <span class='ocrx_word' id='word_1_14' title='bbox 812 539 1237 603; x_wconf 89' lang='lat' dir='ltr'>naddabar¹:</span> <span class='ocrx_word' id='word_1_15' title='bbox 1284 539 1351 601; x_wconf 91' lang='lat' dir='ltr'>in</span> 
     </span>
     <span class='ocr_line' id='line_1_5' title="bbox 192 627 1353 712; baseline -0.002 -20"><span class='ocrx_word' id='word_1_16' title='bbox 192 651 311 712; x_wconf 89' lang='lat' dir='ltr'>qua</span> <span class='ocrx_word' id='word_1_17' title='bbox 352 638 486 691; x_wconf 88' lang='lat' dir='ltr'>erat</span> <span class='ocrx_word' id='word_1_18' title='bbox 530 647 649 690; x_wconf 87' lang='lat' dir='ltr'>rex</span> <span class='ocrx_word' id='word_1_19' title='bbox 707 630 976 690; x_wconf 90' lang='lat' dir='ltr'>nomine</span> <span class='ocrx_word' id='word_1_20' title='bbox 1028 627 1353 709; x_wconf 74' lang='lat' dir='ltr'>eglippus,</span> 
     </span>
     <span class='ocr_line' id='line_1_6' title="bbox 193 714 1353 796; baseline -0.004 -14"><span class='ocrx_word' id='word_1_21' title='bbox 193 719 371 782; x_wconf 89' lang='lat' dir='ltr'>Hunc</span> <span class='ocrx_word' id='word_1_22' title='bbox 400 717 617 796; x_wconf 90' lang='lat' dir='ltr'>itaque</span> <span class='ocrx_word' id='word_1_23' title='bbox 648 714 1084 779; x_wconf 88' lang='lat' dir='ltr'>ludificabant</span> <span class='ocrx_word' id='word_1_24' title='bbox 1116 715 1184 778; x_wconf 89' lang='lat' dir='ltr'>hi</span> <span class='ocrx_word' id='word_1_25' title='bbox 1216 716 1353 778; x_wconf 87' lang='lat' dir='ltr'>duo</span> 
     </span>
     <span class='ocr_line' id='line_1_7' title="bbox 188 803 1353 887; baseline -0.003 -17"><span class='ocrx_word' id='word_1_26' title='bbox 188 807 389 887; x_wconf 87' lang='lat' dir='ltr'>magi:</span> <span class='ocrx_word' id='word_1_27' title='bbox 417 812 488 866; x_wconf 90' lang='lat' dir='ltr'>ut</span> <span class='ocrx_word' id='word_1_28' title='bbox 515 805 809 867; x_wconf 84' lang='lat' dir='ltr'><strong>dicerent</strong></span> <span class='ocrx_word' id='word_1_29' title='bbox 838 803 953 866; x_wconf 73' lang='lat' dir='ltr'>se²</span> <span class='ocrx_word' id='word_1_30' title='bbox 981 803 1146 866; x_wconf 86' lang='lat' dir='ltr'>deos</span> <span class='ocrx_word' id='word_1_31' title='bbox 1178 823 1353 867; x_wconf 88' lang='lat' dir='ltr'>esse:</span> 
     </span>
     <span class='ocr_line' id='line_1_8' title="bbox 188 891 1351 974; baseline -0.002 -18"><span class='ocrx_word' id='word_1_32' title='bbox 188 904 247 957; x_wconf 91' lang='lat' dir='ltr'>et</span> <span class='ocrx_word' id='word_1_33' title='bbox 274 891 571 956; x_wconf 88' lang='lat' dir='ltr'>credebat</span> <span class='ocrx_word' id='word_1_34' title='bbox 623 891 719 954; x_wconf 88' lang='lat' dir='ltr'>eis</span> <span class='ocrx_word' id='word_1_35' title='bbox 769 893 989 954; x_wconf 89' lang='lat' dir='ltr'>omnis</span> <span class='ocrx_word' id='word_1_36' title='bbox 1020 891 1351 974; x_wconf 88' lang='lat' dir='ltr'>populus:</span> 
     </span>
     <span class='ocr_line' id='line_1_9' title="bbox 189 980 1354 1062; baseline -0.001 -19"><span class='ocrx_word' id='word_1_37' title='bbox 189 981 367 1044; x_wconf 89' lang='lat' dir='ltr'>etiam</span> <span class='ocrx_word' id='word_1_38' title='bbox 440 989 503 1042; x_wconf 93' lang='lat' dir='ltr'>et</span> <span class='ocrx_word' id='word_1_39' title='bbox 580 980 723 1062; x_wconf 93' lang='lat' dir='ltr'>ipse</span> <span class='ocrx_word' id='word_1_40' title='bbox 796 1000 919 1043; x_wconf 90' lang='lat' dir='ltr'>rex</span> <span class='ocrx_word' id='word_1_41' title='bbox 988 987 1354 1043; x_wconf 86' lang='lat' dir='ltr'>memorate</span> 
     </span>
     <span class='ocr_line' id='line_1_10' title="bbox 182 1067 1355 1149; baseline 0 -18"><span class='ocrx_word' id='word_1_42' title='bbox 182 1069 459 1132; x_wconf 81' lang='lat' dir='ltr'>civitatis,</span> <span class='ocrx_word' id='word_1_43' title='bbox 1040 1067 1255 1130; x_wconf 83' lang='lat' dir='ltr'><em>Lectio</em></span> <span class='ocrx_word' id='word_1_44' title='bbox 1286 1067 1355 1149; x_wconf 80' lang='lat' dir='ltr'>ij.</span> 
     </span>
     <span class='ocr_line' id='line_1_11' title="bbox 180 1155 1356 1288; baseline -0.001 -70"><span class='ocrx_word' id='word_1_45' title='bbox 180 1158 553 1288; x_wconf 78' lang='lat' dir='ltr'>Ingressus</span> <span class='ocrx_word' id='word_1_46' title='bbox 608 1175 767 1238; x_wconf 85' lang='lat' dir='ltr'>ergo</span> <span class='ocrx_word' id='word_1_47' title='bbox 813 1156 1153 1238; x_wconf 87' lang='lat' dir='ltr'>apostolus</span> <span class='ocrx_word' id='word_1_48' title='bbox 1199 1155 1356 1218; x_wconf 87' lang='lat' dir='ltr'>civi-</span> 
     </span>
     <span class='ocr_line' id='line_1_12' title="bbox 258 1242 1355 1308; baseline 0 -2"><span class='ocrx_word' id='word_1_49' title='bbox 258 1253 453 1307; x_wconf 88' lang='lat' dir='ltr'>tatem</span> <span class='ocrx_word' id='word_1_50' title='bbox 500 1264 519 1308; x_wconf 96' lang='lat'>:</span> <span class='ocrx_word' id='word_1_51' title='bbox 573 1244 800 1307; x_wconf 88' lang='lat' dir='ltr'>omnia</span> <span class='ocrx_word' id='word_1_52' title='bbox 874 1242 1053 1306; x_wconf 89' lang='lat' dir='ltr'>mala</span> <span class='ocrx_word' id='word_1_53' title='bbox 1118 1263 1355 1306; x_wconf 89' lang='lat' dir='ltr'>evacu-</span> 
     </span>
     <span class='ocr_line' id='line_1_13' title="bbox 182 1331 1355 1412; baseline 0 -18"><span class='ocrx_word' id='word_1_54' title='bbox 182 1332 324 1394; x_wconf 88' lang='lat' dir='ltr'>abat</span> <span class='ocrx_word' id='word_1_55' title='bbox 379 1332 443 1393; x_wconf 89' lang='lat' dir='ltr'>in</span> <span class='ocrx_word' id='word_1_56' title='bbox 503 1333 774 1394; x_wconf 88' lang='lat' dir='ltr'>nomine</span> <span class='ocrx_word' id='word_1_57' title='bbox 845 1331 1088 1395; x_wconf 81' lang='lat' dir='ltr'>Christi</span> <span class='ocrx_word' id='word_1_58' title='bbox 1130 1351 1145 1395; x_wconf 94' lang='lat'>:</span> <span class='ocrx_word' id='word_1_59' title='bbox 1222 1350 1355 1412; x_wconf 92' lang='lat' dir='ltr'>que</span> 
     </span>
     <span class='ocr_line' id='line_1_14' title="bbox 181 1418 1353 1484; baseline 0 -2"><span class='ocrx_word' id='word_1_60' title='bbox 181 1420 262 1482; x_wconf 87' lang='lat' dir='ltr'>illi</span> <span class='ocrx_word' id='word_1_61' title='bbox 305 1419 675 1482; x_wconf 83' lang='lat' dir='ltr'>hominibus</span> <span class='ocrx_word' id='word_1_62' title='bbox 751 1418 1099 1483; x_wconf 85' lang='lat' dir='ltr'><strong>faciebant.</strong></span> <span class='ocrx_word' id='word_1_63' title='bbox 1180 1419 1353 1484; x_wconf 90' lang='lat' dir='ltr'>Cum</span> 
     </span>
     <span class='ocr_line' id='line_1_15' title="bbox 181 1506 1357 1589; baseline -0.001 -19"><span class='ocrx_word' id='word_1_64' title='bbox 181 1527 286 1588; x_wconf 91' lang='lat' dir='ltr'>per</span> <span class='ocrx_word' id='word_1_65' title='bbox 327 1507 577 1589; x_wconf 84' lang='lat' dir='ltr'>aliquot</span> <span class='ocrx_word' id='word_1_66' title='bbox 628 1506 769 1570; x_wconf 90' lang='lat' dir='ltr'>dies</span> <span class='ocrx_word' id='word_1_67' title='bbox 828 1507 1169 1589; x_wconf 88' lang='lat' dir='ltr'>apostolus</span> <span class='ocrx_word' id='word_1_68' title='bbox 1216 1527 1357 1569; x_wconf 89' lang='lat' dir='ltr'>ma-</span> 
     </span>
     <span class='ocr_line' id='line_1_16' title="bbox 180 1594 1358 1678; baseline 0.001 -22"><span class='ocrx_word' id='word_1_69' title='bbox 180 1603 345 1657; x_wconf 85' lang='lat' dir='ltr'><strong>neret</strong></span> <span class='ocrx_word' id='word_1_70' title='bbox 400 1596 465 1658; x_wconf 90' lang='lat' dir='ltr'>in</span> <span class='ocrx_word' id='word_1_71' title='bbox 528 1595 733 1658; x_wconf 90' lang='lat' dir='ltr'>domo</span> <span class='ocrx_word' id='word_1_72' title='bbox 781 1594 1101 1658; x_wconf 90' lang='lat' dir='ltr'>eunuchi:</span> <span class='ocrx_word' id='word_1_73' title='bbox 1155 1596 1267 1678; x_wconf 92' lang='lat' dir='ltr'>qui</span> <span class='ocrx_word' id='word_1_74' title='bbox 1315 1615 1358 1657; x_wconf 89' lang='lat' dir='ltr'>a</span> 
     </span>
     <span class='ocr_line' id='line_1_17' title="bbox 176 1679 1354 1765; baseline 0.002 -21"><span class='ocrx_word' id='word_1_75' title='bbox 176 1681 456 1764; x_wconf 91' lang='lat' dir='ltr'>philippo</span> <span class='ocrx_word' id='word_1_76' title='bbox 486 1681 701 1746; x_wconf 84' lang='lat' dir='ltr'>fuerat</span> <span class='ocrx_word' id='word_1_77' title='bbox 732 1679 1143 1765; x_wconf 82' lang='lat' dir='ltr'>baptisatus:</span> <span class='ocrx_word' id='word_1_78' title='bbox 1173 1683 1354 1746; x_wconf 90' lang='lat' dir='ltr'>venit</span> 
     </span>
     <span class='ocr_line' id='line_1_18' title="bbox 180 1770 1352 1852; baseline 0.001 -20"><span class='ocrx_word' id='word_1_79' title='bbox 180 1772 277 1851; x_wconf 92' lang='lat' dir='ltr'>qui</span> <span class='ocrx_word' id='word_1_80' title='bbox 307 1771 549 1833; x_wconf 88' lang='lat' dir='ltr'>diceret</span> <span class='ocrx_word' id='word_1_81' title='bbox 594 1791 826 1852; x_wconf 87' lang='lat' dir='ltr'>magos</span> <span class='ocrx_word' id='word_1_82' title='bbox 858 1770 1006 1833; x_wconf 89' lang='lat' dir='ltr'>illos</span> <span class='ocrx_word' id='word_1_83' title='bbox 1037 1790 1187 1834; x_wconf 90' lang='lat' dir='ltr'>cum</span> <span class='ocrx_word' id='word_1_84' title='bbox 1220 1772 1352 1833; x_wconf 89' lang='lat' dir='ltr'>sin-</span> 
     </span>
     <span class='ocr_line' id='line_1_19' title="bbox 176 1858 1353 1939; baseline 0.003 -20"><span class='ocrx_word' id='word_1_85' title='bbox 176 1858 333 1939; x_wconf 87' lang='lat' dir='ltr'>gulis</span> <span class='ocrx_word' id='word_1_86' title='bbox 359 1859 757 1922; x_wconf 85' lang='lat' dir='ltr'>draconibus</span> <span class='ocrx_word' id='word_1_87' title='bbox 790 1860 1115 1922; x_wconf 89' lang='lat' dir='ltr'>advenire.</span> <span class='ocrx_word' id='word_1_88' title='bbox 1185 1859 1353 1922; x_wconf 90' lang='lat' dir='ltr'>Dra-</span> 
     </span>
     <span class='ocr_line' id='line_1_20' title="bbox 178 1947 1352 2028; baseline 0.002 -20"><span class='ocrx_word' id='word_1_89' title='bbox 178 1965 359 2008; x_wconf 89' lang='lat' dir='ltr'>cones</span> <span class='ocrx_word' id='word_1_90' title='bbox 410 1956 636 2010; x_wconf 90' lang='lat' dir='ltr'>autem</span> <span class='ocrx_word' id='word_1_91' title='bbox 688 1956 876 2009; x_wconf 90' lang='lat' dir='ltr'>erant</span> <span class='ocrx_word' id='word_1_92' title='bbox 905 1947 1149 2028; x_wconf 83' lang='lat' dir='ltr'>galeati</span> <span class='ocrx_word' id='word_1_93' title='bbox 1174 1947 1237 2010; x_wconf 77' lang='lat'>³:</span> <span class='ocrx_word' id='word_1_94' title='bbox 1284 1956 1352 2010; x_wconf 89' lang='lat' dir='ltr'>et</span> 
     </span>
     <span class='ocr_line' id='line_1_21' title="bbox 174 2033 1353 2116; baseline 0.003 -21"><span class='ocrx_word' id='word_1_95' title='bbox 174 2033 541 2116; x_wconf 88' lang='lat' dir='ltr'>sulphureas</span> <span class='ocrx_word' id='word_1_96' title='bbox 618 2054 851 2098; x_wconf 88' lang='lat' dir='ltr'>aureas</span> <span class='ocrx_word' id='word_1_97' title='bbox 887 2034 910 2070; x_wconf 85' lang='lat'><strong>⁴</strong></span> <span class='ocrx_word' id='word_1_98' title='bbox 992 2036 1353 2098; x_wconf 89' lang='lat' dir='ltr'>emiserunt</span> 
     </span>
     <span class='ocr_line' id='line_1_22' title="bbox 176 2121 1353 2204; baseline 0.002 -21"><span class='ocrx_word' id='word_1_99' title='bbox 176 2122 425 2185; x_wconf 88' lang='lat' dir='ltr'>naribus</span> <span class='ocrx_word' id='word_1_100' title='bbox 452 2145 467 2186; x_wconf 90' lang='lat'>:</span> <span class='ocrx_word' id='word_1_101' title='bbox 498 2143 783 2204; x_wconf 88' lang='lat' dir='ltr'>quorum</span> <span class='ocrx_word' id='word_1_102' title='bbox 816 2123 1018 2185; x_wconf 90' lang='lat' dir='ltr'>odore</span> <span class='ocrx_word' id='word_1_103' title='bbox 1048 2121 1353 2186; x_wconf 89' lang='lat' dir='ltr'>homines</span> 
     </span>
     <span class='ocr_line' id='line_1_23' title="bbox 138 2209 1350 2294; baseline 0.002 -23"><span class='ocrx_word' id='word_1_104' title='bbox 138 2209 733 2294; x_wconf 73' lang='lat' dir='ltr'>interficiebantur.</span> <span class='ocrx_word' id='word_1_105' title='bbox 826 2210 1087 2292; x_wconf 89' lang='lat' dir='ltr'>Aperto</span> <span class='ocrx_word' id='word_1_106' title='bbox 1127 2220 1350 2274; x_wconf 88' lang='lat' dir='ltr'>autem</span> 
     </span>
     <span class='ocr_line' id='line_1_24' title="bbox 172 2297 1351 2380; baseline 0.003 -21"><span class='ocrx_word' id='word_1_107' title='bbox 172 2299 371 2361; x_wconf 89' lang='lat' dir='ltr'>ostio:</span> <span class='ocrx_word' id='word_1_108' title='bbox 416 2300 820 2380; x_wconf 87' lang='lat' dir='ltr'>consignans</span> <span class='ocrx_word' id='word_1_109' title='bbox 881 2319 953 2361; x_wconf 91' lang='lat' dir='ltr'>se</span> <span class='ocrx_word' id='word_1_110' title='bbox 1007 2297 1351 2380; x_wconf 88' lang='lat' dir='ltr'>apostolus</span> 
     </span>
     <span class='ocr_line' id='line_1_25' title="bbox 170 2385 1353 2468; baseline 0.003 -20"><span class='ocrx_word' id='word_1_111' title='bbox 170 2386 377 2450; x_wconf 81' lang='lat' dir='ltr'>exivit.</span> <span class='ocrx_word' id='word_1_112' title='bbox 472 2385 645 2450; x_wconf 88' lang='lat' dir='ltr'>Mox</span> <span class='ocrx_word' id='word_1_113' title='bbox 706 2395 782 2450; x_wconf 91' lang='lat' dir='ltr'>ut</span> <span class='ocrx_word' id='word_1_114' title='bbox 841 2406 1141 2468; x_wconf 87' lang='lat' dir='ltr'>egressus</span> <span class='ocrx_word' id='word_1_115' title='bbox 1200 2397 1353 2451; x_wconf 92' lang='lat' dir='ltr'>est:</span> 
     </span>
     <span class='ocr_line' id='line_1_26' title="bbox 169 2473 1356 2556; baseline 0 -20"><span class='ocrx_word' id='word_1_116' title='bbox 169 2473 357 2536; x_wconf 87' lang='lat' dir='ltr'>ambo</span> <span class='ocrx_word' id='word_1_117' title='bbox 386 2475 710 2538; x_wconf 87' lang='lat' dir='ltr'>dracones</span> <span class='ocrx_word' id='word_1_118' title='bbox 736 2484 891 2539; x_wconf 90' lang='lat' dir='ltr'>ante</span> <span class='ocrx_word' id='word_1_119' title='bbox 920 2473 1127 2556; x_wconf 89' lang='lat' dir='ltr'>pedes</span> <span class='ocrx_word' id='word_1_120' title='bbox 1158 2494 1356 2556; x_wconf 89' lang='lat' dir='ltr'>apos-</span> 
     </span>
     <span class='ocr_line' id='line_1_27' title="bbox 169 2561 1351 2644; baseline 0.004 -22"><span class='ocrx_word' id='word_1_121' title='bbox 169 2561 276 2623; x_wconf 90' lang='lat' dir='ltr'>toli</span> <span class='ocrx_word' id='word_1_122' title='bbox 307 2562 821 2627; x_wconf 89' lang='lat' dir='ltr'>obdormierunt.</span> <span class='ocrx_word' id='word_1_123' title='bbox 1002 2563 1215 2624; x_wconf 84' lang='lat' dir='ltr'>Lectio</span> <span class='ocrx_word' id='word_1_124' title='bbox 1256 2563 1351 2644; x_wconf 79' lang='lat' dir='ltr'>iij.</span> 
     </span>
     <span class='ocr_line' id='line_1_28' title="bbox 186 2651 1351 2779; baseline 0.002 -66"><span class='ocrx_word' id='word_1_125' title='bbox 186 2651 440 2779; x_wconf 78' lang='lat' dir='ltr'>Tunc</span> <span class='ocrx_word' id='word_1_126' title='bbox 470 2651 636 2714; x_wconf 89' lang='lat' dir='ltr'>dicit</span> <span class='ocrx_word' id='word_1_127' title='bbox 658 2651 683 2688; x_wconf 82' lang='lat'>⁵</span> <span class='ocrx_word' id='word_1_128' title='bbox 730 2651 941 2732; x_wconf 90' lang='lat' dir='ltr'>magis</span> <span class='ocrx_word' id='word_1_129' title='bbox 970 2651 1351 2732; x_wconf 90' lang='lat' dir='ltr'>apostolus:</span> 
     </span>
     <span class='ocr_line' id='line_1_29' title="bbox 313 2738 1352 2821; baseline 0 -19"><span class='ocrx_word' id='word_1_130' title='bbox 313 2738 447 2802; x_wconf 90' lang='lat' dir='ltr'>Ubi</span> <span class='ocrx_word' id='word_1_131' title='bbox 482 2748 586 2802; x_wconf 90' lang='lat' dir='ltr'>est</span> <span class='ocrx_word' id='word_1_132' title='bbox 618 2760 724 2802; x_wconf 89' lang='lat' dir='ltr'>ars</span> <span class='ocrx_word' id='word_1_133' title='bbox 768 2739 1031 2802; x_wconf 81' lang='lat' dir='ltr'>vestra?</span> <span class='ocrx_word' id='word_1_134' title='bbox 1125 2738 1197 2802; x_wconf 86' lang='lat' dir='ltr'>Si</span> <span class='ocrx_word' id='word_1_135' title='bbox 1231 2759 1352 2821; x_wconf 88' lang='lat' dir='ltr'>po·</span> 
     </span>
     <span class='ocr_line' id='line_1_30' title="bbox 168 2827 1351 2891; baseline 0.003 -5"><span class='ocrx_word' id='word_1_136' title='bbox 168 2828 379 2889; x_wconf 88' lang='lat' dir='ltr'>testis:</span> <span class='ocrx_word' id='word_1_137' title='bbox 471 2828 811 2890; x_wconf 78' lang='lat' dir='ltr'>excitate⁶</span> <span class='ocrx_word' id='word_1_138' title='bbox 886 2827 1049 2891; x_wconf 80' lang='lat' dir='ltr'>illos,</span> <span class='ocrx_word' id='word_1_139' title='bbox 1159 2827 1351 2890; x_wconf 88' lang='lat' dir='ltr'>Tunc</span> 
     </span>
     <span class='ocr_line' id='line_1_31' title="bbox 170 2914 1351 2997; baseline 0.004 -23"><span class='ocrx_word' id='word_1_140' title='bbox 170 2914 570 2992; x_wconf 81' lang='lat' dir='ltr'>conabantur</span> <span class='ocrx_word' id='word_1_141' title='bbox 603 2915 781 2997; x_wconf 86' lang='lat' dir='ltr'>magi</span> <span class='ocrx_word' id='word_1_142' title='bbox 828 2916 1121 2979; x_wconf 87' lang='lat' dir='ltr'>excitare</span> <span class='ocrx_word' id='word_1_143' title='bbox 1151 2914 1299 2978; x_wconf 91' lang='lat' dir='ltr'>illos</span> <span class='ocrx_word' id='word_1_144' title='bbox 1334 2937 1351 2979; x_wconf 70' lang='grc' dir='ltr'>ε</span> 
     </span>
     <span class='ocr_line' id='line_1_32' title="bbox 169 3003 1350 3086; baseline 0.003 -24"><span class='ocrx_word' id='word_1_145' title='bbox 169 3010 229 3063; x_wconf 90' lang='lat' dir='ltr'>et</span> <span class='ocrx_word' id='word_1_146' title='bbox 283 3022 415 3066; x_wconf 89' lang='lat' dir='ltr'>non</span> <span class='ocrx_word' id='word_1_147' title='bbox 478 3012 857 3086; x_wconf 88' lang='lat' dir='ltr'>potuerunt.</span> <span class='ocrx_word' id='word_1_148' title='bbox 946 3003 1062 3067; x_wconf 91' lang='lat' dir='ltr'>Ad</span> <span class='ocrx_word' id='word_1_149' title='bbox 1116 3022 1350 3066; x_wconf 88' lang='lat' dir='ltr'>vocem</span> 
     </span>
     <span class='ocr_line' id='line_1_33' title="bbox 168 3091 1355 3174; baseline 0.003 -23"><span class='ocrx_word' id='word_1_150' title='bbox 168 3099 378 3152; x_wconf 87' lang='lat' dir='ltr'>autem</span> <span class='ocrx_word' id='word_1_151' title='bbox 441 3091 732 3174; x_wconf 89' lang='lat' dir='ltr'>apostoli</span> <span class='ocrx_word' id='word_1_152' title='bbox 788 3091 1083 3155; x_wconf 89' lang='lat' dir='ltr'>levantes</span> <span class='ocrx_word' id='word_1_153' title='bbox 1132 3093 1355 3173; x_wconf 89' lang='lat' dir='ltr'>capita</span> 
     </span>
     <span class='ocr_line' id='line_1_34' title="bbox 167 3177 1355 3261; baseline 0.003 -23"><span class='ocrx_word' id='word_1_154' title='bbox 167 3196 275 3240; x_wconf 89' lang='lat' dir='ltr'>sua</span> <span class='ocrx_word' id='word_1_155' title='bbox 316 3190 641 3261; x_wconf 89' lang='lat' dir='ltr'>ceperunt</span> <span class='ocrx_word' id='word_1_156' title='bbox 686 3181 821 3244; x_wconf 87' lang='lat' dir='ltr'>ire:</span> <span class='ocrx_word' id='word_1_157' title='bbox 868 3190 936 3243; x_wconf 94' lang='lat' dir='ltr'>et</span> <span class='ocrx_word' id='word_1_158' title='bbox 979 3190 1306 3243; x_wconf 86' lang='lat' dir='ltr'>exeuntes</span> <span class='ocrx_word' id='word_1_159' title='bbox 1331 3177 1355 3218; x_wconf 85' lang='lat'>⁷</span> 
     </span>
     <span class='ocr_line' id='line_1_35' title="bbox 168 3265 1353 3350; baseline 0.005 -24"><span class='ocrx_word' id='word_1_160' title='bbox 168 3265 252 3327; x_wconf 90' lang='lat' dir='ltr'>ub</span> <span class='ocrx_word' id='word_1_161' title='bbox 278 3269 437 3330; x_wconf 92' lang='lat' dir='ltr'>urbe</span> <span class='ocrx_word' id='word_1_162' title='bbox 469 3287 799 3349; x_wconf 87' lang='lat' dir='ltr'>nusquam</span> <span class='ocrx_word' id='word_1_163' title='bbox 824 3276 1353 3350; x_wconf 84' lang='lat' dir='ltr'>comparuerunt.</span> 
     </span>
     <span class='ocr_line' id='line_1_36' title="bbox 168 3351 1351 3438; baseline 0.003 -23"><span class='ocrx_word' id='word_1_164' title='bbox 168 3351 419 3418; x_wconf 74' lang='lat' dir='ltr'>interea</span> <span class='ocrx_word' id='word_1_165' title='bbox 452 3356 671 3419; x_wconf 90' lang='lat' dir='ltr'>luctus</span> <span class='ocrx_word' id='word_1_166' title='bbox 694 3376 978 3438; x_wconf 87' lang='lat' dir='ltr'>magnus</span> <span class='ocrx_word' id='word_1_167' title='bbox 1010 3365 1192 3419; x_wconf 88' lang='lat' dir='ltr'>ortus</span> <span class='ocrx_word' id='word_1_168' title='bbox 1211 3365 1351 3420; x_wconf 91' lang='lat' dir='ltr'>est:</span> 
     </span>
     <span class='ocr_line' id='line_1_37' title="bbox 167 3440 1353 3526; baseline 0.005 -25"><span class='ocrx_word' id='word_1_169' title='bbox 167 3440 226 3502; x_wconf 89' lang='lat' dir='ltr'>in</span> <span class='ocrx_word' id='word_1_170' title='bbox 257 3463 388 3524; x_wconf 94' lang='lat' dir='ltr'>quo</span> <span class='ocrx_word' id='word_1_171' title='bbox 420 3444 598 3526; x_wconf 87' lang='lat' dir='ltr'>regis</span> <span class='ocrx_word' id='word_1_172' title='bbox 628 3443 799 3508; x_wconf 88' lang='lat' dir='ltr'>filius</span> <span class='ocrx_word' id='word_1_173' title='bbox 834 3453 1133 3507; x_wconf 89' lang='lat' dir='ltr'>mortuus</span> <span class='ocrx_word' id='word_1_174' title='bbox 1165 3444 1353 3526; x_wconf 88' lang='lat' dir='ltr'>plan-</span> 
     </span>
     <span class='ocr_line' id='line_1_38' title="bbox 162 3529 1353 3612; baseline 0.002 -20"><span class='ocrx_word' id='word_1_175' title='bbox 162 3529 450 3610; x_wconf 85' lang='lat' dir='ltr'>gebatur.</span> <span class='ocrx_word' id='word_1_176' title='bbox 500 3531 619 3595; x_wconf 91' lang='lat' dir='ltr'>Ad</span> <span class='ocrx_word' id='word_1_177' title='bbox 652 3532 837 3612; x_wconf 89' lang='lat' dir='ltr'>cujus</span> <span class='ocrx_word' id='word_1_178' title='bbox 868 3533 1067 3595; x_wconf 90' lang='lat' dir='ltr'>funus</span> <span class='ocrx_word' id='word_1_179' title='bbox 1084 3532 1353 3595; x_wconf 90' lang='lat' dir='ltr'>stabant</span> 
     </span>
     <span class='ocr_line' id='line_1_39' title="bbox 164 3619 1353 3703; baseline 0.003 -25"><span class='ocrx_word' id='word_1_180' title='bbox 164 3619 349 3700; x_wconf 86' lang='lat' dir='ltr'>magi.</span> <span class='ocrx_word' id='word_1_181' title='bbox 443 3620 581 3703; x_wconf 84' lang='lat' dir='ltr'>Qui</span> <span class='ocrx_word' id='word_1_182' title='bbox 642 3639 793 3683; x_wconf 87' lang='lat' dir='ltr'>cum</span> <span class='ocrx_word' id='word_1_183' title='bbox 870 3640 1003 3683; x_wconf 89' lang='lat' dir='ltr'>non</span> <span class='ocrx_word' id='word_1_184' title='bbox 1080 3629 1353 3702; x_wconf 85' lang='lat' dir='ltr'>possent</span> 
     </span>
     <span class='ocr_line' id='line_1_40' title="bbox 162 3708 1353 3790; baseline 0.003 -23"><span class='ocrx_word' id='word_1_185' title='bbox 162 3709 469 3771; x_wconf 90' lang='lat' dir='ltr'>suscitare</span> <span class='ocrx_word' id='word_1_186' title='bbox 546 3728 739 3772; x_wconf 90' lang='lat' dir='ltr'>eum:</span> <span class='ocrx_word' id='word_1_187' title='bbox 829 3708 1141 3771; x_wconf 89' lang='lat' dir='ltr'>dicebant</span> <span class='ocrx_word' id='word_1_188' title='bbox 1214 3709 1353 3790; x_wconf 86' lang='lat' dir='ltr'>regi</span> 
     </span>
     <span class='ocr_line' id='line_1_41' title="bbox 160 3791 1353 3878; baseline 0.003 -23"><span class='ocrx_word' id='word_1_189' title='bbox 160 3791 328 3858; x_wconf 89' lang='lat' dir='ltr'>hunc</span> <span class='ocrx_word' id='word_1_190' title='bbox 357 3815 507 3859; x_wconf 90' lang='lat' dir='ltr'>esse</span> <span class='ocrx_word' id='word_1_191' title='bbox 538 3806 803 3878; x_wconf 90' lang='lat' dir='ltr'>raptum</span> <span class='ocrx_word' id='word_1_192' title='bbox 841 3817 855 3858; x_wconf 74' lang='grc' dir='ltr'>ε</span> <span class='ocrx_word' id='word_1_193' title='bbox 901 3806 978 3859; x_wconf 91' lang='lat' dir='ltr'>ut</span> <span class='ocrx_word' id='word_1_194' title='bbox 1008 3797 1093 3858; x_wconf 91' lang='lat' dir='ltr'>sit</span> <span class='ocrx_word' id='word_1_195' title='bbox 1123 3796 1353 3859; x_wconf 83' lang='lat' dir='ltr'>unius⁸</span> 
     </span>
     <span class='ocr_line' id='line_1_42' title="bbox 160 3883 1353 3966; baseline 0.005 -24"><span class='ocrx_word' id='word_1_196' title='bbox 160 3901 241 3943; x_wconf 91' lang='lat' dir='ltr'>ex</span> <span class='ocrx_word' id='word_1_197' title='bbox 257 3884 401 3947; x_wconf 76' lang='lat' dir='ltr'>diis,</span> <span class='ocrx_word' id='word_1_198' title='bbox 466 3884 662 3947; x_wconf 89' lang='lat' dir='ltr'>Tunc</span> <span class='ocrx_word' id='word_1_199' title='bbox 686 3885 958 3948; x_wconf 85' lang='lat' dir='ltr'>veniens</span> <span class='ocrx_word' id='word_1_200' title='bbox 980 3883 1353 3966; x_wconf 90' lang='lat' dir='ltr'>apostolus:</span> 
     </span>
     <span class='ocr_line' id='line_1_43' title="bbox 156 3972 1347 4054; baseline 0.003 -23"><span class='ocrx_word' id='word_1_201' title='bbox 156 3981 483 4050; x_wconf 89' lang='lat' dir='ltr'>prostrata</span> <span class='ocrx_word' id='word_1_202' title='bbox 532 3972 905 4036; x_wconf 76' lang='lat' dir='ltr'>eufonissa⁰</span> <span class='ocrx_word' id='word_1_203' title='bbox 951 3993 1125 4036; x_wconf 91' lang='lat' dir='ltr'>uxor</span> <span class='ocrx_word' id='word_1_204' title='bbox 1175 3973 1347 4054; x_wconf 85' lang='lat' dir='ltr'>regis</span> 
     </span>
     <span class='ocr_line' id='line_1_44' title="bbox 160 4060 1345 4143; baseline 0.003 -23"><span class='ocrx_word' id='word_1_205' title='bbox 160 4078 371 4122; x_wconf 88' lang='lat' dir='ltr'>coram</span> <span class='ocrx_word' id='word_1_206' title='bbox 427 4061 737 4142; x_wconf 85' lang='lat' dir='ltr'>apostolo</span> <span class='ocrx_word' id='word_1_207' title='bbox 782 4061 915 4125; x_wconf 92' lang='lat' dir='ltr'>ait:</span> <span class='ocrx_word' id='word_1_208' title='bbox 964 4060 1232 4143; x_wconf 87' lang='lat' dir='ltr'>Agnovi</span> <span class='ocrx_word' id='word_1_209' title='bbox 1276 4071 1345 4124; x_wconf 94' lang='lat' dir='ltr'>te</span> 
     </span>
    </p>
   </div>
   <div class='ocr_carea' id='block_1_4' title="bbox 1454 342 2653 533">
    <p class='ocr_par' dir='ltr' id='par_1_4' title="bbox 1454 342 2653 533">
     <span class='ocr_line' id='line_1_45' title="bbox 1961 342 2116 400; baseline 0.006 -1"><span class='ocrx_word' id='word_1_210' title='bbox 1961 342 2116 400; x_wconf 74' lang='lat'>368</span> 
     </span>
     <span class='ocr_line' id='line_1_46' title="bbox 1454 449 2653 533; baseline 0.003 -20"><span class='ocrx_word' id='word_1_211' title='bbox 1454 451 1701 514; x_wconf 86' lang='lat' dir='ltr'>nomen</span> <span class='ocrx_word' id='word_1_212' title='bbox 1736 449 1878 533; x_wconf 88' lang='lat' dir='ltr'>ejus</span> <span class='ocrx_word' id='word_1_213' title='bbox 1910 471 2107 533; x_wconf 87' lang='lat' dir='ltr'>super</span> <span class='ocrx_word' id='word_1_214' title='bbox 2137 449 2348 514; x_wconf 89' lang='lat' dir='ltr'>filium</span> <span class='ocrx_word' id='word_1_215' title='bbox 2381 471 2604 516; x_wconf 88' lang='lat' dir='ltr'>meum</span> <span class='ocrx_word' id='word_1_216' title='bbox 2635 473 2653 518; x_wconf 87' lang='lat'>:</span> 
     </span>
    </p>
   </div>
   <div class='ocr_carea' id='block_1_5' title="bbox 1432 539 2655 623">
    <p class='ocr_par' dir='ltr' id='par_1_5' title="bbox 1432 539 2655 623">
     <span class='ocr_line' id='line_1_47' title="bbox 1432 539 2655 623; baseline 0.002 -21"><span class='ocrx_word' id='word_1_217' title='bbox 1432 549 1524 620; x_wconf 17' lang='lat' dir='ltr'>‘et</span> <span class='ocrx_word' id='word_1_218' title='bbox 1552 540 1754 602; x_wconf 89' lang='lat' dir='ltr'>credo</span> <span class='ocrx_word' id='word_1_219' title='bbox 1785 540 1930 603; x_wconf 80' lang='lat' dir='ltr'>deo,</span> <span class='ocrx_word' id='word_1_220' title='bbox 1990 539 2655 623; x_wconf 85' lang='lat' dir='ltr'>Apprehendensque</span> 
     </span>
    </p>
   </div>
   <div class='ocr_carea' id='block_1_6' title="bbox 1455 626 2660 2468">
    <p class='ocr_par' dir='ltr' id='par_1_6' title="bbox 1456 626 2660 1112">
     <span class='ocr_line' id='line_1_48' title="bbox 1456 626 2652 709; baseline -0.001 -17"><span class='ocrx_word' id='word_1_221' title='bbox 1456 626 1798 709; x_wconf 84' lang='lat' dir='ltr'>apostolus</span> <span class='ocrx_word' id='word_1_222' title='bbox 1846 647 2118 690; x_wconf 89' lang='lat' dir='ltr'>manum</span> <span class='ocrx_word' id='word_1_223' title='bbox 2165 629 2350 709; x_wconf 88' lang='lat' dir='ltr'>pueri</span> <span class='ocrx_word' id='word_1_224' title='bbox 2383 630 2520 692; x_wconf 89' lang='lat' dir='ltr'>ait:</span> <span class='ocrx_word' id='word_1_225' title='bbox 2573 629 2652 691; x_wconf 90' lang='lat' dir='ltr'>In</span> 
     </span>
     <span class='ocr_line' id='line_1_49' title="bbox 1457 715 2652 797; baseline 0.003 -21"><span class='ocrx_word' id='word_1_226' title='bbox 1457 716 1727 779; x_wconf 89' lang='lat' dir='ltr'>nomine</span> <span class='ocrx_word' id='word_1_227' title='bbox 1830 715 2082 778; x_wconf 89' lang='lat' dir='ltr'>domini</span> <span class='ocrx_word' id='word_1_228' title='bbox 2187 717 2396 780; x_wconf 87' lang='lat' dir='ltr'>nostri</span> <span class='ocrx_word' id='word_1_229' title='bbox 2492 717 2652 797; x_wconf 90' lang='lat' dir='ltr'>Jesu</span> 
     </span>
     <span class='ocr_line' id='line_1_50' title="bbox 1460 801 2660 884; baseline 0 -17"><span class='ocrx_word' id='word_1_230' title='bbox 1460 801 1704 867; x_wconf 90' lang='lat' dir='ltr'>Christi</span> <span class='ocrx_word' id='word_1_231' title='bbox 1729 803 2020 867; x_wconf 86' lang='lat' dir='ltr'>crucifixi</span> <span class='ocrx_word' id='word_1_232' title='bbox 2043 823 2238 884; x_wconf 86' lang='lat' dir='ltr'>surge</span> <span class='ocrx_word' id='word_1_233' title='bbox 2267 803 2660 867; x_wconf 86' lang='lat' dir='ltr'>eufranon.¹⁰</span> 
     </span>
     <span class='ocr_line' id='line_1_51' title="bbox 1460 890 2652 974; baseline 0.001 -21"><span class='ocrx_word' id='word_1_234' title='bbox 1460 891 1550 953; x_wconf 91' lang='lat' dir='ltr'>Et</span> <span class='ocrx_word' id='word_1_235' title='bbox 1583 890 1929 954; x_wconf 85' lang='lat' dir='ltr'>confestim</span> <span class='ocrx_word' id='word_1_236' title='bbox 1963 893 2251 954; x_wconf 87' lang='lat' dir='ltr'>surrexit</span> <span class='ocrx_word' id='word_1_237' title='bbox 2271 910 2448 974; x_wconf 92' lang='lat' dir='ltr'>puer.</span> <span class='ocrx_word' id='word_1_238' title='bbox 2510 892 2652 955; x_wconf 83' lang='lat' dir='ltr'>Lec.</span> 
     </span>
     <span class='ocr_line' id='line_1_52' title="bbox 1456 979 2651 1112; baseline 0.001 -70"><span class='ocrx_word' id='word_1_239' title='bbox 1456 979 1928 1112; x_wconf 79' lang='lat' dir='ltr'>Baptisatus</span> <span class='ocrx_word' id='word_1_240' title='bbox 1961 989 2062 1042; x_wconf 91' lang='lat' dir='ltr'>est</span> <span class='ocrx_word' id='word_1_241' title='bbox 2092 1000 2212 1043; x_wconf 90' lang='lat' dir='ltr'>rex</span> <span class='ocrx_word' id='word_1_242' title='bbox 2257 979 2468 1062; x_wconf 86' lang='lat' dir='ltr'>eglip-</span> <span class='ocrx_word' id='word_1_243' title='bbox 2503 979 2651 1062; x_wconf 75' lang='lat' dir='ltr'>[iizj.</span> 
     </span>
    </p>

    <p class='ocr_par' dir='ltr' id='par_1_7' title="bbox 1455 1067 2657 2378">
     <span class='ocr_line' id='line_1_53' title="bbox 1604 1067 2654 1150; baseline 0 -21"><span class='ocrx_word' id='word_1_244' title='bbox 1604 1087 1768 1150; x_wconf 88' lang='lat' dir='ltr'>pus:</span> <span class='ocrx_word' id='word_1_245' title='bbox 1819 1078 1887 1131; x_wconf 88' lang='lat' dir='ltr'>et</span> <span class='ocrx_word' id='word_1_246' title='bbox 1941 1087 2114 1130; x_wconf 87' lang='lat' dir='ltr'>uxor</span> <span class='ocrx_word' id='word_1_247' title='bbox 2143 1067 2329 1148; x_wconf 90' lang='lat' dir='ltr'>ejus:</span> <span class='ocrx_word' id='word_1_248' title='bbox 2380 1077 2448 1131; x_wconf 90' lang='lat' dir='ltr'>et</span> <span class='ocrx_word' id='word_1_249' title='bbox 2480 1067 2654 1130; x_wconf 87' lang='lat' dir='ltr'>filius</span> 
     </span>
     <span class='ocr_line' id='line_1_54' title="bbox 1458 1155 2654 1237; baseline 0.003 -20"><span class='ocrx_word' id='word_1_250' title='bbox 1458 1155 1604 1235; x_wconf 90' lang='lat' dir='ltr'>ejus</span> <span class='ocrx_word' id='word_1_251' title='bbox 1653 1156 1766 1237; x_wconf 90' lang='lat' dir='ltr'>qui</span> <span class='ocrx_word' id='word_1_252' title='bbox 1821 1157 2174 1219; x_wconf 89' lang='lat' dir='ltr'>suscitatus</span> <span class='ocrx_word' id='word_1_253' title='bbox 2221 1165 2361 1220; x_wconf 92' lang='lat' dir='ltr'>est:</span> <span class='ocrx_word' id='word_1_254' title='bbox 2412 1165 2481 1218; x_wconf 90' lang='lat' dir='ltr'>et</span> <span class='ocrx_word' id='word_1_255' title='bbox 2517 1155 2654 1221; x_wconf 84' lang='lat' dir='ltr'>filia</span> 
     </span>
     <span class='ocr_line' id='line_1_55' title="bbox 1458 1242 2653 1324; baseline 0.002 -20"><span class='ocrx_word' id='word_1_256' title='bbox 1458 1242 1603 1323; x_wconf 89' lang='lat' dir='ltr'>ejus</span> <span class='ocrx_word' id='word_1_257' title='bbox 1627 1242 1997 1324; x_wconf 86' lang='lat' dir='ltr'>efigenia¹¹:</span> <span class='ocrx_word' id='word_1_258' title='bbox 2030 1263 2158 1324; x_wconf 92' lang='lat' dir='ltr'>que</span> <span class='ocrx_word' id='word_1_259' title='bbox 2187 1245 2374 1324; x_wconf 86' lang='lat' dir='ltr'>virgo</span> <span class='ocrx_word' id='word_1_260' title='bbox 2407 1243 2653 1308; x_wconf 82' lang='lat' dir='ltr'>Christi</span> 
     </span>
     <span class='ocr_line' id='line_1_56' title="bbox 1461 1330 2652 1412; baseline 0.002 -20"><span class='ocrx_word' id='word_1_261' title='bbox 1461 1332 1842 1412; x_wconf 86' lang='lat' dir='ltr'>permansit.</span> <span class='ocrx_word' id='word_1_262' title='bbox 1934 1330 2273 1395; x_wconf 80' lang='lat' dir='ltr'>Defuncto</span> <span class='ocrx_word' id='word_1_263' title='bbox 2295 1339 2520 1394; x_wconf 88' lang='lat' dir='ltr'>autem</span> <span class='ocrx_word' id='word_1_264' title='bbox 2553 1352 2652 1394; x_wconf 89' lang='lat' dir='ltr'>re-</span> 
     </span>
     <span class='ocr_line' id='line_1_57' title="bbox 1458 1418 2657 1500; baseline 0.001 -20"><span class='ocrx_word' id='word_1_265' title='bbox 1458 1439 1543 1498; x_wconf 91' lang='lat' dir='ltr'>ge</span> <span class='ocrx_word' id='word_1_266' title='bbox 1595 1418 1914 1500; x_wconf 86' lang='lat' dir='ltr'>eglippo:</span> <span class='ocrx_word' id='word_1_267' title='bbox 1991 1421 2245 1500; x_wconf 88' lang='lat' dir='ltr'>accepit</span> <span class='ocrx_word' id='word_1_268' title='bbox 2305 1419 2657 1482; x_wconf 75' lang='lat' dir='ltr'>hirtatus¹²</span> 
     </span>
     <span class='ocr_line' id='line_1_58' title="bbox 1460 1505 2654 1589; baseline 0.003 -22"><span class='ocrx_word' id='word_1_269' title='bbox 1460 1505 1632 1568; x_wconf 86' lang='lat' dir='ltr'>filius</span> <span class='ocrx_word' id='word_1_270' title='bbox 1692 1505 1908 1570; x_wconf 85' lang='lat' dir='ltr'>fratris</span> <span class='ocrx_word' id='word_1_271' title='bbox 1967 1507 2068 1570; x_wconf 89' lang='lat' dir='ltr'>sui</span> <span class='ocrx_word' id='word_1_272' title='bbox 2131 1526 2426 1589; x_wconf 86' lang='lat' dir='ltr'>regnum.</span> <span class='ocrx_word' id='word_1_273' title='bbox 2520 1507 2654 1570; x_wconf 92' lang='lat' dir='ltr'>Hic</span> 
     </span>
     <span class='ocr_line' id='line_1_59' title="bbox 1458 1593 2652 1676; baseline 0.002 -20"><span class='ocrx_word' id='word_1_274' title='bbox 1458 1613 1608 1656; x_wconf 88' lang='lat' dir='ltr'>cum</span> <span class='ocrx_word' id='word_1_275' title='bbox 1635 1631 1640 1636; x_wconf 94' lang='lat'><em>-</em></span> <span class='ocrx_word' id='word_1_276' title='bbox 1671 1595 1871 1657; x_wconf 91' lang='lat' dir='ltr'>vellet</span> <span class='ocrx_word' id='word_1_277' title='bbox 1931 1595 2226 1676; x_wconf 90' lang='lat' dir='ltr'>accipere</span> <span class='ocrx_word' id='word_1_278' title='bbox 2301 1593 2652 1675; x_wconf 85' lang='lat' dir='ltr'>efigeniam</span> 
     </span>
     <span class='ocr_line' id='line_1_60' title="bbox 1460 1680 2650 1764; baseline 0.002 -22"><span class='ocrx_word' id='word_1_279' title='bbox 1460 1680 1665 1745; x_wconf 86' lang='lat' dir='ltr'>filiam</span> <span class='ocrx_word' id='word_1_280' title='bbox 1696 1681 1992 1745; x_wconf 85' lang='lat' dir='ltr'>defuncti</span> <span class='ocrx_word' id='word_1_281' title='bbox 2023 1683 2194 1764; x_wconf 86' lang='lat' dir='ltr'>regis</span> <span class='ocrx_word' id='word_1_282' title='bbox 2227 1683 2292 1744; x_wconf 89' lang='lat' dir='ltr'>in</span> <span class='ocrx_word' id='word_1_283' title='bbox 2326 1701 2650 1746; x_wconf 86' lang='lat' dir='ltr'>uxorem:</span> 
     </span>
     <span class='ocr_line' id='line_1_61' title="bbox 1458 1769 2654 1852; baseline 0.003 -22"><span class='ocrx_word' id='word_1_284' title='bbox 1458 1789 1588 1850; x_wconf 94' lang='lat' dir='ltr'>que</span> <span class='ocrx_word' id='word_1_285' title='bbox 1645 1789 1906 1833; x_wconf 85' lang='lat' dir='ltr'>sacrum</span> <span class='ocrx_word' id='word_1_286' title='bbox 1953 1769 2260 1833; x_wconf 89' lang='lat' dir='ltr'>velamen</span> <span class='ocrx_word' id='word_1_287' title='bbox 2307 1779 2654 1852; x_wconf 89' lang='lat' dir='ltr'>acceperat</span> 
     </span>
     <span class='ocr_line' id='line_1_62' title="bbox 1458 1858 2654 1940; baseline 0.002 -21"><span class='ocrx_word' id='word_1_288' title='bbox 1458 1858 1547 1919; x_wconf 90' lang='lat' dir='ltr'>ab</span> <span class='ocrx_word' id='word_1_289' title='bbox 1595 1859 1942 1940; x_wconf 89' lang='lat' dir='ltr'>apostolo:</span> <span class='ocrx_word' id='word_1_290' title='bbox 1987 1868 2055 1921; x_wconf 87' lang='lat' dir='ltr'>et</span> <span class='ocrx_word' id='word_1_291' title='bbox 2115 1867 2254 1920; x_wconf 90' lang='lat' dir='ltr'>erat</span> <span class='ocrx_word' id='word_1_292' title='bbox 2316 1860 2654 1940; x_wconf 88' lang='lat' dir='ltr'>preposita</span> 
     </span>
     <span class='ocr_line' id='line_1_63' title="bbox 1455 1945 2654 2027; baseline 0 -19"><span class='ocrx_word' id='word_1_293' title='bbox 1455 1946 1786 2026; x_wconf 87' lang='lat' dir='ltr'>virginum</span> <span class='ocrx_word' id='word_1_294' title='bbox 1819 1945 2106 2027; x_wconf 88' lang='lat' dir='ltr'>amplius</span> <span class='ocrx_word' id='word_1_295' title='bbox 2154 1965 2356 2027; x_wconf 88' lang='lat' dir='ltr'>quam</span> <span class='ocrx_word' id='word_1_296' title='bbox 2408 1946 2654 2010; x_wconf 87' lang='lat' dir='ltr'>ducen-</span> 
     </span>
     <span class='ocr_line' id='line_1_64' title="bbox 1455 2033 2654 2116; baseline 0.002 -22"><span class='ocrx_word' id='word_1_297' title='bbox 1455 2041 1716 2098; x_wconf 86' lang='lat' dir='ltr'>tarum:</span> <span class='ocrx_word' id='word_1_298' title='bbox 1761 2034 1940 2097; x_wconf 84' lang='lat' dir='ltr'>dixit</span> <span class='ocrx_word' id='word_1_299' title='bbox 1977 2033 2324 2116; x_wconf 87' lang='lat' dir='ltr'>apostolo:</span> <span class='ocrx_word' id='word_1_300' title='bbox 2369 2033 2654 2098; x_wconf 89' lang='lat' dir='ltr'>Dimidi-</span> 
     </span>
     <span class='ocr_line' id='line_1_65' title="bbox 1456 2123 2654 2204; baseline 0.003 -21"><span class='ocrx_word' id='word_1_301' title='bbox 1456 2140 1572 2183; x_wconf 87' lang='lat' dir='ltr'>um</span> <span class='ocrx_word' id='word_1_302' title='bbox 1634 2123 1817 2202; x_wconf 82' lang='lat' dir='ltr'>regni</span> <span class='ocrx_word' id='word_1_303' title='bbox 1879 2123 2008 2184; x_wconf 88' lang='lat' dir='ltr'>mei</span> <span class='ocrx_word' id='word_1_304' title='bbox 2069 2123 2344 2204; x_wconf 85' lang='lat' dir='ltr'>accipe:</span> <span class='ocrx_word' id='word_1_305' title='bbox 2389 2131 2654 2186; x_wconf 90' lang='lat' dir='ltr'>tantum</span> 
     </span>
     <span class='ocr_line' id='line_1_66' title="bbox 1456 2208 2654 2291; baseline 0.002 -20"><span class='ocrx_word' id='word_1_306' title='bbox 1456 2208 1559 2272; x_wconf 86' lang='lat' dir='ltr'>fac</span> <span class='ocrx_word' id='word_1_307' title='bbox 1595 2221 1665 2272; x_wconf 92' lang='lat' dir='ltr'>ut</span> <span class='ocrx_word' id='word_1_308' title='bbox 1699 2210 1980 2291; x_wconf 86' lang='lat' dir='ltr'>efigenia</span> <span class='ocrx_word' id='word_1_309' title='bbox 2030 2230 2180 2272; x_wconf 91' lang='lat' dir='ltr'>meo</span> <span class='ocrx_word' id='word_1_310' title='bbox 2225 2211 2654 2274; x_wconf 86' lang='lat' dir='ltr'>matrimonio</span> 
     </span>
     <span class='ocr_line' id='line_1_67' title="bbox 1456 2297 2654 2378; baseline 0.003 -19"><span class='ocrx_word' id='word_1_311' title='bbox 1456 2297 1818 2378; x_wconf 88' lang='lat' dir='ltr'>copuletur.</span> <span class='ocrx_word' id='word_1_312' title='bbox 2297 2323 2306 2330; x_wconf 65' lang='lat'><em>-</em></span> <span class='ocrx_word' id='word_1_313' title='bbox 2348 2298 2563 2361; x_wconf 84' lang='lat' dir='ltr'>Lectio</span> <span class='ocrx_word' id='word_1_314' title='bbox 2593 2320 2654 2364; x_wconf 86' lang='lat' dir='ltr'>v.</span> 
     </span>
    </p>

    <p class='ocr_par' dir='ltr' id='par_1_8' title="bbox 1586 2385 2650 2468">
     <span class='ocr_line' id='line_1_68' title="bbox 1586 2385 2650 2468; baseline 0.002 -21"><span class='ocrx_word' id='word_1_315' title='bbox 1586 2395 1820 2448; x_wconf 89' lang='lat' dir='ltr'>anctus</span> <span class='ocrx_word' id='word_1_316' title='bbox 1900 2385 2240 2468; x_wconf 89' lang='lat' dir='ltr'>apostolus</span> <span class='ocrx_word' id='word_1_317' title='bbox 2314 2387 2488 2449; x_wconf 88' lang='lat' dir='ltr'>dixit</span> <span class='ocrx_word' id='word_1_318' title='bbox 2563 2387 2650 2450; x_wconf 85' lang='lat' dir='ltr'>ad</span> 
     </span>
    </p>
   </div>
   <div class='ocr_carea' id='block_1_7' title="bbox 1586 2473 2718 2552">
    <p class='ocr_par' dir='ltr' id='par_1_9' title="bbox 1586 2473 2718 2552">
     <span class='ocr_line' id='line_1_69' title="bbox 1586 2473 2718 2552; baseline 0.003 -16"><span class='ocrx_word' id='word_1_319' title='bbox 1586 2473 1928 2538; x_wconf 89' lang='lat' dir='ltr'>hirtacurn.</span> <span class='ocrx_word' id='word_1_320' title='bbox 2035 2475 2164 2536; x_wconf 92' lang='lat' dir='ltr'>Die</span> <span class='ocrx_word' id='word_1_321' title='bbox 2224 2474 2483 2537; x_wconf 90' lang='lat' dir='ltr'>sabbati</span> <span class='ocrx_word' id='word_1_322' title='bbox 2545 2474 2651 2538; x_wconf 90' lang='lat' dir='ltr'>fac</span> <span class='ocrx_word' id='word_1_323' title='bbox 2697 2532 2718 2552; x_wconf 76' lang='lat'><em>,</em></span> 
     </span>
    </p>
   </div>
   <div class='ocr_carea' id='block_1_8' title="bbox 1449 2563 2655 4141">
    <p class='ocr_par' dir='ltr' id='par_1_10' title="bbox 1449 2563 2655 4053">
     <span class='ocr_line' id='line_1_70' title="bbox 1455 2563 2654 2644; baseline 0.002 -21"><span class='ocrx_word' id='word_1_324' title='bbox 1455 2563 1806 2624; x_wconf 90' lang='lat' dir='ltr'>convenire</span> <span class='ocrx_word' id='word_1_325' title='bbox 1855 2563 2067 2644; x_wconf 89' lang='lat' dir='ltr'>ipsam</span> <span class='ocrx_word' id='word_1_326' title='bbox 2122 2572 2191 2625; x_wconf 89' lang='lat' dir='ltr'>et</span> <span class='ocrx_word' id='word_1_327' title='bbox 2243 2581 2476 2625; x_wconf 89' lang='lat' dir='ltr'>omnes</span> <span class='ocrx_word' id='word_1_328' title='bbox 2528 2563 2654 2625; x_wconf 90' lang='lat' dir='ltr'>vir-</span> 
     </span>
     <span class='ocr_line' id='line_1_71' title="bbox 1454 2650 2654 2731; baseline 0.002 -20"><span class='ocrx_word' id='word_1_329' title='bbox 1454 2650 1644 2730; x_wconf 87' lang='lat' dir='ltr'>gines</span> <span class='ocrx_word' id='word_1_330' title='bbox 1674 2670 1804 2731; x_wconf 92' lang='lat' dir='ltr'>que</span> <span class='ocrx_word' id='word_1_331' title='bbox 1826 2670 1976 2712; x_wconf 90' lang='lat' dir='ltr'>cum</span> <span class='ocrx_word' id='word_1_332' title='bbox 2009 2669 2090 2711; x_wconf 88' lang='lat' dir='ltr'>ea</span> <span class='ocrx_word' id='word_1_333' title='bbox 2120 2659 2302 2712; x_wconf 88' lang='lat' dir='ltr'>sunt:</span> <span class='ocrx_word' id='word_1_334' title='bbox 2334 2660 2400 2712; x_wconf 92' lang='lat' dir='ltr'>et</span> <span class='ocrx_word' id='word_1_335' title='bbox 2425 2653 2654 2714; x_wconf 88' lang='lat' dir='ltr'>audies</span> 
     </span>
     <span class='ocr_line' id='line_1_72' title="bbox 1456 2737 2650 2819; baseline 0.001 -20"><span class='ocrx_word' id='word_1_336' title='bbox 1456 2757 1586 2818; x_wconf 93' lang='lat' dir='ltr'>que</span> <span class='ocrx_word' id='word_1_337' title='bbox 1619 2737 1868 2819; x_wconf 89' lang='lat' dir='ltr'>loquar.</span> <span class='ocrx_word' id='word_1_338' title='bbox 1981 2737 2182 2819; x_wconf 85' lang='lat' dir='ltr'>Quod</span> <span class='ocrx_word' id='word_1_339' title='bbox 2215 2757 2366 2800; x_wconf 89' lang='lat' dir='ltr'>cum</span> <span class='ocrx_word' id='word_1_340' title='bbox 2401 2737 2650 2801; x_wconf 90' lang='lat' dir='ltr'>factum</span> 
     </span>
     <span class='ocr_line' id='line_1_73' title="bbox 1455 2825 2654 2908; baseline 0.001 -20"><span class='ocrx_word' id='word_1_341' title='bbox 1455 2825 1688 2888; x_wconf 85' lang='lat' dir='ltr'>fuisset</span> <span class='ocrx_word' id='word_1_342' title='bbox 1719 2825 2059 2907; x_wconf 89' lang='lat' dir='ltr'>apostolus</span> <span class='ocrx_word' id='word_1_343' title='bbox 2091 2826 2282 2888; x_wconf 86' lang='lat' dir='ltr'>dixit.</span> <span class='ocrx_word' id='word_1_344' title='bbox 2348 2825 2420 2889; x_wconf 89' lang='lat' dir='ltr'>Si</span> <span class='ocrx_word' id='word_1_345' title='bbox 2453 2846 2654 2908; x_wconf 90' lang='lat' dir='ltr'>spon-</span> 
     </span>
     <span class='ocr_line' id='line_1_74' title="bbox 1456 2915 2654 2994; baseline 0.003 -19"><span class='ocrx_word' id='word_1_346' title='bbox 1456 2933 1600 2976; x_wconf 90' lang='lat' dir='ltr'>sam</span> <span class='ocrx_word' id='word_1_347' title='bbox 1635 2915 1808 2994; x_wconf 88' lang='lat' dir='ltr'>regis</span> <span class='ocrx_word' id='word_1_348' title='bbox 1838 2933 2062 2976; x_wconf 86' lang='lat' dir='ltr'>servus</span> <span class='ocrx_word' id='word_1_349' title='bbox 2104 2933 2419 2994; x_wconf 90' lang='lat' dir='ltr'>usurpare</span> <span class='ocrx_word' id='word_1_350' title='bbox 2450 2915 2654 2978; x_wconf 90' lang='lat' dir='ltr'>aude—</span> 
     </span>
     <span class='ocr_line' id='line_1_75' title="bbox 1457 3002 2653 3065; baseline 0.001 -1"><span class='ocrx_word' id='word_1_351' title='bbox 1457 3011 1566 3065; x_wconf 88' lang='lat' dir='ltr'>at:</span> <span class='ocrx_word' id='word_1_352' title='bbox 1615 3002 1852 3064; x_wconf 90' lang='lat' dir='ltr'>merito</span> <span class='ocrx_word' id='word_1_353' title='bbox 1900 3002 2086 3064; x_wconf 87' lang='lat' dir='ltr'>vivus</span> <span class='ocrx_word' id='word_1_354' title='bbox 2133 3007 2435 3064; x_wconf 88' lang='lat' dir='ltr'>tradatur</span> <span class='ocrx_word' id='word_1_355' title='bbox 2467 3002 2653 3065; x_wconf 90' lang='lat' dir='ltr'>flam-</span> 
     </span>
     <span class='ocr_line' id='line_1_76' title="bbox 1458 3087 2655 3171; baseline 0.002 -20"><span class='ocrx_word' id='word_1_356' title='bbox 1458 3109 1716 3152; x_wconf 89' lang='lat' dir='ltr'>marum</span> <span class='ocrx_word' id='word_1_357' title='bbox 1738 3090 2068 3152; x_wconf 79' lang='lat' dir='ltr'>incendiis,</span> <span class='ocrx_word' id='word_1_358' title='bbox 2119 3087 2478 3169; x_wconf 85' lang='lat' dir='ltr'>Quomodo</span> <span class='ocrx_word' id='word_1_359' title='bbox 2491 3111 2655 3171; x_wconf 87' lang='lat' dir='ltr'>ergo</span> 
     </span>
     <span class='ocr_line' id='line_1_77' title="bbox 1456 3176 2652 3260; baseline 0.001 -20"><span class='ocrx_word' id='word_1_360' title='bbox 1456 3187 1525 3240; x_wconf 94' lang='lat' dir='ltr'>et</span> <span class='ocrx_word' id='word_1_361' title='bbox 1556 3185 1630 3239; x_wconf 88' lang='lat' dir='ltr'>tu</span> <span class='ocrx_word' id='word_1_362' title='bbox 1661 3176 1910 3241; x_wconf 89' lang='lat' dir='ltr'>hirtace</span> <span class='ocrx_word' id='word_1_363' title='bbox 1943 3176 2289 3259; x_wconf 87' lang='lat' dir='ltr'>efigeniam</span> <span class='ocrx_word' id='word_1_364' title='bbox 2337 3198 2652 3260; x_wconf 89' lang='lat' dir='ltr'>sponsam</span> 
     </span>
     <span class='ocr_line' id='line_1_78' title="bbox 1458 3266 2654 3348; baseline 0.001 -20"><span class='ocrx_word' id='word_1_365' title='bbox 1458 3266 1718 3329; x_wconf 89' lang='lat' dir='ltr'>celestis</span> <span class='ocrx_word' id='word_1_366' title='bbox 1741 3266 1912 3347; x_wconf 87' lang='lat' dir='ltr'>regis</span> <span class='ocrx_word' id='word_1_367' title='bbox 1936 3267 2184 3348; x_wconf 89' lang='lat' dir='ltr'>poteris</span> <span class='ocrx_word' id='word_1_368' title='bbox 2205 3276 2321 3328; x_wconf 89' lang='lat' dir='ltr'>tuo</span> <span class='ocrx_word' id='word_1_369' title='bbox 2339 3266 2654 3348; x_wconf 87' lang='lat' dir='ltr'>copulare</span> 
     </span>
     <span class='ocr_line' id='line_1_79' title="bbox 1458 3353 2652 3418; baseline 0.001 -2"><span class='ocrx_word' id='word_1_370' title='bbox 1458 3354 1883 3416; x_wconf 87' lang='lat' dir='ltr'>matrimonio</span> <span class='ocrx_word' id='word_1_371' title='bbox 1910 3354 1934 3418; x_wconf 86' lang='lat'>?</span> <span class='ocrx_word' id='word_1_372' title='bbox 1999 3353 2153 3416; x_wconf 92' lang='lat' dir='ltr'>Hoc</span> <span class='ocrx_word' id='word_1_373' title='bbox 2183 3373 2490 3417; x_wconf 85' lang='lat' dir='ltr'>sermone</span> <span class='ocrx_word' id='word_1_374' title='bbox 2521 3355 2652 3417; x_wconf 91' lang='lat' dir='ltr'>hir-</span> 
     </span>
     <span class='ocr_line' id='line_1_80' title="bbox 1456 3442 2655 3507; baseline 0.003 -3"><span class='ocrx_word' id='word_1_375' title='bbox 1456 3451 1646 3506; x_wconf 89' lang='lat' dir='ltr'>tacus</span> <span class='ocrx_word' id='word_1_376' title='bbox 1722 3442 1818 3505; x_wconf 88' lang='lat' dir='ltr'>ira</span> <span class='ocrx_word' id='word_1_377' title='bbox 1884 3461 2236 3505; x_wconf 87' lang='lat' dir='ltr'>succensus</span> <span class='ocrx_word' id='word_1_378' title='bbox 2296 3442 2655 3507; x_wconf 77' lang='lat' dir='ltr'>abcessit.¹³</span> 
     </span>
     <span class='ocr_line' id='line_1_81' title="bbox 1459 3530 2655 3613; baseline 0.002 -21"><span class='ocrx_word' id='word_1_379' title='bbox 1459 3530 1771 3613; x_wconf 83' lang='lat' dir='ltr'>Quadam</span> <span class='ocrx_word' id='word_1_380' title='bbox 1849 3531 2050 3611; x_wconf 88' lang='lat' dir='ltr'>igitur</span> <span class='ocrx_word' id='word_1_381' title='bbox 2137 3531 2246 3593; x_wconf 90' lang='lat' dir='ltr'>die</span> <span class='ocrx_word' id='word_1_382' title='bbox 2322 3531 2655 3613; x_wconf 85' lang='lat' dir='ltr'>mysteriis</span> 
     </span>
     <span class='ocr_line' id='line_1_82' title="bbox 1457 3617 2654 3684; baseline 0.003 -3"><span class='ocrx_word' id='word_1_383' title='bbox 1457 3617 1842 3682; x_wconf 85' lang='lat' dir='ltr'>celebratis:</span> <span class='ocrx_word' id='word_1_384' title='bbox 1890 3628 1958 3681; x_wconf 90' lang='lat' dir='ltr'>et</span> <span class='ocrx_word' id='word_1_385' title='bbox 2012 3619 2216 3681; x_wconf 89' lang='lat' dir='ltr'>misso</span> <span class='ocrx_word' id='word_1_386' title='bbox 2260 3617 2346 3680; x_wconf 90' lang='lat' dir='ltr'>ab</span> <span class='ocrx_word' id='word_1_387' title='bbox 2398 3619 2654 3684; x_wconf 90' lang='lat' dir='ltr'>hirtaco</span> 
     </span>
     <span class='ocr_line' id='line_1_83' title="bbox 1456 3706 2654 3788; baseline 0.003 -20"><span class='ocrx_word' id='word_1_388' title='bbox 1456 3706 1854 3788; x_wconf 88' lang='lat' dir='ltr'>spiculatore</span> <span class='ocrx_word' id='word_1_389' title='bbox 1880 3728 1895 3770; x_wconf 91' lang='lat'>:</span> <span class='ocrx_word' id='word_1_390' title='bbox 1927 3707 2270 3787; x_wconf 89' lang='lat' dir='ltr'>apostolus</span> <span class='ocrx_word' id='word_1_391' title='bbox 2291 3707 2358 3768; x_wconf 89' lang='lat' dir='ltr'>in</span> <span class='ocrx_word' id='word_1_392' title='bbox 2377 3708 2654 3771; x_wconf 88' lang='lat' dir='ltr'>ecclesia</span> 
     </span>
     <span class='ocr_line' id='line_1_84' title="bbox 1449 3794 2652 3877; baseline 0.002 -22"><span class='ocrx_word' id='word_1_393' title='bbox 1449 3794 1652 3876; x_wconf 90' lang='lat' dir='ltr'>juxta</span> <span class='ocrx_word' id='word_1_394' title='bbox 1682 3794 1888 3858; x_wconf 91' lang='lat' dir='ltr'>altare</span> <span class='ocrx_word' id='word_1_395' title='bbox 1921 3794 2146 3874; x_wconf 80' lang='lat' dir='ltr'>gladio</span> <span class='ocrx_word' id='word_1_396' title='bbox 2191 3797 2324 3857; x_wconf 92' lang='lat' dir='ltr'>ic&#39;tu</span> <span class='ocrx_word' id='word_1_397' title='bbox 2375 3815 2416 3857; x_wconf 91' lang='lat' dir='ltr'>a</span> <span class='ocrx_word' id='word_1_398' title='bbox 2462 3805 2652 3877; x_wconf 86' lang='lat' dir='ltr'>tergo</span> 
     </span>
     <span class='ocr_line' id='line_1_85' title="bbox 1456 3882 2651 3964; baseline 0.002 -18"><span class='ocrx_word' id='word_1_399' title='bbox 1456 3903 1804 3964; x_wconf 88' lang='lat' dir='ltr'>percussus</span> <span class='ocrx_word' id='word_1_400' title='bbox 1875 3891 2126 3964; x_wconf 89' lang='lat' dir='ltr'>martyr</span> <span class='ocrx_word' id='word_1_401' title='bbox 2185 3892 2286 3945; x_wconf 88' lang='lat' dir='ltr'>est</span> <span class='ocrx_word' id='word_1_402' title='bbox 2359 3882 2651 3948; x_wconf 79' lang='lat' dir='ltr'>effectus,</span> 
     </span>
     <span class='ocr_line' id='line_1_86' title="bbox 1654 3969 2649 4053; baseline 0.002 -19"><span class='ocrx_word' id='word_1_403' title='bbox 1654 3991 1736 4034; x_wconf 87' lang='lat' dir='ltr'>nc</span> <span class='ocrx_word' id='word_1_404' title='bbox 1795 3972 2012 4033; x_wconf 91' lang='lat' dir='ltr'>omnis</span> <span class='ocrx_word' id='word_1_405' title='bbox 2059 3990 2268 4051; x_wconf 90' lang='lat' dir='ltr'>popu·</span> <span class='ocrx_word' id='word_1_406' title='bbox 2355 3969 2514 4052; x_wconf 81' lang='lat' dir='ltr'>[Lec.</span> <span class='ocrx_word' id='word_1_407' title='bbox 2563 3973 2649 4053; x_wconf 85' lang='lat' dir='ltr'>vj.</span> 
     </span>
    </p>

    <p class='ocr_par' dir='ltr' id='par_1_11' title="bbox 1606 4058 2652 4141">
     <span class='ocr_line' id='line_1_87' title="bbox 1606 4058 2652 4141; baseline 0.002 -19"><span class='ocrx_word' id='word_1_408' title='bbox 1606 4059 1706 4122; x_wconf 91' lang='lat' dir='ltr'>lus</span> <span class='ocrx_word' id='word_1_409' title='bbox 1747 4059 1834 4122; x_wconf 92' lang='lat' dir='ltr'>ad</span> <span class='ocrx_word' id='word_1_410' title='bbox 1889 4058 2216 4141; x_wconf 89' lang='lat' dir='ltr'>palacium</span> <span class='ocrx_word' id='word_1_411' title='bbox 2278 4059 2450 4138; x_wconf 87' lang='lat' dir='ltr'>regis</span> <span class='ocrx_word' id='word_1_412' title='bbox 2501 4079 2652 4124; x_wconf 89' lang='lat' dir='ltr'>cum</span> 
     </span>
    </p>
   </div>
   <div class='ocr_carea' id='block_1_9' title="bbox 156 4145 2656 4230">
    <p class='ocr_par' dir='ltr' id='par_1_12' title="bbox 156 4145 2656 4230">
     <span class='ocr_line' id='line_1_88' title="bbox 156 4145 2656 4230; baseline 0.001 -22"><span class='ocrx_word' id='word_1_413' title='bbox 156 4148 535 4229; x_wconf 85' lang='lat' dir='ltr'>apostolum</span> <span class='ocrx_word' id='word_1_414' title='bbox 596 4149 746 4213; x_wconf 90' lang='lat' dir='ltr'>dei:</span> <span class='ocrx_word' id='word_1_415' title='bbox 792 4149 942 4213; x_wconf 88' lang='lat' dir='ltr'>veni</span> <span class='ocrx_word' id='word_1_416' title='bbox 994 4159 1063 4212; x_wconf 90' lang='lat' dir='ltr'>et</span> <span class='ocrx_word' id='word_1_417' title='bbox 1110 4149 1347 4213; x_wconf 91' lang='lat' dir='ltr'>invoca</span> <span class='ocrx_word' id='word_1_418' title='bbox 1446 4149 1612 4230; x_wconf 86' lang='lat' dir='ltr'>igne.</span> <span class='ocrx_word' id='word_1_419' title='bbox 1643 4147 1980 4230; x_wconf 84' lang='lat' dir='ltr'>pergebat.</span> <span class='ocrx_word' id='word_1_420' title='bbox 2090 4145 2216 4209; x_wconf 88' lang='lat' dir='ltr'>Cui</span> <span class='ocrx_word' id='word_1_421' title='bbox 2289 4147 2656 4228; x_wconf 87' lang='lat' dir='ltr'>presbyteri</span> 
     </span>
    </p>
   </div>
   <div class='ocr_carea' id='block_1_10' title="bbox 239 4282 1272 4547">
    <p class='ocr_par' dir='ltr' id='par_1_13' title="bbox 253 4282 751 4400">
     <span class='ocr_line' id='line_1_89' title="bbox 254 4282 751 4335; baseline 0.006 -4"><span class='ocrx_word' id='word_1_422' title='bbox 254 4282 267 4311; x_wconf 80' lang='lat'><em>&#39;</em></span> <span class='ocrx_word' id='word_1_423' title='bbox 304 4283 577 4333; x_wconf 79' lang='lat' dir='ltr'>raddaber:</span> <span class='ocrx_word' id='word_1_424' title='bbox 612 4285 751 4335; x_wconf 67' lang='grc' dir='ltr'>ΚΝ.</span> 
     </span>
     <span class='ocr_line' id='line_1_90' title="bbox 253 4349 597 4400; baseline 0.009 -3"><span class='ocrx_word' id='word_1_425' title='bbox 253 4351 272 4379; x_wconf 82' lang='lat'><strong>⁴</strong></span> <span class='ocrx_word' id='word_1_426' title='bbox 304 4365 452 4400; x_wconf 81' lang='lat' dir='ltr'>auras</span> <span class='ocrx_word' id='word_1_427' title='bbox 478 4368 491 4399; x_wconf 68' lang='grc' dir='ltr'><strong>ι</strong></span> <span class='ocrx_word' id='word_1_428' title='bbox 530 4349 597 4400; x_wconf 87' lang='grc' dir='ltr'>Ν.</span> 
     </span>
    </p>

    <p class='ocr_par' dir='ltr' id='par_1_14' title="bbox 254 4416 640 4466">
     <span class='ocr_line' id='line_1_91' title="bbox 254 4416 640 4466; baseline 0.01 -4"><span class='ocrx_word' id='word_1_429' title='bbox 254 4417 273 4444; x_wconf 77' lang='grc'>’</span> <span class='ocrx_word' id='word_1_430' title='bbox 306 4425 553 4465; x_wconf 83' lang='lat' dir='ltr'>exuntes:</span> <span class='ocrx_word' id='word_1_431' title='bbox 590 4416 640 4466; x_wconf 87' lang='lat' dir='ltr'>S.</span> 
     </span>
    </p>

    <p class='ocr_par' dir='ltr' id='par_1_15' title="bbox 239 4480 1272 4547">
     <span class='ocr_line' id='line_1_92' title="bbox 239 4480 1272 4547; baseline 0.004 -17"><span class='ocrx_word' id='word_1_432' title='bbox 239 4480 276 4511; x_wconf 85' lang='lat'>¹⁰</span> <span class='ocrx_word' id='word_1_433' title='bbox 309 4481 573 4531; x_wconf 85' lang='lat' dir='ltr'>eufranum</span> <span class='ocrx_word' id='word_1_434' title='bbox 598 4501 609 4532; x_wconf 90' lang='lat'>:</span> <span class='ocrx_word' id='word_1_435' title='bbox 636 4483 775 4532; x_wconf 67' lang='grc' dir='ltr'>ΚΝ.</span> <span class='ocrx_word' id='word_1_436' title='bbox 854 4484 885 4513; x_wconf 89' lang='lat'>¹¹</span> <span class='ocrx_word' id='word_1_437' title='bbox 906 4481 1193 4547; x_wconf 84' lang='lat' dir='ltr'>ephigenia:</span> <span class='ocrx_word' id='word_1_438' title='bbox 1220 4483 1272 4534; x_wconf 89' lang='lat' dir='ltr'>S.</span> 
     </span>
    </p>
   </div>
   <div class='ocr_carea' id='block_1_11' title="bbox 1210 4282 1910 4532">
    <p class='ocr_par' dir='ltr' id='par_1_16' title="bbox 1210 4282 1632 4468">
     <span class='ocr_line' id='line_1_93' title="bbox 1212 4282 1632 4334; baseline -0.005 0"><span class='ocrx_word' id='word_1_439' title='bbox 1212 4285 1234 4314; x_wconf 81' lang='lat'>²</span> <span class='ocrx_word' id='word_1_440' title='bbox 1271 4287 1285 4315; x_wconf 79' lang='lat'><em>⁶</em></span> <span class='ocrx_word' id='word_1_441' title='bbox 1303 4299 1357 4334; x_wconf 86' lang='lat' dir='ltr'>se</span> <span class='ocrx_word' id='word_1_442' title='bbox 1377 4283 1390 4306; x_wconf 90' lang='lat'>’</span> <span class='ocrx_word' id='word_1_443' title='bbox 1412 4299 1542 4333; x_wconf 86' lang='lat' dir='ltr'>om.:</span> <span class='ocrx_word' id='word_1_444' title='bbox 1578 4282 1632 4332; x_wconf 92' lang='lat' dir='ltr'>S.</span> 
     </span>
     <span class='ocr_line' id='line_1_94' title="bbox 1210 4349 1589 4400; baseline 0 -1"><span class='ocrx_word' id='word_1_445' title='bbox 1210 4353 1231 4380; x_wconf 78' lang='lat'>⁵</span> <span class='ocrx_word' id='word_1_446' title='bbox 1261 4349 1387 4400; x_wconf 81' lang='lat' dir='ltr'>dixit</span> <span class='ocrx_word' id='word_1_447' title='bbox 1412 4369 1423 4399; x_wconf 91' lang='lat'>:</span> <span class='ocrx_word' id='word_1_448' title='bbox 1459 4349 1589 4399; x_wconf 89' lang='lat' dir='ltr'>N.S.</span> 
     </span>
     <span class='ocr_line' id='line_1_95' title="bbox 1216 4415 1543 4468; baseline -0.006 -1"><span class='ocrx_word' id='word_1_449' title='bbox 1216 4419 1237 4447; x_wconf 89' lang='lat'>⁸</span> <span class='ocrx_word' id='word_1_450' title='bbox 1268 4432 1395 4468; x_wconf 90' lang='lat' dir='ltr'>unus</span> <span class='ocrx_word' id='word_1_451' title='bbox 1418 4435 1432 4466; x_wconf 74' lang='lat' dir='ltr'><strong><em>z</em></strong></span> <span class='ocrx_word' id='word_1_452' title='bbox 1458 4415 1543 4465; x_wconf 88' lang='lat' dir='ltr'>W.</span> 
     </span>
    </p>

    <p class='ocr_par' dir='ltr' id='par_1_17' title="bbox 1362 4479 1910 4532">
     <span class='ocr_line' id='line_1_96' title="bbox 1362 4479 1910 4532; baseline -0.009 1"><span class='ocrx_word' id='word_1_453' title='bbox 1362 4485 1399 4514; x_wconf 81' lang='lat'>¹²</span> <span class='ocrx_word' id='word_1_454' title='bbox 1430 4483 1679 4532; x_wconf 82' lang='lat' dir='ltr'>hirtacus:</span> <span class='ocrx_word' id='word_1_455' title='bbox 1705 4479 1910 4530; x_wconf 90' lang='lat' dir='ltr'>R.N.S.</span> 
     </span>
    </p>
   </div>
   <div class='ocr_carea' id='block_1_12' title="bbox 1896 4279 2582 4532">
    <p class='ocr_par' dir='ltr' id='par_1_18' title="bbox 1896 4279 2340 4344">
     <span class='ocr_line' id='line_1_97' title="bbox 1896 4279 2340 4344; baseline 0.007 -17"><span class='ocrx_word' id='word_1_456' title='bbox 1896 4282 1917 4310; x_wconf 82' lang='lat'>⁸</span> <span class='ocrx_word' id='word_1_457' title='bbox 1947 4279 2121 4344; x_wconf 82' lang='lat' dir='ltr'>galiati</span> <span class='ocrx_word' id='word_1_458' title='bbox 2146 4299 2158 4329; x_wconf 92' lang='lat'>:</span> <span class='ocrx_word' id='word_1_459' title='bbox 2193 4279 2340 4330; x_wconf 84' lang='lat' dir='ltr'>W.S.</span> 
     </span>
    </p>

    <p class='ocr_par' dir='ltr' id='par_1_19' title="bbox 1896 4345 2287 4396">
     <span class='ocr_line' id='line_1_98' title="bbox 1896 4345 2287 4396; baseline 0.003 -1"><span class='ocrx_word' id='word_1_460' title='bbox 1896 4349 1916 4377; x_wconf 80' lang='lat'>⁸</span> <span class='ocrx_word' id='word_1_461' title='bbox 1949 4345 2199 4396; x_wconf 82' lang='lat' dir='ltr'>excitare:</span> <span class='ocrx_word' id='word_1_462' title='bbox 2236 4345 2287 4396; x_wconf 91' lang='lat' dir='ltr'>S.</span> 
     </span>
    </p>

    <p class='ocr_par' dir='ltr' id='par_1_20' title="bbox 1897 4412 2582 4532">
     <span class='ocr_line' id='line_1_99' title="bbox 1897 4412 2518 4477; baseline 0.005 -15"><span class='ocrx_word' id='word_1_463' title='bbox 1897 4415 1916 4443; x_wconf 77' lang='lat'><strong>⁹</strong></span> <span class='ocrx_word' id='word_1_464' title='bbox 1950 4412 2280 4477; x_wconf 82' lang='lat' dir='ltr'>euphenissa:</span> <span class='ocrx_word' id='word_1_465' title='bbox 2317 4413 2518 4465; x_wconf 88' lang='lat' dir='ltr'>R.N.S.</span> 
     </span>
     <span class='ocr_line' id='line_1_100' title="bbox 2028 4479 2582 4532; baseline 0.011 -6"><span class='ocrx_word' id='word_1_466' title='bbox 2028 4480 2065 4508; x_wconf 77' lang='lat'>¹³</span> <span class='ocrx_word' id='word_1_467' title='bbox 2087 4479 2321 4528; x_wconf 85' lang='lat' dir='ltr'>abscessit</span> <span class='ocrx_word' id='word_1_468' title='bbox 2345 4498 2356 4528; x_wconf 92' lang='lat'>:</span> <span class='ocrx_word' id='word_1_469' title='bbox 2383 4481 2582 4532; x_wconf 90' lang='lat' dir='ltr'>R.N.S.</span> 
     </span>
    </p>
   </div>
  </div>
 </body>
</html>
