3117 4959
440 277 502 332 S.
555 274 991 348 JOHANNJS
1032 272 1688 330 ARCHIEPISCOPJ
1729 275 2325 333 EBORACENSIS.

666 389 813 444 279

148 494 651 628 Beatissimus
728 495 929 576 igitur
1003 491 1332 575 johannes

283 583 829 665 archiepiscopus¹
853 583 1026 645 intra
1045 579 1331 645 confinia

150 672 479 753 anglorum
512 671 765 734 editus:
810 691 961 733 cum
988 669 1129 752 jam
1162 669 1330 733 bene

152 761 427 822 imbutus
517 759 923 822 diversorum
1014 757 1327 820 librorum

151 856 309 911 esset
340 847 581 910 literis:
628 847 819 909 rura²
862 847 1108 928 passim
1142 845 1331 908 istius

151 936 420 1035 regionis
460 935 871 1036 peragravit:
918 933 1201 1016 plurima
1231 934 1330 995 di-

148 1023 293 1086 vina
319 1025 653 1085 seminans
682 1021 1021 1103 germina:
1056 1020 1329 1084 multos-

149 1131 269 1193 que
312 1112 703 1174 diaconatus
748 1111 980 1174 ordine
1032 1117 1101 1172 et
1149 1128 1328 1190 pres-

148 1199 374 1279 hyterii
423 1198 861 1261 sanctificavit
908 1197 1199 1260 honore:
1245 1196 1330 1258 de

148 1307 411 1368 quorum
464 1287 745 1367 collegio
789 1294 1057 1348 sanctus
1106 1284 1330 1346 extitit

149 1375 343 1438 beda·
388 1375 501 1456 qui
536 1374 749 1438 multa
781 1363 1144 1455 apostolice
1175 1371 1330 1435 fidei

150 1453 493 1526 cultoribus
538 1463 802 1543 scripsit
849 1461 1051 1524 utilia.
1144 1460 1329 1523 Post-

151 1569 337 1632 quam
383 1559 611 1612 autem
657 1549 1189 1632 archiepiscopus
1220 1568 1333 1611 ve-

152 1638 441 1701 nerabilis
474 1639 711 1702 eata³:
744 1657 1008 1701 cursum
1039 1635 1332 1699 humane

148 1727 271 1788 vite
300 1724 699 1808 complevit.
746 1726 873 1788 deo
904 1725 1333 1806 disponente.

152 1833 221 1876 ac
250 1834 397 1895 rege
426 1814 657 1876 inclito
688 1813 923 1876 alfrido
954 1820 1289 1875 annuente
1315 1831 1332 1876 ε

154 1901 505 1982 presulatus
536 1901 829 1983 suscepit
858 1899 1179 1963 honorem
1226 1919 1333 1962 su-

152 1990 468 2070 pradictus
525 1989 855 2071 johannes
902 1989 971 2051 in
1018 1988 1165 2050 loco
1218 1987 1333 2069 qui

154 2076 635 2141 hostoldesham
667 2077 1011 2140 vocitatur.
1059 2075 1200 2138 Lec.
1235 2075 1332 2156 iij.

151 2169 387 2296 Post
432 2165 559 2228 hec
606 2165 807 2246 igitur
849 2164 1085 2227 beatus
1115 2162 1333 2226 wilfri-

285 2254 407 2317 dus
473 2253 829 2335 episcopus
864 2273 879 2316 :
955 2252 1068 2335 qui
1132 2251 1335 2332 longo

152 2350 431 2422 tempore
463 2341 553 2404 ab
595 2342 979 2423 episcopatu
1012 2359 1133 2402 suo
1163 2339 1336 2420 ejec-

155 2438 249 2492 tus
276 2429 394 2493 fult
421 2451 437 2494 :
470 2450 511 2492 a
542 2448 823 2492 romano
845 2427 1123 2491 concilio
1143 2427 1167 2463 ⁴
1198 2436 1264 2489 et
1295 2447 1336 2489 a

156 2517 409 2580 domino
459 2537 643 2600 papa
713 2514 1031 2598 epistola·
1064 2522 1336 2596 accepta

160 2604 215 2666 in
246 2605 521 2687 patriam
558 2605 850 2667 revenit:
896 2612 966 2666 et
996 2603 1337 2684 episcopa-

160 2700 287 2754 tum
379 2690 965 2775 haugustaldensis
1061 2689 1337 2753 ecclesie

161 2800 293 2844 cum
320 2780 605 2844 sinodali
639 2779 918 2842 concilio
948 2779 1195 2859 recepit
1223 2798 1237 2841 :
1270 2787 1339 2840 et

162 2878 406 2931 sanctus
452 2869 787 2950 johannes
838 2868 907 2929 in
955 2865 1338 2929 eboracensi

164 2955 405 3020 civitate
437 2957 898 3038 episcopatum
932 2953 1225 3035 accepit:
1272 2961 1341 3014 et

164 3045 331 3106 annis
347 3044 798 3127 vigintitribus
821 3041 1131 3105 nobiliter
1148 3041 1340 3104 rexit.

164 3129 337 3194 Vixit
385 3143 613 3195 autem
669 3131 737 3193 in
799 3131 1183 3213 episcopatu
1220 3147 1341 3190 suo

166 3219 627 3299 trigintatribus
658 3219 879 3282 annis:
910 3226 1065 3281 octo
1094 3215 1340 3278 mensi-

167 3305 309 3370 bus:
352 3317 415 3371 et
444 3307 768 3370 tredecim
799 3306 1051 3368 diebus,
1094 3312 1162 3367 et
1191 3323 1344 3385 pos·

171 3401 265 3456 tea
306 3415 451 3458 cum
508 3395 653 3476 jam
704 3395 1161 3476 episcopatum
1222 3392 1345 3454 cir-

174 3483 327 3549 cuire
354 3503 486 3546 non
510 3491 777 3564 poterat
806 3502 820 3545 :
867 3501 989 3543 suo
1018 3478 1345 3542 sacerdoti

174 3569 425 3634 wilfrido
467 3590 625 3634 cum
670 3571 877 3633 totius
918 3567 1147 3649 populi
1178 3564 1349 3628 elec-

176 3655 333 3720 tione
354 3659 819 3740 pontificatum
838 3655 1170 3718 commisit
1189 3654 1349 3717 ebo-

180 3761 503 3809 racensem.
603 3747 890 3828 Ipseque
919 3742 1202 3806 beverlie
1235 3761 1349 3822 pe·-

179 3829 303 3895 tiit:
347 3842 411 3896 et
440 3835 530 3897 ibi
578 3834 645 3896 in
690 3833 801 3896 dei
845 3831 1157 3894 servitute
1205 3849 1349 3909 per-

180 3918 431 3984 sistens:
477 3940 691 3985 nonas
724 3919 878 3982 maii
910 3919 1115 3981 vitam
1148 3916 1349 3978 felici-

103 4023 105 4040 ἰ
181 4014 269 4068 ter
320 4007 525 4072 finivit
586 4008 672 4072 ad
751 4007 1017 4070 laudem
1093 4003 1347 4068 domini

105 4087 108 4120 ³
183 4097 361 4158 nostri
392 4098 549 4177 Jesu
586 4094 849 4161 Christi.

188 4185 240 4256 Ε
284 4183 661 4247 Sanctorum
716 4190 1082 4262 martyrum
1121 4177 1351 4260 gordi-

186 4269 286 4330 ani
307 4281 367 4332 et
388 4271 711 4352 epimachi.
1101 4266 1347 4332 Oratio,

274 4428 287 4456 ¹
318 4429 746 4494 archyepiscopus:
782 4429 849 4480 R.

274 4495 293 4523 ²
322 4495 585 4544 litteratura
609 4514 621 4544 :
657 4497 719 4545 R.
870 4495 1151 4544 literatura:
1196 4492 1263 4540 N.

1934 389 2096 444 280

1434 493 1632 623 Da
1661 511 2020 576 quesumus
2065 495 2485 578 omnipotens
2517 497 2632 562 de-

1591 602 1707 646 us:
1753 591 1828 644 ut
1887 583 2002 664 qui
2062 582 2408 647 beatorum
2463 605 2634 648 mar-

1436 677 1661 748 tyrum
1711 678 1972 734 tuorum
2023 671 2326 752 gordiani
2375 682 2444 735 et
2495 674 2634 755 epi-

1435 756 1650 819 machi
1689 757 1988 821 solennia
2031 759 2352 824 colimus:
2399 781 2628 824 eorum

1437 845 1615 925 apud
1648 853 1717 906 te
1749 845 2324 911 intercessionibus
2361 848 2634 929 adjuve-

1434 952 1595 995 mur.
1644 952 1762 1013 per
1791 934 2152 998 dominum.
2343 936 2556 998 Lectio
2565 937 2628 1018 j.

1592 1021 1851 1084 ulianus
1883 1022 2307 1103 impiissimus
2347 1024 2632 1105 impera-

1430 1021 1714 1196 Jtorj
1723 1109 1885 1171 ussit
1901 1111 2296 1190 gordianum
2315 1111 2632 1174 vicarium

1432 1215 1661 1260 suum:
1688 1205 1762 1260 ut
1778 1197 2154 1277 januarium
2177 1200 2632 1281 presbyterum

1431 1283 1554 1345 sibi
1589 1293 2012 1365 presentaret.
2077 1285 2269 1349 Tunc
2295 1285 2636 1366 januarius

1432 1370 1778 1452 presbyter
1837 1382 2256 1454 presentatus
2308 1375 2633 1456 gordiano

1432 1458 1651 1523 dixit:
1701 1459 1828 1523 Fili
1876 1460 2009 1524 noli
2059 1462 2334 1542 perdere
2365 1472 2632 1544 tempus

1433 1555 1624 1610 tuum
1656 1568 1670 1610 ε
1719 1548 1834 1610 sed
1869 1568 1992 1630 age
2029 1549 2466 1630 penitentiam
2512 1571 2634 1632 pro

1435 1635 1819 1716 corporibus
1871 1645 2248 1700 sanctorum
2309 1657 2480 1719 quos
2533 1639 2632 1700 in-

1431 1722 1764 1786 terfecisti.
1858 1723 2008 1805 Ego
2055 1723 2178 1787 tibi
2209 1727 2532 1806 promitto
2563 1727 2630 1789 in

1434 1811 1703 1874 nomine
1760 1810 1920 1892 Jesu
1985 1809 2272 1876 Christi:
2336 1814 2515 1894 quod
2579 1815 2634 1876 si

1433 1917 1525 1960 ex
1557 1906 1703 1962 toto
1732 1898 1932 1962 corde
1961 1900 2353 1964 credideris:
2385 1911 2452 1964 et
2473 1901 2638 1984 bap·

1434 1987 1672 2049 tisatus
1701 1986 1900 2049 fueris
1941 1988 2240 2051 omniurn
2288 1989 2634 2052 criminum

1435 2084 1698 2137 tuorum
1733 2074 2070 2138 delavabis
2103 2077 2370 2140 sordes:
2418 2078 2510 2140 ita
2557 2087 2634 2141 ut

1434 2171 1503 2224 te
1565 2161 2063 2226 immaculatum
2139 2164 2298 2245 jesu
2369 2164 2636 2230 Christo

1437 2249 1694 2314 offeras.
2324 2252 2536 2316 Lectio
2567 2253 2636 2336 ij.

1448 2337 1898 2473 Gordianus
1936 2338 2216 2403 vicarius
2260 2357 2411 2404 cum
2460 2341 2638 2404 lach-

1589 2426 1792 2507 rymis
1846 2427 2140 2491 introivit
2201 2427 2287 2490 ad
2355 2449 2636 2492 uxorem

1438 2533 1628 2576 suam
1661 2513 1928 2576 nomine
1960 2515 2322 2580 marinam:
2355 2525 2420 2579 et
2449 2536 2639 2579 enar-

1440 2602 1609 2663 ravit
1656 2601 1714 2663 ei
1761 2603 2018 2664 monita
2067 2605 2275 2666 sancti
2332 2603 2639 2683 januarii.

1440 2689 1632 2751 Tunc
1665 2709 1838 2751 uxor
1878 2689 2021 2770 ejus
2052 2700 2120 2753 et
2152 2691 2260 2752 ille
2291 2691 2488 2754 simul
2521 2713 2640 2754 ve-

1442 2777 1699 2839 nientes
1744 2776 1830 2838 ad
1872 2777 2250 2856 januarium
2298 2781 2641 2860 presbyte-

1442 2883 1588 2926 rum
1649 2863 1965 2944 baptisati
2027 2875 2182 2927 sunt
2241 2867 2326 2928 ab
2387 2887 2506 2930 eo:
2573 2876 2641 2930 et

1442 2949 1694 3014 familia
1747 2971 1974 3013 eorum
2037 2953 2391 3033 promiscui
2439 2975 2641 3017 sexus

1440 3058 1718 3102 numero
1731 3039 2230 3119 quinquaginta.
2269 3040 2643 3121 Imperator

1436 3127 1729 3209 julianus
1760 3125 1882 3188 hec
1911 3128 2187 3189 audiens
2225 3127 2420 3209 jussit
2453 3129 2646 3192 dam-

1443 3214 1586 3277 nari
1617 3223 1922 3276 sanctum
1960 3213 2334 3294 januarium
2370 3219 2645 3299 presby-

1445 3311 1662 3364 terum
1689 3323 1702 3364 :
1735 3310 1803 3364 et
1821 3301 2215 3382 gordianum
2243 3305 2310 3365 in
2342 3308 2646 3369 custodia

1446 3387 1712 3472 publica
1745 3390 2148 3470 mancipari:
2190 3412 2467 3454 uxorem
2502 3394 2647 3474 ejus

1448 3477 1772 3540 marinam
1806 3478 1872 3539 in
1905 3478 2196 3558 quadam
2227 3479 2383 3542 villa
2416 3481 2480 3542 in
2515 3503 2648 3544 ser-

1444 3564 1611 3627 vitio
1631 3563 2020 3627 rusticorum
2043 3567 2343 3648 opprimi.
2390 3569 2523 3632 Lec,
2548 3570 2645 3651 iij.

1448 3655 1714 3782 Post
1767 3652 1889 3715 hec
1941 3652 2420 3718 clementianus
2469 3658 2646 3721 vica-

1609 3739 1740 3801 rius
1817 3742 2108 3822 precepit
2169 3742 2292 3804 sibi
2355 3743 2644 3807 tribunal

1450 3827 1781 3908 preparari
1826 3836 1896 3889 et
1940 3828 2210 3891 beatum
2249 3832 2644 3911 gordianum

1448 3915 1746 3978 cathenis
1793 3915 2088 3978 vinctum
2129 3925 2284 3979 ante
2332 3937 2404 3979 se
2451 3917 2649 3997 jussit

1450 4003 1852 4084 presentari:
1900 4004 2002 4066 cui
2033 4013 2101 4066 et
2148 4005 2338 4067 dixit.
2431 4005 2652 4068 Sacri-

1451 4089 1578 4152 fica
1608 4089 1750 4152 diis.
1849 4089 1970 4153 Sin
2002 4099 2225 4153 autem
2264 4111 2278 4153 ε
2311 4090 2548 4154 faciam
2582 4102 2650 4156 te

1451 4177 1670 4259 capite
1716 4176 1881 4241 cedi.
1997 4177 2244 4240 Beatus
2293 4180 2652 4260 gordianus

1448 4265 1642 4328 dixit.
1737 4265 2098 4346 Nunquam
2160 4265 2331 4330 bene
2388 4268 2511 4332 tibi
2566 4270 2652 4332 sit

1722 4423 1743 4453 ⁸
1774 4421 1938 4473 beda:
1978 4423 2112 4473 R.N.

1730 4491 1749 4518 ⁴
1781 4487 2022 4538 consilio:
2061 4489 2119 4538 R.
2132 4489 2197 4538 N.
