3117 4959
1392 251 1500 306 IN
1537 245 1808 302 FESTO

894 362 1031 418 801

369 489 502 536 uno
534 472 906 550 eodemque
936 468 1045 531 die
1077 465 1349 530 diversis
1380 467 1572 530 terris

372 563 437 624 in
483 559 621 622 sata
668 558 1107 620 decesserunt.
1200 555 1318 617 Re.
1412 557 1467 619 F
1469 576 1574 617 ra-

370 659 518 730 grat
537 647 711 709 odor·
719 645 996 726 presulis
1017 663 1201 705 roma
1215 642 1570 705 venientis:
1619 655 1630 664 ·

375 735 680 799 Occurrit
732 731 1089 814 fragrantie
1144 730 1332 811 plebs
1382 731 1576 792 unius

378 822 637 886 mentis.
750 835 797 904 y
846 819 956 881 Ex
1020 818 1396 899 longinquis
1461 838 1576 892 ve-

378 911 608 972 niunt:
656 927 776 970 nec
821 916 976 970 sunt
1026 906 1327 987 fatigati:
1374 905 1578 986 longa

378 999 485 1060 via
516 997 659 1058 visa
688 1003 789 1058 est
820 1002 1007 1058 curta
1034 992 1356 1057 charitati.
1442 993 1577 1058 Oc-

378 1085 595 1149 currit.
1248 1080 1459 1143 Lectio
1488 1080 1572 1163 ψ’.

382 1175 618 1304 Deo
667 1169 867 1252 igitur
912 1169 1273 1251 inspirante
1320 1187 1574 1231 romam

538 1261 755 1321 venit:
804 1259 895 1321 ita
936 1257 1113 1340 quod
1148 1275 1269 1319 nec
1300 1256 1366 1318 in
1398 1256 1579 1318 urbis

386 1347 682 1428 ingressu
730 1347 916 1408 triste
962 1343 1250 1426 aliquid:
1298 1344 1412 1406 sed
1444 1344 1580 1407 leta

386 1436 655 1497 omnia:
706 1433 964 1513 magnis
1016 1433 1217 1494 etiam
1266 1431 1580 1494 successi-

386 1522 512 1585 bus
543 1522 778 1604 plena:
825 1520 884 1582 ei
910 1521 1217 1582 dicuntur
1246 1519 1578 1582 accidisse.

386 1608 802 1672 Venerabilis
862 1625 1125 1689 nanque
1178 1626 1403 1688 papa:
1465 1607 1580 1687 qui

388 1700 569 1780 prius
640 1696 979 1759 electionis
1038 1714 1155 1758 sue
1230 1696 1580 1777 precipuus

388 1783 697 1848 defensor
785 1784 1102 1847 extiterat
1136 1803 1151 1846 :
1262 1781 1347 1844 de
1434 1801 1580 1862 pre-

390 1871 751 1936 decessoris
830 1872 930 1934 sui
1006 1870 1239 1933 dolens
1314 1879 1580 1933 senten·

390 1961 512 2023 tia:
544 1958 875 2022 canonicis
921 1957 1429 2021 eboracensibus
1461 1959 1582 2021 ite-

388 2067 533 2112 rum
599 2066 751 2109 eum
842 2045 1239 2126 eligentibus
1311 2044 1582 2108 electio-

391 2155 543 2198 nem
576 2133 1032 2196 confirmavit:
1081 2143 1146 2196 et
1184 2132 1401 2196 eidem
1436 2153 1579 2196 mu-

392 2242 515 2285 nus
534 2221 1045 2285 consecrationis
1068 2221 1409 2302 impendit.
1441 2221 1582 2284 Ac-

387 2319 585 2392 cepta
660 2329 819 2390 ergo
885 2329 1037 2370 cum
1103 2317 1293 2371 tanto
1374 2309 1578 2372 bene-

390 2395 538 2460 ficio
571 2397 791 2478 papali
840 2395 1343 2459 benedictione:
1391 2417 1579 2478 repa-

384 2485 612 2548 triavit
664 2493 854 2566 pater
902 2484 1265 2548 wilelmus:
1313 2491 1381 2547 et
1433 2485 1580 2548 ubi-

382 2592 649 2654 cunque
680 2572 971 2635 locorum
1004 2573 1355 2635 transitum
1380 2571 1580 2635 facie-

384 2661 545 2724 bat:
590 2659 983 2722 castimonia
1014 2679 1091 2722 ac
1136 2660 1463 2741 puritate:
1510 2669 1580 2722 et

387 2747 609 2810 divine
633 2745 1101 2810 consolationis
1120 2747 1328 2828 gloria
1350 2747 1580 2810 lauda·-

384 2835 605 2900 biliter
632 2835 947 2918 fulgebat.
1035 2834 1149 2898 Re.
1245 2835 1437 2898 Plebs
1468 2856 1582 2897 oc-

386 2923 584 2987 currit
614 2923 900 3004 presuli:
947 2923 1125 2986 cadit
1171 2941 1340 3004 pons
1368 2922 1581 2987 dissu-

384 3020 536 3075 tus:
582 3011 699 3074 sed
755 3031 795 3074 a
846 3029 1002 3074 casu
1052 3010 1337 3093 populus
1386 3031 1581 3074 ruens

391 3099 558 3162 redit
580 3107 776 3162 tutus.
841 3115 888 3184 γ
933 3098 1135 3162 Unda
1156 3118 1351 3162 ruens
1369 3119 1583 3181 popu-

391 3185 526 3250 lum
560 3187 791 3268 recipit
824 3195 1123 3249 ruentem
1154 3209 1168 3251 :
1214 3196 1284 3250 et
1314 3206 1384 3249 se
1416 3207 1580 3268 pon·

388 3285 526 3338 tem
586 3273 788 3337 efficit
859 3294 976 3356 per
1034 3274 1580 3356 omnipotentem.

392 3362 545 3427 Sed.
640 3361 882 3425 Gloria.
963 3359 1114 3424 Sed.
1200 3362 1286 3425 In
1316 3362 1411 3443 iij.
1444 3382 1585 3425 noc-

390 3459 581 3513 turno
608 3457 715 3511 ar‘i.
809 3447 915 3510 Ne
938 3466 1163 3511 cursus
1194 3449 1279 3512 ad
1312 3469 1584 3531 superos

390 3537 615 3600 animo
645 3533 1029 3598 claudatur:
1078 3555 1265 3599 mens
1296 3537 1401 3598 dei
1433 3537 1584 3599 dul·

389 3624 606 3687 cedini
638 3631 783 3686 tota
813 3621 1174 3707 copulatur.
1252 3633 1349 3704 ps':
1441 3623 1586 3686 Do-

392 3712 571 3775 mine
601 3710 749 3792 quis
779 3708 1125 3774 habitabit.
1176 3711 1308 3773 Aa.
1365 3710 1588 3775 Servit

390 3798 769 3862 elemosinis
801 3817 1038 3860 manus
1069 3798 1392 3880 insopita:
1442 3799 1586 3880 qui-

391 3887 516 3952 bus
548 3907 620 3950 se
650 3885 769 3949 dat
798 3885 1094 3949 funditus
1136 3888 1236 3949 vir
1278 3887 1583 3951 israelita.

372 3983 475 4057 pf.
554 3975 845 4039 Domine
866 3975 933 4037 in
956 3974 1214 4037 virtute.
1289 3975 1421 4038 Αῆ.
1502 3975 1584 4038 In

388 4061 670 4126 sublime
714 4061 889 4126 levat
934 4069 1010 4124 ut
1052 4059 1275 4144 palma
1318 4082 1582 4126 comam

386 4152 529 4234 spei
565 4173 580 4216 :
657 4159 727 4214 et
806 4149 1339 4235 imputrescibilis
1422 4151 1585 4214 vivit

386 4240 621 4304 cedrus
640 4239 767 4303 dei.
816 4247 917 4321 pff.
977 4237 1251 4301 Domini
1271 4247 1371 4301 est
1393 4246 1582 4302 terra.

390 4345 433 4413 y
475 4326 947 4407 Magnificavit.
974 4325 1323 4407 Expost‘tt'o.
1356 4325 1584 4390 Homo

752 4446 767 4474 ¹
802 4429 1038 4493 abraham
1060 4463 1073 4494 :
1110 4445 1174 4494 R.
1186 4445 1251 4495 N.

2185 360 2344 417 802

1673 465 1949 550 quidam
2005 467 2262 531 nobilis
2384 465 2636 531 Omelia
2681 475 2766 529 ut
2817 463 2901 530 in

1670 554 2010 620 communi.
2093 556 2208 619 Re.
2287 555 2453 618 Fide
2479 554 2602 618 fuit
2631 553 2900 618 finees:

1676 654 1752 708 ut
1807 644 1926 724 job
1987 656 2414 707 mansuetus:
2485 643 2740 724 patiens
2817 651 2900 704 ut

1679 731 1886 796 israel.
1967 731 2064 796 Ut
2096 750 2226 794 noe
2256 731 2594 793 discretus.
2659 746 2718 815 y
2773 730 2898 792 Fi·

1679 819 1846 882 delis
1880 827 1952 881 ut
1984 817 2281 881 abraam¹
2313 839 2327 882 :
2375 826 2450 881 ut
2481 817 2618 880 loth
2649 816 2898 899 hospi-

1668 907 1882 970 talis:
1974 926 2186 987 sagax
2266 914 2342 968 ut
2415 905 2715 968 samuel:
2811 913 2898 968 ut

1673 993 1914 1076 joseph
1937 993 2240 1057 liberalis
2293 993 2392 1058 Ut
2417 1013 2559 1056 noe.
2628 992 2705 1056 L.
2729 993 2894 1075 viij.

1693 1083 1922 1216 Cum
1979 1091 2201 1144 autem
2257 1082 2494 1144 beatus
2554 1080 2896 1143 wilelmus

1809 1170 2146 1232 civitatem
2177 1169 2641 1232 eboracensem
2677 1170 2898 1230 intra-

1682 1265 1833 1319 ret:
1909 1266 1979 1319 et
2051 1266 2328 1338 pontem
2405 1264 2560 1338 post
2615 1265 2896 1338 patrem

1683 1345 1960 1408 transire
2004 1344 2242 1408 vellet:
2289 1342 2606 1406 effrenata
2655 1343 2898 1407 multi-

1683 1432 1848 1494 tudo
1867 1431 2151 1495 filiorum
2177 1432 2606 1513 :populorum
2628 1433 2899 1514 ponde·

1685 1522 1957 1583 rositate
2003 1528 2197 1602 rupta
2249 1529 2353 1582 est
2405 1518 2603 1600 lignei
2655 1521 2900 1601 pontis

1685 1627 2052 1690 compago:
2101 1609 2194 1671 ita
2243 1607 2422 1688 quod
2477 1606 2896 1669 horrendum

1683 1696 1826 1758 visu
1901 1696 2190 1759 virorum
2250 1715 2330 1758 ac
2391 1694 2736 1758 mulierum
2817 1705 2900 1758 et

1685 1783 2034 1846 infantium
2057 1783 2396 1845 innumere
2421 1781 2896 1845 multitudines

1684 1871 1856 1934 inter
1899 1871 2130 1953 rapida
2175 1869 2354 1934 fluvii
2403 1868 2684 1934 fluenta²
2712 1872 2896 1933 ceci—

1683 1958 1938 2022 derunt.
2029 1959 2143 2022 Ad
2177 1957 2555 2020 submersos
2575 1957 2750 2020 enim
2779 1967 2901 2020 est

1683 2065 2034 2110 conversus
2075 2045 2411 2128 prelatus:
2456 2055 2526 2109 et
2557 2045 2892 2127 populum

1683 2135 1880 2197 undis
1933 2135 2222 2215 undique
2271 2130 2639 2196 involutum
2687 2133 2896 2214 signo

1684 2223 1890 2285 crucis
1929 2221 2266 2304 insignivit
2295 2240 2309 2284 :
2357 2228 2426 2283 et
2457 2219 2782 2284 resolutus
2819 2221 2893 2283 in

1684 2309 1954 2373 fletum:
2001 2328 2086 2372 ne
2139 2329 2252 2372 eos
2305 2308 2708 2390 profundum
2759 2309 2896 2370 ab·

1684 2395 2015 2461 sorberet:
2063 2417 2290 2479 preces
2313 2397 2590 2460 domino
2619 2394 2892 2460 obtulit.

1637 2509 1646 2520 ¹
1683 2485 1821 2550 Vix
1861 2485 2160 2548 oratione
2191 2484 2416 2549 finita:
2459 2504 2670 2549 vorax
2701 2485 2894 2547 unda

1684 2592 1969 2656 superno
2024 2571 2208 2653 jussa
2256 2583 2616 2656 conspectu
2671 2591 2892 2654 usque

1686 2662 1768 2724 ad
1823 2661 1946 2723 soli
2007 2661 2412 2724 soliditatem
2473 2681 2545 2724 se
2605 2669 2890 2742 pontem

1685 2748 1887 2830 lapsis
1962 2749 2226 2832 prebuit
2299 2749 2636 2812 universis,
2763 2748 2888 2811 Re.

1683 2836 1929 2901 Vivum
1973 2835 2274 2902 Christus
2319 2836 2469 2899 oleo
2513 2845 2654 2898 tam
2701 2835 2894 2917 large

1685 2924 1899 2988 linivit
1988 2924 2191 3007 Quod
2240 2923 2457 2987 adhuc
2503 2925 2571 2987 in
2619 2932 2896 2986 mortuo

1685 3013 1812 3076 olei
1841 3012 1994 3076 fons
2023 3013 2205 3076 vivit.
2295 3029 2342 3098 γ
2392 3011 2491 3076 Ut
2523 3011 2609 3074 sit
2639 3031 2896 3074 nomen

1685 3100 1964 3183 presulis
2017 3100 2238 3163 oleum
2301 3097 2584 3163 effusum
2648 3119 2898 3182 corpus

1686 3186 1906 3252 fundit
1945 3187 2166 3250 oleum
2197 3188 2284 3251 ad
2317 3207 2625 3268 egrotum
2675 3208 2896 3250 usum.

1687 3275 1906 3358 Quod.
2555 3275 2774 3338 Lectio
2805 3275 2896 3340 ir.

1686 3362 2065 3496 Mansit
2110 3372 2334 3427 autem
2364 3362 2466 3425 vir
2496 3362 2897 3445 magnificus

1891 3451 2064 3513 inter
2135 3450 2368 3514 fratres
2443 3450 2695 3514 ibidem
2771 3471 2898 3532 per

1687 3538 1942 3620 aliquot
1965 3538 2107 3601 dies
2131 3537 2658 3601 institutionibus
2687 3541 2896 3602 sacris

1688 3626 2041 3690 clarescere
2091 3627 2302 3708 cepit:
2349 3626 2543 3688 bonis
2583 3627 2670 3689 ad
2721 3625 2896 3689 sola-

1689 3715 1895 3777 tium:
1945 3713 2136 3776 malis
2167 3714 2252 3777 ad
2285 3721 2578 3776 metum:
2627 3723 2704 3776 ut
2747 3715 2897 3776 red-

1689 3802 1876 3864 deret
1906 3800 2180 3864 domino
2226 3801 2548 3883 populum
2583 3811 2897 3884 accepta-

1690 3888 1909 3951 bilem.
2002 3889 2173 3952 Cum
2221 3907 2379 3970 ergo
2425 3889 2704 3952 domino
2751 3890 2899 3972 pla-

1687 3977 1972 4039 cuisset:
2016 3985 2156 4038 tam
2190 3976 2486 4057 preciosa
2534 3979 2900 4059 margarita

1690 4063 1908 4128 celum
1929 4063 2150 4146 potius
2167 4083 2402 4126 ornare
2418 4083 2623 4146 quam
2643 4065 2897 4129 solum:

1690 4151 1776 4215 ad
1810 4151 2278 4216 celebrandum
2311 4161 2546 4214 sancte
2574 4154 2896 4217 trinitatis

1690 4240 1931 4304 festum
1965 4259 2036 4302 se
2059 4238 2422 4303 solenniter
2451 4241 2677 4322 presul
2706 4261 2896 4305 sanc·

1689 4337 1796 4392 tus
1857 4328 2167 4391 accinxit.
2289 4327 2664 4410 Completis
2739 4349 2894 4393 vero

2085 4449 2104 4476 ²
2137 4445 2340 4496 fluentia
2363 4464 2375 4497 ε
2413 4447 2474 4496 R.
2483 4447 2552 4497 N.
