3117 4959
835 249 895 304 S.
940 247 1423 305 CUTHBERTI
1455 249 1852 307 EPISCOPI.

630 355 781 412 223

120 461 235 546 ipsi
277 461 554 544 laus-qui
596 460 779 526 dedit
820 461 1037 542 anglis
1080 459 1289 526 lucer-

120 571 261 614 nam
348 571 465 612 sue
550 549 777 612 salutis
863 550 1287 614 cuthbertum

120 639 351 702 bonum
398 637 777 702 doctorem:
826 657 904 700 ac
956 657 1079 719 pro
1125 637 1286 701 hiis¹

120 728 611 789 intercessorem.
684 733 787 806 pff.
880 725 1289 807 Magnificat.

131 813 611 948 Omnipotens
657 811 1057 895 sempiterne
1106 813 1286 896 [Ore.

243 903 397 964 deus
426 900 553 982 qui·
572 921 833 982 semper
854 921 927 964 es
950 911 1019 963 et
1042 902 1289 983 ubique

120 988 413 1052 mirabilis
460 1007 817 1069 quesumus
864 989 1289 1054 clementiam

120 1087 329 1140 tuam:
374 1085 445 1138 ut
475 1076 647 1140 sicut
690 1075 889 1139 beato
935 1077 1291 1140 cuthberto

118 1162 394 1246 pontifici
422 1171 539 1227 tuo
572 1165 976 1228 eminentem
1005 1164 1288 1245 gloriam

118 1251 429 1316 contulisti
469 1251 564 1314 sic
613 1253 701 1315 ad
749 1253 1287 1333 consequendam

119 1340 612 1402 misericordiam
686 1348 874 1403 tuam
948 1340 1093 1422 ejus
1168 1359 1291 1404 nos

118 1426 301 1490 facias
369 1426 673 1509 precibus
738 1427 1053 1508 adjuvari.
1173 1447 1293 1509 per

118 1515 457 1578 dominum.
546 1515 881 1578 Memoria
902 1513 1084 1578 deal.
1173 1514 1301 1578 Ad

118 1611 325 1666 matut.
366 1601 611 1666 Invita.
704 1603 1000 1666 Domino
1029 1610 1289 1666 sancto-

117 1709 247 1751 rum
290 1689 627 1772 presulum
676 1690 828 1771 regi.
916 1689 1291 1772 Jubilemus

115 1777 175 1840 in
204 1777 319 1842 hac
334 1797 515 1840 sacra
534 1776 937 1840 solennitate
960 1776 1291 1860 pontificis

117 1865 259 1927 almi
286 1865 633 1928 cuthberti.
648 1873 751 1946 pff.
785 1866 1044 1930 Venite.
1077 1866 1291 1945 Hym-

117 1972 239 2016 nus.
272 1953 403 2016 Iste
426 1953 781 2016 confessor.
814 1953 965 2035 Jnj.
990 1963 1293 2016 nocturno

114 2049 209 2105 aii.
312 2041 576 2104 Auctor
636 2041 963 2104 donorum
1024 2042 1291 2122 spiritus

116 2128 419 2210 inspirans
479 2148 643 2192 vera
692 2127 957 2191 vatibus
1010 2148 1129 2211 per
1180 2129 1293 2190 tri-

116 2216 317 2278 mum²
365 2216 543 2279 fatur
605 2215 927 2279 infantem
988 2215 1293 2280 cuthber-

114 2312 243 2366 tum
265 2303 400 2367 fore
424 2304 775 2386 presulem.
851 2312 952 2385 pf.
1046 2305 1293 2368 Beatus

112 2392 212 2454 vir.
296 2392 357 2454 A
368 2400 429 2456 ii.
522 2391 661 2474 Qui
693 2391 1071 2474 raphaelem
1106 2390 1294 2454 arch-

114 2479 407 2560 angelum
448 2479 717 2543 thobie³
746 2479 930 2542 dedit
960 2480 1293 2543 medicum

114 2567 420 2630 cuthberti
448 2587 631 2649 genu
682 2567 1069 2649 languidum
1100 2587 1295 2630 suum

114 2665 289 2718 sanat
319 2676 435 2736 per
466 2654 801 2737 angelum.
878 2664 979 2736 pff.
1070 2654 1297 2737 Quare

114 2741 515 2807 fremuerunt.
610 2743 743 2806 Ar‘i.
817 2742 999 2806 Dum
1039 2742 1301 2824 jactan-

116 2839 210 2893 tur
251 2851 508 2913 puppes
572 2829 715 2892 salo
774 2841 1042 2893 sanctus
1102 2850 1298 2893 orans

114 2917 284 2981 heret
340 2918 485 2982 solo
550 2939 715 2982 mox
774 2927 1127 2980 ventorum
1199 2919 1299 2980 vis

120 3015 358 3070 mutata
418 3026 627 3069 naves
686 3006 883 3068 vertit
939 3005 1024 3068 ad
1087 3004 1295 3069 litora.

104 3101 195 3172 pff.
280 3095 577 3156 Domine
634 3093 795 3176 quid
858 3092 1297 3175 multiplicati.

118 3201 161 3265 γ
200 3181 471 3245 Amavit
500 3202 676 3244 eum.
1007 3181 1226 3243 Lectio
1236 3181 1299 3263 j.

120 3268 563 3399 Religiosus
608 3269 809 3350 igitur
838 3277 905 3332 et
944 3269 1093 3350 pius
1138 3289 1301 3350 puer

253 3357 639 3421 cuthbertus
740 3354 1299 3419 christianissimis

122 3439 320 3508 editus
339 3445 727 3527 parentibus
750 3465 765 3507 ι
802 3445 965 3507 dum
987 3453 1301 3507 octavum

122 3533 300 3595 etatis
346 3553 600 3596 annum
646 3531 819 3594 felici
864 3533 1159 3614 auspicio
1204 3533 1303 3594 in-

122 3621 528 3699 grederetur:
598 3618 1008 3701 simplicibus
1067 3639 1303 3702 puero-

122 3725 255 3768 rum
302 3728 372 3770 se
418 3727 581 3790 sepe
630 3708 985 3770 immiscuit
1036 3706 1301 3770 lusibus,

124 3793 245 3875 Qui
274 3796 433 3859 dum
464 3795 760 3878 quadam
805 3795 924 3857 die'
956 3794 1167 3858 solitis
1198 3795 1305 3857 se⁴

122 3881 479 3964 indulgeret
517 3883 782 3946 lusibus
876 3902 1041 3964 puer
1068 3903 1306 3964 parvu-

122 3967 216 4032 lus
243 3991 317 4033 ac
350 3971 443 4034 si⁵
468 3970 741 4034 triennis
764 3969 969 4051 juxta
1000 3969 1305 4033 ludentes

123 4060 454 4138 apparuit:
524 4067 595 4121 et
645 4059 732 4121 ad
794 4077 949 4120 eum
1011 4060 1307 4122 accurrit.

126 4153 187 4206 et
214 4146 397 4228 quasi
432 4145 621 4208 senili
658 4145 1031 4209 constantia
1062 4147 1307 4209 hortari

219 4303 231 4332 ¹
264 4303 377 4353 his:
416 4303 609 4354 E.G.S.

218 4371 235 4399 ⁴
287 4369 399 4419 ‘se'
435 4385 564 4420 om.:
600 4369 663 4418 G.

567 4439 585 4464 ⁷
626 4435 848 4484 ‘autem'
874 4435 1005 4484 add:
1041 4436 1104 4486 G.

1096 4307 1117 4334 ²
1150 4305 1429 4354 triennem:
1464 4305 1690 4356 W.E.&

1102 4373 1121 4400 ⁸
1154 4371 1291 4420 acsiz
1328 4371 1521 4421 E.G.S.

1903 359 2056 414 224

1390 483 1543 526 eum
1595 463 1771 545 cepit
1823 483 1908 528 ne
1950 463 2118 545 jocis
2149 470 2217 526 et
2249 462 2398 526 ocio
2445 482 2588 528 sese

1390 550 1808 636 indulgeret}3
1939 551 2054 616 Re.
2184 550 2589 616 Cuthbertus

1388 659 1554 722 puer
1584 640 1758 702 bone
1808 638 2052 702 indolis
2104 638 2404 722 pervigil.
2431 657 2590 700 noc-

1387 727 1600 790 turnis
1631 729 1938 790 insistens
1963 727 2245 808 hymniS.
2305 726 2586 808 Aydani

1388 816 1682 897 episcopi
1729 815 2020 878 animam
2069 816 2136 878 in
2183 813 2398 878 celum
2435 813 2586 876 ferri

1386 903 1555 966 vidit
1585 904 1674 966 ab
1703 902 1971 984 angeliS.
2062 919 2108 989 γ
2158 902 2329 967 Cum
2361 911 2586 984 pasto·-

1388 990 1568 1054 ribus
1613 991 1834 1054 ovium
1881 991 2136 1073 positus
2183 998 2411 1072 pastor
2441 989 2584 1052 ani-

1390 1098 1648 1142 marum
1687 1099 1728 1142 a
1775 1078 1902 1142 deo
1951 1077 2318 1160 preelectus
2362 1085 2586 1140 mente

1388 1175 1457 1229 et
1487 1166 1674 1230 vultu
1707 1167 2006 1249 supernis
2031 1167 2342 1230 intentus
2434 1164 2584 1246 Ay-

1387 1253 1561 1318 dani,
2272 1252 2485 1316 Lectio
2516 1252 2585 1333 η’.

1400 1340 1826 1473 Cuthberto
1884 1361 2042 1404 vero
2103 1341 2358 1404 monita
2404 1360 2585 1421 sper-

1515 1439 1718 1492 nente
1748 1428 1932 1510 luget
1955 1429 2064 1491 ille
2083 1448 2248 1511 puer
2275 1445 2586 1490 corruens

1388 1517 1456 1580 in
1502 1526 1788 1581 terram:
1835 1527 1902 1580 et
1947 1516 2184 1579 faciem
2231 1515 2586 1595 lachrymis

1387 1606 1610 1686 rigans
1655 1613 2004 1667 accurrunt
2047 1601 2446 1667 consolaturi
2479 1622 2585 1664 ce-

1388 1693 1550 1756 teri:
1598 1693 1717 1754 sed
1763 1690 1873 1754 ille
1919 1700 2172 1774 perstat
2203 1691 2271 1753 in
2303 1689 2585 1753 fletibus,

1390 1779 1698 1842 Tandem
1759 1800 1915 1842 vero
1974 1777 2085 1842 ille
2138 1798 2301 1860 puer
2359 1776 2586 1840 excla-

1390 1887 1584 1931 mans
1659 1867 2026 1932 consolanti
2087 1887 2158 1928 se
2233 1865 2585 1929 cuthberto

1389 1956 1622 2036 inquit.
1717 1954 1780 2020 O
1842 1955 2254 2018 sanctissime
2307 1953 2584 2016 antistes

1389 2043 1736 2106 cuthberte
1761 2064 1775 2107 :
1824 2042 2048 2105 ludere
2069 2051 2136 2105 te
2156 2043 2328 2105 inter
2345 2060 2586 2122 pueros

1392 2151 1525 2194 non
1558 2131 1752 2194 decet
1782 2151 1982 2211 quem
2022 2129 2334 2194 dominus
2364 2137 2588 2210 pasto-

1392 2238 1532 2281 rem
1556 2218 1829 2281 ecclesie
1849 2219 2271 2281 consecravit.
2323 2217 2440 2279 Re.
2506 2214 2586 2278 In

1390 2307 1638 2370 sanctis
1692 2326 1986 2368 crescens
2040 2304 2432 2369 virtutibus:
2494 2302 2591 2366 al-

1392 2413 1542 2457 mus
1622 2394 1726 2456 vir
1799 2393 2186 2456 cuthbertus
2259 2391 2589 2473 despectis
2701 2403 2708 2411 ·

1392 2481 1590 2561 hujus
1620 2482 1849 2545 caduci
1879 2481 2082 2546 seculi
2131 2481 2324 2543 rebus
2363 2498 2592 2542 vener-

1394 2568 1588 2632 abilis
1617 2589 1696 2632 ac
1728 2589 1844 2650 per
1873 2577 2114 2633 cuncta
2135 2569 2336 2649 digne
2358 2566 2592 2630 lauda-

1393 2657 1561 2720 bilis.
1655 2657 1711 2719 F
1713 2666 1899 2720 actus
1931 2666 2031 2720 est
2073 2655 2452 2720 monachus
2549 2670 2592 2739 γ

1396 2745 1692 2827 Corpore
1735 2753 1958 2808 mente
2004 2743 2241 2807 habitu'
2268 2742 2592 2822 factisque

1396 2832 1850 2916 probabilibus
1937 2832 2164 2895 castris
2243 2828 2593 2893 dominicis

1398 2921 1777 2984 associatus
1871 2919 1927 2982 F
1929 2929 2133 2982 actus,
2252 2916 2466 2980 Lectio
2496 2915 2594 2997 iij.

1395 3008 1799 3140 Audiens
1839 3006 1961 3069 hec
2005 3005 2393 3068 cuthbertus
2425 3023 2596 3065 mes-

1567 3102 1708 3157 tum
1741 3092 2059 3157 infantem
2095 3093 2220 3174 piis
2252 3091 2597 3155 blandiciis

1395 3180 1818 3246 consolatur:
1869 3181 2231 3262 relictaque
2278 3179 2596 3242 continuo

1398 3270 1671 3334 ludendi
1701 3270 1994 3333 vanitate
2042 3269 2314 3330 domum
2360 3266 2595 3329 rediit:

1398 3379 1477 3422 ac
1507 3356 1806 3421 stabilior
1843 3357 1984 3438 jam
2017 3377 2105 3419 ex
2139 3355 2249 3418 illo
2294 3365 2596 3435 ternpore

1399 3447 1688 3508 existere
1734 3447 1928 3528 cepit.
2020 3440 2392 3527 Quoniam⁷
2435 3462 2599 3524 puer

1398 3534 1652 3596 domini
1685 3534 2068 3597 cuthbertus
2099 3551 2228 3614 que
2247 3551 2366 3613 per
2381 3529 2596 3594 homi-

1400 3624 1555 3684 n‘em
1600 3622 1854 3703 accepit
1897 3619 2318 3683 hortamenta
2365 3617 2600 3681 sedulo

1400 3709 1600 3772 corde
1633 3708 1998 3773 retinebat:
2046 3709 2249 3770 etiam
2295 3706 2598 3786 angelico

1402 3797 1543 3860 visu
1577 3797 1678 3860 et⁸
1715 3797 1919 3860 affatu
1952 3794 2303 3860 confortari
2338 3813 2598 3875 prome-

1405 3885 1551 3947 ruit.
1582 3885 1697 3948 Re.
1733 3884 2106 3948 Patriarche
2127 3883 2330 3946 nostri
2352 3879 2600 3943 abrahe

1405 3971 1722 4054 exemplo
1772 3973 2008 4036 beatus
2059 3980 2250 4053 pater
2294 3967 2603 4032 cuthber-

1405 4068 1515 4122 tus
1552 4060 2032 4142 hospitalitatis
2082 4059 2346 4122 deditus
2410 4055 2602 4118 obse-

1408 4148 1604 4228 quio:
1637 4167 1996 4230 supernum
2044 4149 2256 4209 civem
2303 4143 2604 4224 gaudens

1965 4305 1984 4333 ⁸
2018 4304 2153 4352 tobie
2177 4319 2188 4352 :
2214 4301 2276 4352 G.

1959 4371 1980 4399 ⁸
2013 4369 2309 4418 immisceret
2335 4385 2346 4418 :
2383 4367 2447 4418 G.

1567 4441 1586 4468 ⁸
1627 4437 1885 4487 ‘et’om.:
1921 4433 2076 4486 W.E.
