3117 4959
1215 240 1278 294 S.
1319 239 1663 295 ,FELICIS
1706 240 1831 294 ET
1870 241 2315 298 SOCJORUM.

1041 348 1200 402 423

513 453 1020 538 perambulans:
1065 453 1308 536 reperit
1359 453 1713 518 secretissi-

515 565 696 608 mam
719 543 1102 625 speluncam
1131 543 1544 626 :ostiumque
1568 541 1715 624 ejus

515 634 717 696 situm
749 641 890 696 erat
921 630 1006 694 ad
1044 632 1382 694 orientem.
1476 629 1715 711 Ibique

513 719 818 782 habitare
847 718 1022 800 cepit
1041 727 1242 800 atque
1273 738 1392 800 per
1419 719 1713 801 spatium

515 809 772 872 dierum
837 807 1265 888 plurimorum
1331 825 1538 870 unum
1590 827 1715 889 pa-

517 915 672 959 nem
689 895 950 976 ¹siccum
981 893 1271 958 habebat
1313 894 1428 957 sed
1461 913 1708 976 aquam

515 982 696 1046 unde
742 983 920 1046 sitim
967 983 1354 1046 emendaret
1399 1002 1532 1045 non
1596 983 1715 1046 ha-

515 1070 735 1134 bebat.
1393 1069 1613 1133 Lectio
1642 1069 1711 1152 ij.

515 1161 894 1292 Factum
927 1166 1029 1221 est
1055 1156 1220 1220 dum
1269 1159 1556 1240 septima
1602 1159 1713 1221 die

672 1247 844 1310 circa
872 1246 1104 1310 horam
1137 1247 1404 1309 tertiam
1441 1245 1711 1327 jejunus

517 1333 882 1416 sitiensque
933 1343 1308 1416 peroraret:
1357 1342 1564 1416 atque
1616 1335 1712 1396 sa-

515 1423 650 1486 cies
665 1423 811 1504 ejus
834 1432 1006 1485 terre
1026 1421 1372 1485 adhereret
1395 1443 1410 1486 ε
1439 1421 1709 1504 glebam

515 1511 723 1574 sensit
753 1509 1105 1574 sudantem
1137 1519 1206 1574 et
1233 1511 1577 1592 cuspidem
1608 1509 1711 1573 sui

518 1599 736 1664 baculi
791 1597 1046 1680 figens:
1103 1597 1252 1661 fons
1305 1597 1712 1680 largissimus

514 1688 891 1751 emanavit:
955 1687 1180 1767 ibique
1229 1685 1715 1749 delectabiliter

520 1776 780 1840 mansit.
872 1774 1184 1857 Quadam
1223 1783 1428 1837 nocte
1468 1793 1587 1856 per
1612 1773 1713 1837 vi-

517 1883 666 1927 sum
741 1865 950 1926 cernit
1023 1872 1158 1926 tres
1229 1859 1523 1942 presules
1584 1861 1711 1924 sibi

517 1953 824 2016 assistere
851 1971 866 2014 :
914 1959 982 2014 et
1010 1969 1163 2014 cum
1195 1948 1324 2012 illis
1361 1947 1710 2013 ecclesiam

517 2040 762 2102 intrare
813 2048 881 2101 et
928 2058 1131 2101 orare.
1223 2036 1530 2118 Cumque
1566 2057 1713 2119 per-

515 2135 900 2190 cuntaretur
918 2125 1190 2190 nomina
1209 2144 1436 2187 eorum
1449 2135 1711 2206 petrum

515 2224 587 2278 et
639 2214 952 2295 jacobum
1005 2213 1275 2276 fratrem
1335 2213 1589 2275 domini
1643 2222 1713 2276 et

513 2301 881 2385 johannem
913 2321 988 2364 se
1016 2319 1160 2364 esse
1208 2301 1709 2382 responderunt.

519 2389 810 2455 Causam
841 2389 1169 2454 adventus
1214 2407 1442 2452 eorum
1488 2398 1562 2453 ut
1610 2389 1709 2471 ip-

517 2498 666 2542 sum
749 2485 1206 2542 consecrarent
1301 2477 1709 2559 episcopum.

517 2567 724 2632 Mane
773 2567 998 2648 itaque
1030 2564 1249 2628 facto:
1295 2575 1536 2628 cuncta
1576 2585 1711 2646 que

517 2653 775 2720 viderat
805 2653 1096 2718 dubritio
1127 2671 1301 2735 pape
1327 2650 1539 2717 refert.
1573 2653 1707 2736 Qui

515 2763 669 2806 eum
705 2741 1024 2807 cathedra
1067 2739 1426 2824 episcopali
1469 2741 1709 2804 confir—

517 2831 742 2896 mavit.
1365 2829 1581 2892 Lectio
1611 2829 1705 2913 iij.

681 2939 809 2982 unc
853 2937 1086 2984 omnes
1129 2916 1245 3000 qui
1293 2917 1573 2981 aderant
1614 2919 1709 2981 vi-

681 3009 919 3071 derunt
1008 3005 1386 3071 columbam
1472 3005 1709 3070 celitus

515 3095 786 3160 missam
844 3096 1057 3160 vicem
1117 3103 1508 3158 consuetam
1556 3095 1709 3158 red-

513 3185 671 3248 dere
700 3207 714 3249 :
761 3185 973 3247 donec
1003 3181 1335 3247 ordinatio
1365 3182 1709 3265 episcopa-

513 3271 596 3336 lis
669 3271 1063 3353 expleretur.
1189 3271 1353 3335 Erat
1429 3271 1707 3354 quidam

511 3379 785 3440 serpens
843 3358 912 3421 in
973 3357 1288 3440 spelunca
1345 3377 1518 3424 una:
1594 3360 1706 3442 qui

515 3446 769 3511 nullum
801 3465 1010 3528 genus
1041 3445 1386 3509 hominum
1409 3466 1526 3511 seu
1559 3446 1709 3511 bes-

513 3533 756 3598 tiarum
781 3553 989 3616 prope
1009 3534 1403 3597 commorari
1427 3535 1706 3600 sinebat.

517 3621 732 3704 Igitur
773 3620 874 3685 vir
917 3621 1024 3684 dei
1071 3629 1334 3684 antrum
1381 3624 1706 3704 serpentis

513 3709 808 3776 introivit
839 3728 1162 3790 suamque
1190 3707 1434 3772 lineam
1466 3730 1704 3775 zonam

509 3798 684 3863 collo
722 3797 866 3879 ejus
913 3797 1303 3880 imponens:
1349 3799 1436 3862 de
1467 3801 1705 3881 grandi

510 3887 862 3954 altitudine
915 3906 1068 3950 eum
1115 3885 1575 3968 precipitavit:
1636 3896 1705 3952 et

508 3987 584 4042 ut
607 3977 842 4042 eadem
869 3975 1033 4039 hora
1057 3985 1422 4038 moreretur
1445 3976 1512 4038 in
1543 3976 1704 4057 Jesu

507 4065 756 4132 Christi
791 4064 1061 4128 nomine
1105 4063 1470 4146 imperavit.
1564 4065 1705 4128 De-

505 4155 664 4218 inde
709 4173 918 4236 prope
965 4153 1182 4234 ipsum
1227 4151 1552 4235 serpentis
1583 4173 1706 4216 an-

506 4251 682 4308 trum
709 4241 1182 4306 monasterium
1209 4238 1545 4309 fundavit:
1588 4241 1702 4306 ubi

704 4439 720 4472 ⁸
743 4435 904 4490 ..Alias
923 4450 940 4491 .·
973 4436 1044 4490 R.

1799 1248 2197 1328 pantaleone.

1455 4437 1477 4468 ²
1510 4435 1689 4495 effectu
1714 4455 1728 4489 ι
1764 4436 1964 4496 R.N.S.

2316 347 2477 406 426

1815 475 1935 538 per
1968 455 2243 538 aliquod
2288 465 2559 540 tempus
2600 453 2863 523 celibem
2888 458 2965 525 vi·

1816 553 1959 608 tam
2036 544 2252 608 duxit.
2378 546 2539 609 Post
2596 547 2719 610 hec
2777 550 2969 630 reperit

1818 631 2039 696 locum
2094 633 2209 696 ubi
2256 635 2637 697 construxit
2688 646 2969 700 monaste·

1818 720 1987 783 rium
2014 741 2029 783 :
2077 721 2146 783 in
2176 741 2315 804 quo
2344 723 2483 785 vita
2514 731 2697 786 etate
2721 734 2791 787 et
2818 726 2972 788 bonis

1816 809 2131 891 operibus
2150 819 2451 873 maturus
2470 830 2849 893 supremum
2870 814 2971 876 vite

1814 897 2143 978 presentis
2186 897 2367 961 diem
2413 899 2659 962 clausit
2688 910 2755 962 et
2782 901 2861 962 ad
2892 921 2973 962 ee-

1814 983 2011 1048 lestia
2040 1005 2247 1086 regna
2278 987 2606 1066 migravit.
2692 986 2893 1052 Cetera
2916 988 2977 1050 dc

1812 1074 2140 1135 communi
2156 1072 2357 1136 unius
2370 1075 2759 1152 confessoris·
2776 1085 2835 1137 et
2847 1087 2973 1156 pon—

1814 1159 2012 1242 tificale
2078 1181 2224 1223 cum
2294 1163 2611 1224 memoria
2670 1163 2754 1226 de
2800 1173 2976 1225 sancto

1814 1339 1883 1414 Q*
1934 1335 2325 1399 Sanctorum
2376 1347 2753 1418 martyrum
2794 1337 2977 1418 felicis

1812 1424 2125 1504 simplicii
2152 1425 2471 1488 Faustini
2494 1436 2562 1488 et
2588 1425 2890 1488 beatricis.

1812 1511 2349 1646 Infirmitatem
2400 1523 2703 1576 nostram
2740 1512 2973 1596 [Oratio.

1920 1601 2172 1682 respice
2232 1601 2669 1680 omnipotens
2726 1603 2881 1664 deus
2928 1609 2975 1663 et

1809 1688 1974 1770 quia
2049 1689 2311 1770 pondus
2396 1690 2669 1771 proprie
2744 1689 2977 1752 actionis

1812 1784 2091 1856 gravat:
2168 1777 2345 1839 beati
2423 1775 2637 1840 felicis
2712 1777 2977 1858 martyris

1812 1863 1913 1926 tui
1966 1871 2173 1946 atque
2232 1863 2567 1946 pontificis
2634 1865 2976 1929 intercessio

1814 1950 2103 2033 gloriosa
2178 1971 2301 2015 nos
2364 1962 2700 2034 protegat.
2814 1952 2973 2016 Alia·

1812 2039 2023 2102 oratio
2048 2038 2169 2102 sub
2196 2059 2334 2102 una
2362 2041 2776 2104 conclusione.
2860 2041 2976 2104 Oro.

1812 2131 2143 2260 presta
2194 2128 2467 2191 domine
2520 2147 2883 2210 quesumus
2922 2135 2977 2188 ut

1962 2215 2135 2279 sicut
2232 2215 2523 2297 populus
2623 2216 2979 2280 christianus

1808 2311 2179 2384 martyrum
2240 2312 2509 2367 tuorum
2570 2303 2787 2368 felicis
2850 2303 2978 2365 sim·

1812 2390 1991 2472 plicii
2036 2389 2307 2454 faustini
2360 2401 2429 2454 et
2482 2392 2799 2456 beatricis
2844 2401 2978 2454 tem-

1812 2478 2019 2561 porali
2050 2479 2452 2543 solennitate
2494 2479 2877 2562 congaudet
2908 2479 2979 2540 ita

1810 2566 2182 2649 perfruatur
2209 2577 2477 2632 eterna:
2524 2579 2595 2632 et
2628 2568 2809 2651 quod
2840 2567 2980 2630 votis

1810 2655 2268 2719 amantissime
2318 2656 2655 2721 celebrat:
2716 2674 2980 2737 compre-

1808 2741 2061 2808 hendat
2092 2743 2422 2808 effectum.
2426 2745 2451 2782 ²
2496 2764 2623 2825 per
2644 2744 2981 2807 dominum.

1806 2841 1873 2894 et
1894 2851 1991 2895 sec
2014 2831 2278 2894 dabatur
2302 2832 2400 2894 ad
2436 2843 2743 2913 vesperas
2772 2843 2835 2896 α
2870 2843 2981 2892 na-

1808 2920 2063 2983 tutinas
2088 2929 2153 2982 et
2178 2919 2277 2982 ad
2298 2919 2589 2985 mels-sam.
2731 2917 2984 3020 Lectioy}

1807 3007 2080 3141 Fun·
2153 3009 2569 3090 temporibus
2646 3007 2983 3073 constancii

1960 3095 2082 3159 filii
2112 3097 2518 3160 constantini
2552 3098 2790 3178 magari
2838 3095 2983 3178 prin·

1808 3182 2018 3265 cipis:
2095 3203 2305 3265 usque
2386 3184 2475 3246 ad
2552 3185 2983 3248 constantium

1808 3280 2165 3353 augustum
2191 3293 2205 3336 ε
2239 3271 2505 3334 liberius
2530 3273 2817 3354 quidam
2842 3290 2985 3354 papa

1809 3359 1989 3423 urbis
2014 3379 2235 3424 rome:
2268 3361 2381 3442 qui
2400 3360 2605 3428 tertio
2628 3361 2797 3424 inde
2812 3358 2983 3423 exilio

1806 3446 1893 3511 de
1922 3457 2227 3529 portatus
2258 3456 2361 3512 est
2390 3467 2433 3511 a
2462 3449 2887 3512 constantio:
2922 3463 2982 3508 eo

1808 3535 1987 3618 quod
2048 3536 2323 3598 minime
2394 3534 2731 3600 voluisset
2804 3531 2980 3598 heresi

1806 3624 2061 3688 arriane
2106 3625 2495 3688 consentire.
2594 3624 2697 3689 Et
2726 3623 2912 3688 fecit⁸
2932 3623 2979 3684 in

1803 3711 2012 3777 exilio
2064 3731 2279 3778 annos
2329 3722 2480 3776 tres.
2586 3711 2689 3776 Et
2738 3728 2979 3794 congre-

1804 3809 2042 3883 gantes
2094 3819 2167 3864 se
2218 3801 2603 3865 sacerdotes
2666 3821 2825 3864 cum
2872 3796 2980 3862 uni·

1805 3908 1996 3953 verso
2044 3886 2225 3951 clero
2278 3907 2600 3952 romano:
2664 3889 2980 3952 ordinave-
3031 3895 3034 3962 Ι

1806 3984 1960 4042 runt
2003 3975 2263 4052 felicem
2314 3977 2793 4059 presbyterum
2838 3974 2978 4038 urbis
3031 3977 3034 4020 ³

1806 4083 1989 4128 rome
2016 4065 2425 4146 episcopum.
2698 4063 2908 4128 Lectio
2926 4059 2977 4143 ᾔ.
3032 4111 3034 4114 ⁴

1815 4152 2007 4318 Qui
2038 4151 2312 4216 tandem
2344 4171 2386 4216 a
2417 4155 2813 4217 constantia
2852 4169 2977 4232 aug·

1941 4248 2128 4306 usta:
2175 4241 2337 4324 quia
2365 4240 2537 4305 duos
2577 4241 2975 4324 presbyteros
3032 4263 3034 4270 ·

2368 4438 2389 4465 '
2422 4435 2515 4492 fuit
2572 4435 2809 4495 =R.N.S.
2875 4476 2887 4488 .
