3117 4959
1485 236 1593 290 IN
1631 235 1902 291 FESTO

939 345 1076 399 145

409 457 633 513 noster
662 449 1004 531 refugium.
1077 449 1214 511 Αῆ.
1248 447 1479 511 Induit
1508 467 1618 510 me

409 536 719 599 dominus
771 535 1020 600 ciclade
1068 556 1226 600 auro
1274 544 1502 599 texta:
1550 543 1619 598 et

411 624 749 687 immensis
781 623 1134 687 monilibus
1187 623 1446 686 ornavit
1490 642 1617 685 me.

397 720 498 793 pJ.
549 711 1026 774 Fundamenta.
1087 728 1151 795 γ.
1193 710 1429 793 Specie
1460 710 1616 772 tua.¹

410 798 815 931 Sequenti
847 808 1070 861 autem
1102 799 1211 860 die
1295 797 1460 881 [Lec.
1495 796 1619 878 iiij

545 886 872 968 prefectus
919 886 1116 966 jussit
1176 886 1299 948 sibi
1353 905 1619 966 presen-

408 973 534 1036 tari
585 983 940 1054 agnetem:
1008 982 1076 1035 et
1130 973 1366 1035 iterum
1417 982 1621 1052 atque

409 1061 648 1123 iterum
713 1069 1012 1141 repetens
1067 1060 1240 1140 cepit
1303 1060 1619 1141 replicare

410 1147 496 1211 de
508 1146 769 1227 juvenis
788 1167 1013 1209 amore
1033 1166 1420 1209 sermonem.
1463 1146 1620 1209 Noli

411 1233 627 1315 inquit
657 1234 1077 1316 temetipsam
1101 1236 1123 1270 ²
1153 1234 1456 1316 decipere
1489 1254 1505 1296 :
1549 1243 1625 1297 ut

417 1321 580 1384 iram
644 1324 918 1383 deorum
983 1322 1309 1385 incurras:
1355 1322 1471 1383 sed
1535 1321 1621 1383 ad

409 1408 848 1471 venerabilem
880 1408 1076 1471 deam
1131 1418 1426 1471 nostram
1473 1428 1625 1489 pro-

411 1516 642 1578 perare
673 1515 938 1558 necesse
970 1496 1174 1558 habes
1217 1504 1289 1557 ut
1319 1497 1374 1557 si
1405 1516 1625 1577 perse-

412 1602 639 1646 verare
671 1584 736 1645 in
768 1582 1146 1664 virginitate
1178 1581 1396 1664 placet
1425 1604 1439 1645 :
1481 1583 1626 1663 ejus

420 1670 529 1732 die
577 1691 656 1733 ac
710 1679 904 1733 nocte
951 1669 1282 1733 sacrificiis
1343 1670 1624 1733 insistas.

419 1758 649 1822 Unum
676 1757 886 1837 inquit
918 1778 956 1820 e
987 1756 1246 1820 duobus
1277 1757 1477 1838 elige:
1509 1765 1625 1819 aut

415 1864 564 1909 cum
626 1843 988 1925 virginibus
1047 1845 1172 1907 dee
1233 1864 1380 1908 mee
1441 1854 1626 1907 veste

413 1930 708 1995 sacrifica
766 1941 882 1994 aut
942 1952 1091 1994 cum
1169 1931 1622 1994 meretricibus

417 2018 824 2081 scortaberiS.
915 2017 1014 2081 At
1075 2017 1188 2080 illa
1235 2020 1627 2099 respondit:

419 2106 594 2169 Novi
627 2107 936 2168 virtutem
984 2104 1235 2168 domini
1289 2106 1419 2169 mei
1466 2106 1627 2187 Jesu

421 2192 664 2257 Christi
700 2212 715 2255 :
806 2201 874 2255 et
947 2191 1097 2255 ideo
1170 2213 1398 2257 secura
1473 2214 1629 2256 con-

417 2288 696 2361 tempno
755 2280 969 2343 minas
1029 2289 1193 2345 tuas,
1285 2281 1397 2344 Re.
1444 2280 1630 2344 Amo

422 2366 758 2432 Christum
805 2366 872 2431 in
917 2366 1103 2447 cujus
1134 2367 1502 2431 thalamum
1534 2369 1632 2431 in-

419 2454 614 2518 troivi
647 2453 833 2534 cujus
866 2464 1077 2517 mater
1106 2455 1291 2537 virgo
1322 2465 1422 2519 est
1449 2476 1463 2519 :
1511 2476 1625 2519 cu-

415 2539 526 2625 jus
557 2550 746 2623 pater
791 2541 1102 2605 seminam
1153 2544 1399 2606 nescit:
1445 2542 1633 2624 cujus

425 2628 588 2692 mihi
643 2649 892 2710 organa
951 2629 1310 2693 modulatis
1361 2632 1634 2694 vocibus

425 2725 717 2779 cantant.
831 2716 1050 2798 Quem
1112 2737 1262 2780 cum
1326 2737 1637 2781 amavero

426 2812 612 2867 casta
655 2824 801 2866 sum
832 2824 847 2868 :
893 2824 1044 2867 cum
1077 2806 1357 2887 tetigero
1387 2805 1639 2868 munda

350 2950 358 2957 .
428 2911 614 2955 sum:
661 2911 812 2955 cum
866 2912 1181 2975 accepero
1234 2893 1420 2974 virgo
1470 2912 1635 2955 sum.

429 2996 476 3064 γ
511 2979 648 3042 Mel
679 2988 745 3042 et
778 2979 880 3042 lac
911 3000 1000 3043 ex
1031 2979 1173 3060 ejus
1207 3000 1316 3043 ore
1348 2981 1637 3061 suscepi:

428 3075 498 3131 et
556 3068 825 3149 sanguis
901 3068 1041 3148 ejus
1102 3069 1360 3130 ornavit
1431 3087 1641 3149 genas

400 3174 632 3217 -meas,
725 3154 943 3236 Quem
977 3174 1145 3217 cum.
1339 3154 1552 3217 Lectio
1583 3174 1643 3217 v.

432 3243 533 3373 l
553 3242 984 3304 nsanissimus
1014 3250 1236 3305 autem
1264 3242 1479 3322 judex
1505 3240 1645 3322 jus-

551 3328 638 3391 sit
705 3338 1005 3391 sanctam
1064 3328 1383 3409 virginem
1444 3330 1647 3412 spoli-

437 3414 577 3479 ari:
623 3425 693 3478 et
740 3417 987 3478 nudam
1039 3416 1124 3478 ad
1175 3416 1452 3497 lupanar
1493 3417 1647 3481 duci

432 3502 558 3565 sub
603 3522 764 3565 voce
811 3504 1118 3583 preconia
1165 3504 1405 3567 dicens.
1501 3504 1647 3586 Ag-

437 3599 660 3654 netem
708 3590 1028 3670 virginem
1070 3589 1453 3670 sacrilegam
1486 3592 1647 3655 deos

436 3675 1010 3758 blasphemantem
1057 3686 1414 3741 scortatam
1464 3678 1649 3759 lupa-

435 3764 702 3829 naribus
761 3766 1010 3828 datam.
1117 3764 1362 3829 Statim
1424 3775 1648 3831 autem

438 3861 513 3915 ut
536 3852 818 3935 spoliata
843 3862 941 3915 est
975 3860 1230 3916 tantam
1251 3855 1648 3917 densitatem

440 3940 825 4023 capillorum
873 3942 1162 4004 concesit
1193 3942 1252 4003 ei
1284 3944 1495 4023 gratia
1550 3943 1650 4004 di-

436 4029 641 4091 vina:
702 4037 776 4091 ut
838 4028 1071 4091 melius
1131 4030 1386 4112 capillis
1445 4051 1647 4113 quam

439 4114 731 4178 vestibus
806 4116 1136 4179 videretur
1209 4126 1399 4181 tecta.
1539 4117 1650 4181 In-

438 4222 665 4287 gressa
709 4204 913 4285 igitur
959 4224 1166 4286 agnes
1215 4205 1646 4289 turpitudinis

735 4363 750 4392 ¹
794 4362 927 4410 ‘eta’
951 4363 1084 4410 add:
1123 4362 1178 4411 G.

739 4429 760 4459 ²
791 4429 1104 4492 temetipsum
1131 4446 1144 4478 :
1180 4428 1232 4479 S.

2230 342 2370 395 146

1715 446 1935 511 locum
1968 446 2281 529 angelum
2311 446 2565 509 domini
2604 444 2741 509 illic
2774 466 2920 527 pre-

1716 543 2021 615 paratum
2085 534 2336 597 invenit
2410 535 2523 615 qui
2588 536 2923 596 immenso

1716 642 1865 685 eam
1914 621 2269 703 splendore
2318 621 2771 684 circundedit:
2827 622 2923 683 ita

1716 718 1791 772 ut
1822 709 2042 772 nullus
2072 718 2298 790 posset
2340 729 2491 771 eam
2536 729 2654 789 pre
2700 708 2925 790 splen-

1717 798 1879 859 dore
1910 798 2315 878 prospicere:
2348 816 2470 857 nec
2500 797 2922 876 contingere:

1718 904 1839 948 nec
1863 885 2103 946 videre.
2148 884 2265 945 Re.
2293 883 2429 965 Ipsi
2455 903 2602 945 sum
2630 884 2922 963 despon-

1718 982 1900 1035 sata:
1944 972 2049 1033 cui
2082 971 2299 1052 angeli
2346 972 2682 1033 serviunt:
2728 968 2924 1049 cujus

1720 1059 2273 1141 pulchritudinem
2330 1058 2428 1121 sol
2477 1066 2547 1120 et
2594 1058 2754 1119 luna
2802 1058 2925 1119 mi-

1720 1155 1963 1209 rantur.
2080 1146 2217 1227 Ipsi
2278 1146 2403 1208 soli
2462 1165 2655 1207 servo
2716 1144 2925 1207 fidem

1720 1234 1889 1315 ipsi³
1950 1254 2058 1295 me
2116 1242 2263 1295 tota
2322 1233 2679 1295 devotione
2740 1252 2929 1295 com·
2968 1256 2977 1261 ·

1722 1320 1935 1385 mitto.
2037 1337 2086 1405 γ
2132 1316 2503 1383 Dexteram
2568 1339 2790 1381 meam
2858 1328 2929 1383 et

1720 1408 1969 1471 collum
2032 1427 2253 1470 meum
2313 1409 2529 1471 cinxit
2590 1406 2933 1489 lapidibus

1721 1496 2077 1578 preciosis:
2124 1496 2396 1558 tradidit
2442 1494 2709 1557 auribus
2758 1494 2935 1556 meis

1722 1582 2199 1645 inestimabiles
2260 1584 2669 1663 margaritas,
2764 1582 2931 1662 Ipsi.

1735 1672 2111 1803 Cumque
2144 1671 2341 1733 beata
2366 1672 2553 1752 virgo
2592 1740 2599 1745 ⁴
2631 1668 2801 1751 [Lec.
2838 1670 2927 1749 vj.

1872 1759 1937 1819 in
1985 1759 2281 1820 oratione
2328 1778 2400 1819 se
2446 1766 2930 1838 prosterneret:

1724 1844 1947 1907 subito
1978 1845 2284 1927 apparuit
2331 1854 2486 1907 ante
2523 1844 2751 1907 oculos
2780 1843 2933 1923 ejus

1726 1932 1898 1996 stola
1927 1932 2441 1995 candidissima:
2488 1942 2558 1994 et
2610 1933 2757 2013 ipsa
2811 1952 2935 2012 ap-

1727 2020 2143 2102 prehendens
2204 2038 2351 2081 eam
2416 2020 2634 2081 induit
2692 2040 2811 2081 se:
2860 2026 2933 2080 et

1726 2107 1919 2171 dixit.
2011 2106 2275 2170 Gratias
2326 2106 2446 2169 tibi
2497 2126 2627 2188 ago
2657 2107 2935 2171 domine

1727 2194 1884 2275 Jesu
1922 2193 2219 2258 Christe:
2267 2194 2379 2275 qui
2413 2196 2617 2257 me'in
2650 2213 2935 2256 numero

1727 2281 2112 2346 ancillarum
2161 2292 2423 2345 tuarum
2483 2290 2935 2363 computans:

1728 2379 1981 2434 vestem
2044 2368 2203 2433 mihi
2266 2369 2482 2450 largiri
2559 2368 2935 2450 precepisti.

1732 2457 2036 2539 Cumque
2068 2457 2191 2520 hec
2222 2464 2607 2537 agerentur:
2656 2456 2937 2538 prefecti

1732 2544 1903 2609 filius
1954 2544 2225 2609 veniens
2274 2545 2359 2606 ad
2412 2545 2631 2607 locum
2683 2545 2753 2605 in
2800 2564 2939 2625 quo

1732 2640 1963 2695 sancta
2021 2632 2208 2712 virgo
2256 2631 2532 2695 orabat:
2578 2641 2647 2694 et
2702 2630 2941 2693 videns

1733 2727 1995 2783 tantum
2046 2717 2270 2781 lumen
2324 2719 2497 2782 circa
2547 2738 2697 2781 eam
2748 2738 2941 2781 esse:

1736 2826 1869 2869 non
1930 2806 2116 2868 dedit
2176 2806 2497 2869 honorem
2572 2806 2743 2869 deo:
2820 2806 2942 2868 sed

1735 2893 1985 2957 irruens
2044 2894 2111 2956 in
2173 2893 2391 2975 ipsum
2452 2893 2677 2957 lumen
2727 2894 2946 2975 prius-

1737 3001 1942 3063 quam
2006 3002 2205 3043 manu
2268 3001 2416 3044 eam
2470 2983 2942 3063 contingeret:

1738 3068 1978 3131 cecidit
2008 3069 2074 3130 in
2110 3068 2343 3132 faciem
2388 3089 2579 3131 suam
2618 3090 2633 3132 :
2679 3078 2749 3132 et
2794 3089 2947 3150 pre-

1740 3155 1997 3219 focatus
2028 3177 2068 3219 a
2098 3156 2367 3220 diabolo
2398 3158 2750 3238 expiravit.
2826 3156 2947 3219 Re.

1742 3244 1892 3325 Jam
1954 3264 2191 3325 corpus
2252 3244 2395 3325 ejus
2454 3246 2711 3327 corpori
2791 3264 2949 3307 meo

1743 3332 2067 3393 sociatum
2128 3340 2273 3395 est:
2339 3340 2408 3395 et
2466 3332 2738 3412 sanguis
2798 3332 2951 3411 ejus

1744 3420 2004 3481 ornavit
2028 3438 2235 3500 genas
2254 3439 2453 3483 meas.
2504 3420 2712 3499 Cujus
2735 3430 2954 3483 mater

1744 3506 1930 3587 virgo
1962 3516 2105 3570 est:
2152 3508 2339 3588 cujus
2389 3516 2580 3590 pater
2624 3507 2953 3570 seminam

1747 3594 1972 3657 nescit.
2079 3611 2126 3679 γ
2176 3594 2312 3677 Ipsi
2365 3616 2513 3658 sum
2574 3595 2957 3677 deponsata

1744 3681 1849 3744 cui
1912 3681 2130 3763 angeli
2180 3682 2513 3747 serviunt:
2561 3682 2751 3763 cujus
2806 3683 2993 3765 pul-·

1747 3769 2185 3832 chritudinem
2204 3769 2303 3833 sol
2331 3780 2397 3833 et
2422 3770 2579 3834 luna
2610 3770 2956 3833 mirantur.

1750 3856 1973 3937 CujuS.
2044 3856 2285 3921 Gloria.
2354 3858 2577 3938 Cujus,
2646 3857 2735 3920 In
2766 3860 2961 3921 tertio

1748 3954 2053 4007 nocturno
2102 3954 2193 4008 aii
2312 3946 2448 4008 Mel
2482 3955 2549 4008 et
2581 3945 2686 4009 lac
2715 3967 2807 4009 ex
2842 3965 2959 4009 ore

1746 4032 1935 4113 ejus⁴
1982 4033 2281 4114 suscepi:
2350 4043 2420 4096 et
2478 4035 2751 4115 sanguis
2814 4034 2961 4115 ejus

1748 4122 2004 4183 ornavit
2036 4140 2242 4201 genas
2278 4141 2475 4185 meaS.
2508 4130 2609 4203 pf.
2662 4122 2959 4187 Cantate

1750 4208 1865 4289 (j.)
1942 4209 2076 4271 Αῆ.
2132 4208 2340 4290 Cujus
2390 4208 2959 4291 pulchritudinem

2005 4366 2026 4397 ⁸
2058 4380 2151 4429 pro
2179 4365 2327 4430 ‘ipsi’
2353 4365 2499 4429 ipsim
2532 4368 2638 4417 :·E.

2010 4433 2028 4462 ⁴
2070 4436 2159 4481 ‘ex
2182 4432 2286 4496 ejus
2308 4432 2409 4482 ore'
2440 4451 2453 4481 ι
2488 4433 2554 4483 G.
