3117 4959
1054 266 1114 320 S.
1165 266 1292 319 MA
1309 265 1463 320 URI.

1041 374 1180 428 129

489 480 705 562 ipsum
763 479 987 561 jovem
1039 481 1402 563 principem
1455 480 1687 544 demo-

493 570 748 632 niorum
783 576 1149 631 vestrorum
1185 590 1367 631 ruere
1397 568 1655 633 faciam.

490 655 894 788 Audiens
924 656 1047 721 hec
1081 656 1321 720 flaccus
1350 657 1587 741 [Lectio
1618 656 1689 739 ij.

659 744 986 826 prefectus
1017 744 1253 808 clausit
1281 766 1470 809 aures
1494 766 1647 808 suas
1673 765 1689 810 ε

493 842 561 895 et
629 830 826 913 jussit
901 852 1054 895 eum
1130 833 1412 896 fustibus
1489 833 1634 897 cedi
1672 854 1687 898 :

493 928 697 1002 atque
717 919 921 984 exilio
939 923 1273 1003 deportari
1293 922 1360 984 in
1387 932 1685 985 montem

493 1010 606 1089 qui
662 1018 935 1071 vocatur
985 1010 1214 1073 circei:
1261 1009 1374 1072 ubi
1431 1009 1689 1091 lapides

492 1095 798 1177 quadrati
809 1097 1320 1162 excidebantur:
1352 1106 1428 1161 ut
1439 1098 1688 1161 ibidem

494 1186 803 1247 omnibus
879 1185 1112 1248 diebus
1187 1186 1324 1249 vite
1385 1206 1502 1250 sue
1560 1186 1689 1249 hoc

493 1282 761 1336 sanctus
841 1272 1002 1336 felix
1075 1273 1335 1339 faceret.
1457 1272 1691 1336 Adve-

493 1361 681 1424 niens
725 1360 927 1443 igitur
957 1361 1024 1423 in
1057 1362 1427 1444 predictum
1467 1361 1688 1425 locum

493 1448 744 1511 invenit
797 1450 1043 1513 ibidem
1099 1450 1445 1532 cujusdam
1498 1450 1688 1532 probi

493 1538 777 1601 tribuni:
823 1540 938 1621 qui
988 1548 1248 1621 preerat
1295 1537 1441 1602 loco
1482 1537 1689 1601 filiam

492 1646 534 1688 a
566 1626 880 1689 demonio
925 1626 1169 1690 vexari.
1267 1626 1392 1689 Pro
1423 1647 1557 1708 qua
1592 1625 1689 1688 in-

493 1722 733 1777 vocato
753 1714 1020 1777 nomine
1031 1714 1285 1777 domini
1299 1716 1505 1777 nostri
1525 1715 1687 1796 Jesu

496 1801 772 1866 Christi:
798 1803 1023 1865 statim
1045 1802 1301 1865 salvata
1321 1812 1438 1866 est.
1485 1804 1565 1866 L.
1590 1803 1685 1884 izj.

513 1892 779 2021 pue
817 1890 1064 1971 probus
1105 1890 1451 1954 tribunus:
1499 1891 1685 1953 cum¹

649 1977 921 2041 vidisset
1055 1978 1183 2041 hoc
1292 1978 1687 2042 miraculum

491 2062 738 2127 factum
773 2066 838 2127 in
873 2066 1016 2148 ejus
1047 2064 1220 2129 filia:
1269 2068 1448 2129 misit
1499 2086 1571 2129 se
1603 2069 1687 2130 ad

493 2153 700 2235 pedes
752 2154 894 2235 ejus
946 2153 1244 2217 clamans
1299 2162 1366 2217 et
1418 2154 1689 2219 dicens:

493 2242 668 2303 Vere
741 2250 815 2305 tu
890 2262 1084 2306 verus
1159 2263 1228 2305 es
1303 2243 1506 2306 homo
1582 2243 1690 2306 dei

491 2339 777 2393 sanctus,
894 2330 987 2393 Et
1045 2330 1292 2394 exinde
1352 2329 1492 2412 jam
1555 2350 1687 2394 non

492 2437 646 2480 eum
708 2418 1008 2499 permisit
1079 2420 1385 2499 penitus:
1461 2427 1536 2482 ut
1598 2420 1688 2482 ibi

493 2505 727 2586 injurie
798 2505 1183 2588 subjaceret.
1301 2506 1689 2589 Supervixit

491 2602 718 2656 autem
757 2593 1176 2658 beatissimus
1207 2593 1370 2657 felix
1418 2598 1690 2677 presby-

491 2690 594 2743 ter
623 2683 689 2744 in
723 2681 957 2745 eadem
1005 2684 1272 2746 civitate
1318 2703 1434 2764 per
1478 2704 1689 2746 annos

492 2769 861 2834 duodecim.
956 2771 1112 2834 Post
1148 2771 1500 2835 duodecim
1533 2792 1689 2835 vero

405 2866 410 2870 '
492 2878 702 2922 annos
747 2858 892 2941 ipsa
922 2860 1032 2923 die
1062 2859 1397 2923 dominIca
1427 2859 1689 2923 confec-

491 2946 576 3009 tis
638 2948 1015 3028 mysteriis:
1089 2949 1390 3030 dansque
1453 2968 1684 3030 pacem

491 3036 794 3098 universo
857 3035 1150 3119 populo:
1207 3036 1558 3118 projiciens
1615 3057 1687 3099 se

491 3124 556 3185 in
605 3124 1027 3205 pavimento:
1080 3126 1144 3187 in
1192 3124 1490 3188 oratione
1537 3144 1685 3207 per-

491 3214 664 3275 rexit
725 3212 809 3275 ad
860 3214 1225 3275 dominum.
1341 3212 1562 3277 Cetera
1610 3213 1691 3275 de

487 3299 814 3361 communi
869 3302 1066 3363 unius
1123 3301 1500 3381 confessoris
1560 3320 1685 3363 non

471 3387 818 3469 pontefices.

493 3479 557 3552 ff
594 3474 828 3537 Sancti
844 3474 1069 3537 mauri
1083 3475 1350 3539 abbatis.
1395 3476 1613 3540 Lectio
1622 3478 1683 3559 j.

635 3570 823 3625 eatus
846 3582 1113 3626 maurus
1139 3564 1372 3644 igitur²
1391 3586 1430 3627 a
1455 3575 1686 3628 sancto

635 3649 986 3729 benedicto
1012 3651 1402 3715 instructus:
1445 3655 1686 3735 magis-

437 3756 444 3761 ·
489 3740 570 3802 tri
603 3738 703 3801 sui
734 3740 1002 3821 adjutor
1041 3741 1374 3806 existens:
1422 3761 1499 3805 ac
1532 3744 1685 3805 mir-

487 3828 824 3890 aculorum
875 3826 1019 3909 ejus
1070 3838 1495 3911 cooperator:
1542 3850 1685 3893 cor-

487 3937 610 3998 pus
657 3915 996 3998 proprium
1038 3916 1350 3998 jejuniis:
1399 3918 1682 3999 vigiliis:

485 4004 840 4085 nimiisque
915 4003 1265 4087 frigoribus
1326 4006 1681 4071 edomavit.

487 4092 567 4155 In
616 4092 932 4156 vicesimo
981 4102 1178 4157 sexto
1224 4114 1402 4158 anno
1444 4094 1681 4157 sunda-

483 4181 684 4243 tionis
712 4181 973 4244 cenobii
1020 4182 1198 4246 beati
1232 4184 1480 4247 mauri:
1528 4204 1680 4247 cen-

583 4376 594 4405 ¹
639 4373 942 4424 ‘cum'om.
971 4395 984 4425 ε
1022 4378 1074 4426 S.

577 4443 596 4472 ²
630 4442 778 4507 igitur
801 4458 1000 4493 maurus
1025 4462 1038 4494 ι
1075 4444 1136 4495 G.

1580 264 1640 319 S.
1692 264 2131 319 MARCELLI
2173 266 2414 320 PAPE.

2308 376 2453 429 180

1786 490 1931 544 tum
1995 480 2442 564 quadraginta
2494 480 2775 543 fratrum
2836 501 2978 544 con·

1786 570 2086 651 gregatio
2109 569 2240 632 illic
2264 578 2407 631 erat
2426 569 2740 631 adunata.
2769 568 2977 652 Quem
3076 570 3091 611 ⁴

1787 677 2135 721 numerum
2184 656 2511 720 excedere
2541 656 2647 721 vel
2690 658 2979 720 minuere

1787 764 2128 826 nunquam
2162 745 2422 809 licebat.
2669 746 2887 808 Lectio
2914 746 2977 827 ᾔ.

1798 833 2163 999 Quadam
2196 852 2354 896 vero
2386 843 2581 896 nocte
2612 852 2767 896 cum
2800 854 2983 896 sanc-

1922 930 2030 984 tus
2065 941 2331 984 maurus
2351 941 2536 984 more
2556 920 2758 984 solito
2780 922 2981 985 eccle-

1785 1010 1952 1072 siam
2014 1009 2233 1072 .vellet
2308 1010 2554 1072 intrare
2588 1030 2604 1072 :
2678 1010 2983 1073 diabolus

1789 1117 2033 1179 magna
2114 1098 2623 1179 obsequentium
2704 1100 2982 1179 stipatus

3086 754 3091 851 ἱ

1788 1195 2091 1250 caterva:
2155 1186 2242 1249 ab
2291 1186 2591 1267 ingressu
2652 1186 2985 1267 prohibuit
3078 1178 3091 1199 ⁶

1787 1292 1940 1337 eum
2012 1274 2257 1337 dicens,
2380 1273 2513 1356 Eja
2574 1293 2805 1337 maure
2863 1294 2987 1355 ego

1790 1380 1966 1425 nunc
2020 1371 2277 1443 strages
2340 1361 2749 1425 diversarum
2816 1382 2989 1424 mor—

1789 1450 1953 1513 tium
2012 1448 2355 1513 inferendo
2416 1450 2502 1513 de
2564 1451 2698 1513 tuis
2760 1452 2990 1513 trium-

1788 1537 2064 1620 phabo:
2142 1538 2239 1601 ita
2299 1546 2373 1602 ut
2434 1538 2553 1600 vix
2620 1538 2829 1620 aliqui
2903 1539 2989 1601 de

1790 1633 1980 1689 tanta
2022 1635 2407 1689 remaneant
2456 1628 2989 1707 congregatione.

1792 1713 1917 1778 Cui
1938 1734 2088 1777 cum
2110 1714 2209 1777 vir
2220 1714 2473 1791 domini
2500 1715 2990 1796 respondisset:
3084 1764 3091 1787 ,

1788 1802 2085 1885 increpet
2176 1802 2485 1865 dominus
2560 1814 2629 1865 te
2704 1803 2991 1866 sathan:

1790 1890 1947 1972 quia
1980 1890 2274 1953 mendax
2307 1910 2377 1953 es
2404 1908 2419 1953 :
2464 1889 2772 1953 diabolus
2790 1891 2991 1954 velud

1789 1978 2011 2041 sumus
2041 1978 2325 2041 evanuit.
2642 1978 2865 2042 Lectio
2896 1978 2993 2061 iij.

1892 2075 2121 2129 nterea
2169 2086 2321 2129 cum
2369 2065 2469 2128 vir
2513 2065 2769 2129 domini
2816 2076 2993 2131 esset

1890 2174 2011 2237 pro
2042 2154 2142 2217 his
2172 2174 2305 2236 que
2351 2153 2652 2217 audierat
2684 2175 2949 2218 merens
2976 2176 2995 2221 :

1788 2243 2067 2325 angelus
2116 2241 2370 2305 domini
2420 2244 2727 2323 apparuit
2781 2243 2843 2305 ei
2892 2243 2995 2305 di-

1788 2350 1963 2394 cens·
2054 2330 2117 2395 O
2139 2330 2567 2393 dilectissima
2584 2331 2713 2393 deo
2732 2332 2993 2395 anima:

1788 2438 2017 2482 verum
2079 2427 2182 2481 est
2236 2418 2465 2500 aliquo
2536 2419 2743 2481 modo
2810 2420 2993 2502 quod

1790 2506 2049 2570 audisti.
2137 2506 2293 2569 Pars
2324 2507 2503 2568 enim
2536 2507 2841 2569 maxima
2873 2507 2996 2570 hu-

1782 2595 1893 2677 jus
1966 2594 2502 2676 congregationis
2561 2593 2730 2657 infra
2792 2596 2996 2659 breve

1791 2691 2056 2765 tempus
2105 2682 2454 2765 colligetur
2492 2683 2578 2745 ad
2619 2684 2993 2747 dominum.

1792 2771 1981 2854 Quos
2058 2790 2209 2835 cum
2290 2791 2524 2833 omnes
2616 2773 2997 2853 premiseris

1790 2859 1996 2923 felix:
2088 2867 2187 2921 ut·
2244 2859 2665 2942 promeruisti
2742 2858 3000 2923 felicior

1788 2947 2219 3030 prosequeris,
2314 2948 2591 3010 Factum
2638 2956 2745 3010 est
2774 2950 2999 3011 enim³

1790 3044 1862 3099 ut
1894 3035 2061 3098 infra
2092 3034 2385 3116 quinque
2424 3054 2684 3097 menses
2716 3046 2995 3099 centum

1786 3131 1855 3186 et
1916 3124 2206 3187 sedecim
2271 3132 2683 3185 morerentur
2736 3124 2997 3187 fratres,

1788 3212 2090 3294 Expleto
2151 3220 2342 3273 tanto
2410 3231 2733 3275 numero:
2800 3212 3003 3275 dolor

1789 3299 2011 3362 lateris
2065 3300 2355 3381 graviter
2412 3300 2685 3362 beatum
2751 3300 3005 3364 invasit

1788 3408 2107 3451 maurum.
2208 3386 2344 3469 Qui
2398 3387 2715 3469 languore
2770 3388 3007 3471 ingra-

1784 3484 2133 3539 vescente:
2188 3475 2559 3538 astantibus
2608 3477 2725 3558 qui
2782 3478 3005 3541 relicti

1785 3563 2045 3627 fuerant
2094 3563 2477 3645 discipulis:
2538 3563 2825 3627 feliciter
2878 3568 3007 3629 mi-

1784 3654 2001 3734 gravit
2036 3652 2121 3716 ad
2165 3652 2558 3715 dominum.⁴
2656 3652 2895 3717 Cetera
2924 3654 3008 3716 de
3086 3720 3091 3741 Ι

1784 3742 2110 3804 communi
2166 3739 2365 3803 unius
2422 3741 2814 3822 confessonls·
2872 3764 3003 3805 non

1777 3829 2114 3911 pontfficis.
2479 3846 2488 3858 ·

1788 3922 1853 3995 «Ι
1903 3916 2139 3981 Sancti
2178 3916 2470 3979 marcelli
2496 3926 2668 3999 pape
2706 3928 2775 3980 et
2818 3938 3009 3981 mar-

1786 4005 1951 4087 tyris
2742 4008 3007 4071 Oratio.
3088 4064 3090 4101 Ξ

1940 4113 2117 4156 reces
2179 4092 2409 4175 populi
2469 4093 2565 4155 tui
2622 4114 3007 4175 quesumus

1934 4181 2206 4245 domine
2264 4180 2633 4244 clementer
2694 4186 3007 4247 exaudi:

1844 4382 1864 4409 ⁸
1898 4394 1989 4441 pro
2019 4376 2211 4426 ‘enim’
2238 4386 2439 4427 autem:
2476 4378 2540 4427 G.

1842 4446 1860 4475 ⁴
1902 4450 1913 4471 ‘
1929 4444 2007 4493 Tu
2032 4454 2197 4494 autem
2221 4444 2425 4494 domine
2448 4444 2683 4497 miserere
2703 4448 2716 4471 ⁵
2733 4450 2844 4500 add
2869 4468 2884 4499 ε
2908 4450 2976 4501 G.
