3117 4959
1298 253 1406 309 IN
1451 251 1509 308 Τ
1497 249 1836 306 RANSLA
1845 249 1900 304 Τ
1891 249 2109 307 IONE

982 363 1115 419 617

449 469 669 536 alfridi
702 469 875 552 regis
902 490 917 534 :
948 470 1065 552 qui
1096 467 1283 533 dedit
1314 467 1375 531 ei
1406 474 1652 530 terram

452 561 683 624 decem
746 557 1143 622 familiarum
1204 557 1272 620 in
1332 556 1481 619 loco
1540 555 1655 636 qui

451 649 693 713 dicitur
735 645 1055 710 stanford.
1144 653 1213 708 et
1260 663 1395 706 non
1441 640 1660 705 multo

452 744 607 819 post
676 734 1151 798 monasterium
1222 732 1496 812 triginta
1557 727 1658 792 fa-

454 823 781 886 miliarum
842 823 911 884 in
972 820 1121 884 loco
1195 820 1309 902 qui
1384 825 1664 882 vocatur

452 931 683 994 rypun.
1354 905 1569 970 Lectio
1598 926 1658 970 v.

450 1001 557 1130 J
563 1008 764 1080 taque
810 995 1229 1061 desiderante
1278 1014 1433 1076 rege
1473 992 1658 1057 adel-

563 1084 735 1148 frido
762 1105 777 1150 :
808 1084 1125 1149 wilfridus
1148 1082 1458 1146 sacerdos
1480 1081 1656 1144 ordi-

452 1182 647 1237 natus
679 1182 783 1236 est
799 1173 887 1236 ab
909 1172 1231 1253 agilberto
1259 1170 1654 1252 gewisorum

454 1261 788 1344 episcopo.
904 1261 995 1322 Et
1044 1278 1179 1322 non
1236 1257 1452 1321 multo
1500 1263 1656 1338 post

454 1349 797 1413 eliminata
825 1357 1161 1411 scotorum
1193 1355 1415 1410 secta:
1461 1343 1653 1426 galli-

454 1457 565 1500 am
599 1435 784 1500 illum
818 1437 1091 1499 mittens
1114 1434 1503 1515 episcopum
1524 1431 1654 1495 sibi

455 1525 713 1606 rogavit
742 1523 1031 1587 ordinari
1080 1523 1167 1586 ab
1216 1521 1455 1584 eodem
1488 1519 1654 1601 agil-

453 1612 683 1676 berto:
729 1612 842 1694 qui
874 1611 1102 1675 relicta
1134 1610 1503 1673 britannia:
1536 1627 1654 1690 pa·

453 1700 683 1764 risiace
713 1699 997 1763 civitatis
1030 1695 1485 1780 episcopatum
1516 1715 1656 1758 sor-

454 1788 617 1851 titus
678 1797 834 1851 erat.
926 1785 1059 1868 Qui
1124 1785 1457 1848 mandatis
1532 1781 1656 1846 ob-

453 1883 835 1957 temperans
910 1894 1063 1938 eum
1141 1871 1655 1956 cooperantibus

455 1964 765 2027 undecim
870 1961 1199 2044 episcopis
1294 1958 1656 2023 honorifice

452 2049 879 2114 consecravit.
1321 2047 1538 2111 Lectio
1568 2047 1655 2129 vj.

592 2158 677 2201 uo
752 2136 969 2200 adhuc
1054 2135 1122 2199 in
1198 2134 1656 2200 transmarinis

464 2139 887 2308 Qpartibus
910 2225 1298 2288 demorante
1316 2241 1658 2287 consecra-

452 2321 562 2377 tus
593 2321 695 2376 est
726 2312 939 2374 cedda
958 2310 1057 2374 vir
1084 2319 1353 2373 sanctus
1386 2310 1451 2373 in
1484 2312 1659 2392 epis-

452 2419 695 2483 copum
717 2399 1183 2463 eboracensem
1200 2397 1478 2479 jubente
1502 2417 1658 2480 rege

452 2487 702 2552 oswino
730 2509 745 2552 :
768 2497 838 2550 et
856 2487 1065 2551 tribus
1088 2486 1277 2549 annis
1307 2485 1655 2549 ecclesiam

454 2575 825 2640 sublimiter
854 2573 1144 2656 regebat.
1208 2573 1468 2637 Dehinc
1500 2593 1656 2637 con-

454 2664 753 2727 siderans
812 2683 883 2726 se
944 2683 1078 2725 non
1134 2661 1311 2743 juste
1386 2660 1657 2724 alterius

453 2752 746 2834 episcopi
771 2751 1229 2832 episcopatum
1250 2749 1614 2813 obtinuisse
1638 2771 1654 2814 ε

453 2839 819 2923 penitentia
849 2840 1089 2902 ductus
1133 2836 1219 2901 ad
1268 2837 1658 2901 monasteri-

456 2947 569 2991 um
595 2927 773 3010 quod
807 2935 909 2990 est
939 2927 1005 2989 in
1039 2925 1323 3007 lestinga
1342 2926 1401 2988 ei
1428 2945 1653 2990 curam

454 3015 723 3079 secessit
749 3014 1150 3096 :accipiente
1172 3013 1453 3076 wilfrido
1484 3015 1656 3095 epis-

454 3112 769 3185 copatum
804 3104 1009 3166 totius
1054 3099 1657 3164 northanhumbro-

453 3211 601 3254 rum
663 3191 1006 3273 provintie.
1128 3188 1422 3270 Septima
1480 3189 1658 3252 lectio

455 3287 711 3342 tantum
769 3277 852 3340 de
905 3277 1285 3358 expositione
1337 3277 1661 3358 evangelii

452 3365 797 3428 secundum
830 3365 1185 3428 mattheum
1239 3365 1469 3428 Homo
1510 3365 1658 3447 qui-

453 3454 611 3517 dam
645 3471 932 3534 peregre.
1000 3451 1253 3516 Omelia
1284 3462 1359 3514 ut
1388 3451 1458 3515 in
1487 3471 1654 3516 com-

453 3539 655 3603 muni.
1264 3539 1483 3603 Lectio
1513 3540 1656 3622 vifis.

453 3631 889 3760 Regnante
932 3625 1132 3708 igitur
1163 3646 1316 3708 rege
1348 3627 1601 3709 egfrido
1637 3650 1654 3692 :

602 3714 828 3798 pulsus
874 3723 975 3777 est
1022 3725 1291 3778 sanctus
1336 3715 1654 3779 wilfridus

454 3805 541 3868 ab
594 3804 1019 3886 episcopatu:
1066 3812 1134 3865 et
1186 3812 1321 3866 tres
1370 3823 1490 3884 pro
1539 3804 1655 3867 illo

450 3892 817 3956 consecrati
878 3899 1034 3954 sunt
1093 3891 1439 3955 antistites
1560 3891 1654 3955 Et

452 3981 857 4046 concedente
878 3977 1206 4060 agathone
1227 3999 1403 4061 papa
1426 4000 1441 4042 :
1474 3999 1654 4043 anno

452 4069 744 4133 secundo
791 4066 1005 4132 alfridi
1052 4067 1224 4148 regis
1260 4087 1274 4131 :
1340 4067 1451 4149 qui
1498 4075 1652 4148 post

452 4157 781 4238 egfridum
814 4155 1113 4236 regnavit
1158 4174 1351 4217 suum
1398 4155 1652 4236 episco-

455 4254 685 4326 patum
748 4242 1014 4324 recepit.
1137 4243 1295 4305 Post
1356 4243 1650 4323 quinque

453 4350 665 4394 annos
698 4329 918 4395 denuo
966 4337 1355 4394 accusatus:
1402 4349 1647 4412 papam

1749 461 2114 546 johannem
2161 463 2363 528 adiit:
2393 471 2468 528 et
2498 461 2706 527 omni
2733 460 2974 544 judicio

1757 553 2143 635 episcopatu
2197 553 2438 634 dignus
2489 551 2832 614 inventus
2871 559 2979 612 est.

1761 639 2234 723 Scriptumque
2279 649 2384 704 est
2427 639 2724 721 regibus
2757 636 2984 720 anglo·
3058 685 3061 718 a

1758 747 1956 792 rum:
2021 737 2096 792 ut
2155 747 2308 792 eum
2369 729 2440 791 in
2499 729 2984 810 episcopatum

1756 814 2051 880 facerent
2096 816 2336 898 recipi:
2381 837 2466 880 eo
2503 815 2706 899 quod
2746 815 2986 894 injuste

1755 902 1970 968 fuerat
2002 904 2504 968 condemnatus,
2605 904 2806 968 Cum
2839 921 2986 966 vero

1755 991 1995 1055 beatus
2039 991 2356 1056 wilfridus
2403 991 2846 1056 britanniam
2891 1010 2986 1052 re-

1755 1100 1986 1142 means
2060 1080 2128 1143 in
2191 1079 2466 1162 galliam
2541 1079 2982 1144 devenisset:
3059 1129 3061 1150 2

1749 1175 1968 1231 tactus
1987 1167 2372 1231 infirmitate
2389 1177 2730 1251 quattuor
2747 1167 2984 1230 diebus

1752 1276 1832 1319 ac
1863 1256 2171 1320 noctibus
2203 1257 2392 1338 quasi
2438 1266 2766 1320 mortuus
2809 1254 2984 1335 jace-

1754 1345 1890 1408 bat.

1751 1433 1906 1563 A
1923 1430 2315 1514 rchangelus
2344 1451 2502 1494 vero
2534 1431 2846 1496 michael
2867 1451 2982 1511 ap-

1920 1521 2138 1601 paruit
2198 1519 2258 1582 ei
2319 1520 2594 1583 dicens:
2666 1518 2980 1582 Donavit

1750 1607 1876 1670 tibi
1909 1607 2218 1671 dominus
2237 1608 2444 1670 vitam
2475 1627 2600 1689 per
2629 1607 2979 1670 orationes

1753 1695 2029 1758 fratrum
2061 1704 2368 1758 tuorum:
2399 1703 2468 1758 et
2499 1715 2624 1776 per
2653 1697 2980 1758 interces-

1753 1783 2010 1846 sionem
2041 1783 2376 1865 genitricis
2407 1803 2525 1846 sue
2553 1803 2567 1846 :
2618 1783 2746 1845 sed
2781 1802 2978 1864 para·

1751 1877 1862 1933 tus
1893 1880 2038 1934 esto
2061 1891 2076 1934 :
2099 1871 2256 1953 quia
2274 1880 2427 1953 post
2445 1870 2980 1952 quadriennium

1753 1959 2042 2022 visitabo
2098 1968 2185 2022 te.
2289 1958 2756 2022 Possessiones
2819 1967 2980 2020 tuas

1754 2047 2071 2129 recipies:
2102 2055 2308 2129 atque
2337 2047 2406 2109 in
2437 2067 2604 2129 pace
2635 2046 2982 2128 tranquil-

1751 2133 1888 2197 lam
1938 2134 2147 2198 vitam
2201 2134 2604 2198 terminabis.
2699 2135 2982 2198 Britan-

1754 2222 1932 2286 niam
1964 2241 2122 2286 vero
2143 2223 2415 2286 veniens
2447 2222 2514 2285 in
2545 2223 2978 2304 presulatum

1754 2309 2032 2374 ecclesie
2089 2331 2208 2373 sue
2270 2319 2574 2392 receptus
2649 2320 2762 2373 est
2807 2331 2824 2374 :
2905 2319 2980 2373 et

1752 2407 1989 2480 postea
2061 2407 2378 2480 quattuor
2468 2399 2660 2461 annis
2754 2400 2978 2462 vitam

1751 2486 1952 2550 duxit
2008 2485 2076 2549 in
2137 2505 2318 2568 pace.
2421 2485 2714 2551 Sanctus
2763 2487 2982 2568 igitur

1753 2574 2068 2638 wilfridus
2122 2583 2276 2656 post
2319 2575 2978 2656 quadragintaquin-

1753 2683 1884 2744 que
1921 2662 1939 2701 ¹
2029 2681 2242 2726 annos
2309 2663 2736 2744 episcopatus
2863 2663 2978 2725 sui

1753 2750 1932 2813 diem
1989 2749 2224 2813 clausit
2268 2759 2648 2813 extremum
2685 2770 2701 2814 :
2775 2758 2852 2812 et
2903 2751 2974 2812 in

1754 2839 2159 2901 monasterio
2219 2856 2394 2901 suo:
2457 2837 2642 2920 quod
2711 2838 2980 2902 dicitur

1751 2945 1965 3007 rypun
1995 2947 2010 2989 :
2049 2925 2252 3007 juxta
2295 2924 2506 2988 altare
2537 2924 2623 2988 ad
2655 2935 2972 2988 austrum

1751 3013 2110 3077 honorifice
2140 3023 2242 3076 est
2285 3012 2624 3094 sepultus:
2671 3014 2765 3076 ad
2825 3013 2974 3077 lau-
3058 3023 3061 3082 ἐ

1752 3102 1908 3165 dem
1940 3102 2193 3165 domini
2227 3103 2432 3164 nostri
2477 3101 2640 3182 Jesu
2691 3101 2971 3166 Christi.
3058 3149 3061 3182 ff

1760 3189 1980 3255 Cetera
2009 3189 2092 3252 de
2115 3189 2446 3252 communi
2471 3189 2674 3252 unius
2715 3189 2968 3271 confer-

1749 3279 1922 3342 soris
1988 3276 2336 3360 ponteficin
2472 3277 2598 3340 Ad
2665 3287 2972 3359 vesperas

1747 3366 1970 3429 omnia
1997 3365 2080 3428 de
2116 3364 2443 3428 communi
2482 3385 2628 3427 cum
2673 3366 2972 3428 oratione
3058 3403 3061 3418 ι

1736 3456 2026 3536 propria.
2055 3473 2203 3516 cum
2249 3453 2563 3516 memoria
2607 3453 2694 3515 de
2741 3464 2966 3516 sancto
3058 3471 3061 3524 i

1749 3542 2058 3604 edwardo
2101 3562 2249 3623 rege
2273 3550 2334 3603 et
2359 3561 2472 3604 con
2462 3542 2732 3620 sessore.
2829 3542 2894 3604 A
2903 3549 2962 3604 ἦ.

1747 3630 2016 3711 Justum
2048 3629 2350 3693 deduxit.
2396 3645 2445 3715 γ
2479 3629 2962 3711 Magnificavit.

1889 3719 2264 3800 mnipotens
2294 3717 2648 3799 sempiter-
2681 3716 2964 3800 [Oratio.

1887 3827 1970 3870 ne
1999 3807 2208 3869 deus:
2253 3807 2369 3886 qui
2413 3806 2694 3868 beatum
2734 3825 2961 3886 regem
3059 3805 3061 3844 ²

1750 3893 2133 3956 edwardum
2223 3901 2608 3956 sanctorum
2691 3902 2960 3956 tuorum
3058 3887 3061 3976 ζ

1751 3981 2030 4062 collegio
2061 3981 2364 4044 sociasti:
2409 3979 2708 4044 concede
2741 3981 2960 4062 propi·

1753 4069 1883 4131 tius
1909 4078 2016 4133 :ut
2037 4069 2149 4150 qui
2181 4067 2468 4149 gloriose
2500 4068 2956 4131 translationis

1751 4156 1895 4236 ejus
1955 4155 2304 4220 recolimus
2365 4156 2702 4238 insignia:
2757 4155 2954 4238 ipsius

1752 4244 1931 4326 apud
1993 4254 2063 4307 te
2123 4244 2489 4308 sentiamus
2567 4244 2946 4327 patrocinia.

1751 4349 1870 4412 per
1897 4330 2261 4397 dominum.

1482 4465 1496 4493 ¹
1532 4463 1900 4527 quadragintae
1937 4465 1989 4516 S.

2629 1342 2980 1406 Lectioix.
3059 1353 3061 1358 ’
