3117 4959
1506 239 1612 295 IN
1651 239 1921 294 FESTO

998 351 1123 404 ‘117

757 462 826 517 et
916 453 1179 536 populis
1268 455 1672 539 inspicienti-

465 542 589 604 bus
652 541 891 604 levavit
952 562 1105 604 eum
1168 544 1235 605 in
1298 543 1473 607 ulnis
1532 545 1670 608 suis

465 629 884 693 incolumem.
973 629 1089 693 Re.
1142 631 1385 694 Beatus
1438 632 1537 695 vir
1585 633 1667 696 N.

470 718 651 847 Et
682 717 1111 798 interrogavit
1146 729 1359 782 mater
1392 718 1555 803 [Lec.
1577 721 1670 784 ix.

622 804 831 868 filium
876 825 1110 870 suum:
1157 806 1269 869 ubi
1302 827 1421 890 per
1447 817 1668 872 totum

472 894 626 955 anni
660 893 889 956 fuisset
919 894 1233 975 spacium.
1323 895 1423 958 At
1455 895 1566 959 ille
1597 916 1668 959 se

462 981 713 1044 nescire
767 981 991 1044 dixit:
1037 983 1093 1044 si
1143 1003 1355 1046 annus
1405 985 1661 1065 integer

468 1069 846 1150 preterisset
872 1089 889 1133 ε
914 1068 1031 1132 sed
1052 1071 1145 1132 sic
1171 1091 1323 1133 eum
1342 1072 1668 1135 dormisse

468 1157 640 1218 sicut
670 1155 862 1218 unius
894 1159 1107 1220 noctis
1136 1159 1378 1241 spacio.
1472 1160 1668 1224 Tunc

461 1262 697 1306 omnes
758 1245 871 1325 qui
934 1245 1253 1312 aderant:
1306 1247 1670 1310 benedixe-

466 1339 621 1396 runt
653 1330 1037 1396 dominum:
1084 1335 1197 1414 qui
1244 1342 1435 1398 tanta
1468 1334 1666 1398 mira-

474 1417 638 1481 bilia
696 1421 986 1484 ostendit
1044 1419 1171 1483 illis
1218 1441 1337 1504 per
1396 1422 1670 1488 beatum

470 1506 865 1570 clementem
898 1517 1255 1590 martyrem
1282 1518 1483 1592 atque
1503 1530 1670 1592 pon-

470 1593 721 1660 tificem
810 1615 1005 1658 auree
1092 1597 1377 1660 civitatis
1469 1619 1670 1664 rome.

474 1681 687 1762 Cujus
756 1685 1004 1748 meritis
1064 1692 1133 1747 et
1207 1685 1509 1766 precibus
1585 1686 1670 1749 ad

469 1771 715 1850 gaudia
746 1771 1015 1838 celestia
1044 1792 1167 1834 nos
1198 1774 1515 1854 perducat
1550 1774 1672 1837 do-

472 1859 691 1922 minus
752 1869 975 1924 noster
1046 1859 1239 1941 Jesus
1316 1860 1670 1932 Christus:

472 1945 585 2027 qui
647 1946 809 2010 vivit
868 1957 936 2010 et
997 1957 1230 2029 regnat
1304 1949 1372 2011 in
1448 1949 1670 2013 secula

472 2033 845 2100 seculorum
918 2055 1131 2100 amen.
1220 2036 1337 2100 Re.
1404 2037 1669 2102 Phebus

473 2131 541 2183 et
572 2122 899 2184 cornelius
950 2121 1255 2204 discipuli
1311 2125 1487 2188 beati
1538 2125 1670 2190 cle-

474 2211 716 2270 mentis
789 2209 1107 2274 dixerunt
1166 2211 1250 2272 ad
1324 2213 1664 2292 populum.

472 2294 757 2359 Oremus
792 2315 1025 2360 omnes
1056 2297 1141 2359 ad
1174 2297 1560 2366 dominum:
1594 2309 1670 2364 ut

470 2384 779 2446 ostendat
834 2384 1024 2446 nobis
1056 2387 1363 2467 martyris
1394 2388 1493 2450 sui
1524 2407 1668 2452 cor-

470 2489 614 2550 pus,
675 2487 724 2556 γ
764 2471 1130 2536 Multitudo
1160 2473 1668 2540 christianorum

398 2583 409 2594 ’
470 2558 647 2639 cepit
706 2559 791 2622 ad
851 2560 1037 2622 littus
1096 2570 1271 2624 stare
1330 2571 1399 2627 et
1458 2563 1666 2629 flere.

468 2653 627 2709 tunc
660 2646 974 2712 dixerunt
1012 2647 1271 2731 phebus
1324 2660 1392 2714 et
1438 2671 1668 2715 corne·-

466 2733 607 2798 liuS.
673 2735 973 2800 Oremus.
1039 2735 1281 2801 Gloria.
1360 2737 1665 2804 Oremus.

446 2831 547 2904 pf.
599 2822 701 2888 Te
768 2824 987 2892 deum.
1076 2840 1125 2910 γ
1200 2826 1482 2890 Posuisti
1542 2828 1666 2891 do·

462 2911 657 2976 mine.
1110 2913 1195 2981 In
1218 2913 1531 2982 laudibus
1556 2923 1667 2982 αῆ,

461 3000 646 3130 Ν
659 3020 745 3062 on
793 2999 958 3064 meis
1006 3001 1257 3070 meritis
1284 3003 1373 3067 ad
1405 3023 1524 3068 vos
1556 3023 1666 3067 me

658 3087 835 3152 misit
866 3089 1175 3152 dominus
1205 3090 1437 3153 vestris
1478 3111 1664 3155 coro-

460 3175 565 3238 nis
582 3177 971 3258 participem
992 3198 1099 3240 me
1118 3176 1274 3244 fieri.
1304 3186 1405 3258 ps‘.
1428 3177 1665 3245 Domi-

458 3282 582 3326 nus
608 3266 924 3346 regnavit.
969 3266 1105 3332 Aa.
1144 3265 1398 3329 Orante
1430 3276 1664 3331 sancto

456 3349 783 3416 clemente
799 3354 1103 3433 apparuit
1118 3354 1176 3416 ei
1192 3373 1402 3434 agnus
1414 3355 1538 3419 dei.
1562 3364 1659 3436 ps,

452 3437 764 3518 Jubilate.
827 3440 959 3506 Aa.
994 3441 1181 3506 Vidit
1208 3443 1439 3523 super²
1474 3463 1662 3506 mon-

457 3535 595 3587 tem
676 3546 923 3606 agnum
1000 3536 1289 3591 stantem
1337 3551 1370 3594 ε.
1442 3530 1657 3594 desub

460 473 614 516 eum
653 474 668 516 Ζ

453 3614 646 3694 cujus
706 3615 877 3695 pede
931 3614 1078 3677 fons
1130 3617 1318 3679 vivus
1366 3627 1656 3686 emanat.

437 3710 539 3784 pf.
588 3701 774 3764 Deus
806 3703 969 3768 deus
1006 3723 1207 3766 meus.
1252 3705 1386 3768 An.
1424 3706 1657 3772 Desub

452 3789 637 3870 cujus
686 3791 857 3872 pede
908 3791 1053 3854 sons
1101 3792 1288 3856 vivus
1331 3803 1656 3860 emanat:

450 3877 741 3942 fluminis
776 3879 1067 3962 impetus
1115 3879 1389 3944 letificat
1424 3882 1657 3946 civita-

448 3976 588 4031 tem
648 3967 776 4032 dei.
880 3977 979 4049 pf.
1030 3967 1427 4036 Benedicite.
1516 3971 1655 4036 Αῆ.

451 4055 709 4120 Omnes
752 4066 993 4142 gentes
1022 4075 1142 4138 per
1170 4077 1409 4138 gyrum
1440 4059 1655 4121 credi-

448 4145 690 4209 derunt
722 4145 1061 4210 Christum
1103 4145 1469 4209 dominum.
1544 4155 1652 4227 pi.

450 4231 773 4301 Laudate.
912 4233 1059 4318 Cap.
1152 4233 1303 4300 Iste·
1364 4242 1654 4300 sanctus.

732 4419 747 4448 ¹
784 4435 933 4484 supra
956 4437 972 4468 ι
1007 4419 1151 4471 W.S.

2305 350 2439 405 718

1775 455 2087 536 Hymnus
2133 455 2393 536 Martyr
2435 454 2564 518 dei.
2667 469 2718 530 y
2765 451 2994 536 Justus

1777 543 1853 606 ut
1883 544 2124 625 palma.
2211 544 2300 606 In
2327 541 2616 624 evangel.
2651 550 2768 605 ar‘a'.
2835 541 2998 607 Ore-

1775 651 1924 694 mus
1956 652 2191 696 omnes
2231 631 2318 694 ad
2364 631 2726 694 dominum
2757 629 2996 711 Jaeum

1775 719 2115 783 Christum
2171 729 2245 782 ut
2292 718 2798 782 confessoribus
2859 719 2996 780 suis

1771 806 1974 870 fontis
2014 828 2218 870 venas
2263 808 2534 888 aperiat.
2611 815 2721 888 pf.
2779 806 2995 868 Bene-

1773 895 2007 960 dictuS.
2101 894 2350 960 Oratio,
2440 895 2632 958 Deus
2675 895 2800 976 qui
2853 915 2994 958 nos,

1775 987 1839 1059 Ε
1884 982 2216 1045 Memoria
2253 983 2336 1046 de
2381 991 2608 1044 sancta
2639 982 2996 1063 felicitate.

1769 1071 1904 1134 Ανῖ.
1953 1070 2188 1135 Simile
2219 1079 2320 1134 est
2351 1090 2634 1152 regnum
2683 1070 2994 1134 celorum

1771 1157 2024 1222 homini
2085 1159 2510 1240 negociatori.
2610 1174 2659 1242 y
2739 1157 2998 1220 Addu-

1769 1255 2018 1310 centur.
2100 1245 2330 1310 Oratio
2356 1247 2582 1309 Presta
2613 1263 2996 1326 quesumus

1771 1342 1850 1396 ut
1896 1343 2112 1414 supra.
2201 1333 2329 1398 Ad
2377 1333 2574 1396 horas
2633 1332 3002 1414 antiphone

1771 1419 1850 1482 de
1879 1420 2199 1485 laudibus.
2283 1420 2502 1486 Cetera
2545 1420 2627 1482 de
2651 1420 2999 1484 communi

1771 1509 1972 1572 unius
2031 1509 2350 1588 martyris
2373 1531 2396 1571 .·
2465 1529 2614 1572 cum
2687 1509 2992 1572 oration

1761 1597 2048 1682 propria.
2136 1596 2264 1658 Ad
2301 1607 2592 1676 vesperas
2633 1595 2996 1677 antiphone

1769 1683 1852 1748 de
1877 1683 2182 1748 laudibus
2207 1705 2354 1748 cum
2386 1684 2674 1765 psalmis
2701 1684 2990 1764 seriali-

1771 1771 1904 1836 bus.
2003 1771 2150 1853 Cap.
2199 1771 2337 1835 Iste
2381 1780 2670 1836 sanctuS.
2764 1771 2988 1852 Hym-

1775 1879 1916 1927 nus.
2010 1859 2270 1941 Martyr
2315 1860 2440 1924 dei.
2530 1875 2579 1943 γ
2627 1859 2866 1923 Gloria
2915 1871 2988 1923 et

1769 1947 2036 2015 honore.
2157 1948 2244 2016 In
2285 1967 2469 2012 evan.
2527 1955 2635 2010 ανῖ.
2701 1947 2983 2010 Dedisti

1773 2035 2044 2099 domine
2063 2033 2515 2100 habitaculum
2549 2035 2834 2116 martyri
2861 2043 2986 2098 tuo

1768 2122 2080 2190 clementi
2111 2124 2179 2186 in
2213 2123 2378 2186 mari
2411 2123 2477 2184 in
2503 2123 2786 2185 modum
2805 2131 2984 2186 tem-

1769 2211 1862 2292 pli
1897 2210 2284 2280 marmorei:
2319 2209 2638 2292 angelicis
2661 2211 2982 2274 manibus

1770 2307 2225 2380 preparatum:
2258 2299 2384 2361 iter
2405 2299 2689 2380 prebens
2719 2297 2982 2380 populo

1769 2395 1978 2450 terre:
2027 2396 2100 2450 ut
2141 2395 2447 2452 enarrent
2478 2385 2816 2454 mirabilia
2845 2397 2980 2450 tua.

1752 2483 1854 2556 ps.
1905 2473 2310 2555 Magnificat.
2377 2474 2606 2538 Oratio
2639 2473 2838 2538 Deus
2865 2475 2986 2556 qui

1769 2581 1908 2626 nos,
2004 2566 2068 2638 Ε
2112 2561 2444 2624 Memoria
2471 2561 2552 2624 de
2572 2571 2800 2624 sancto
2833 2561 2986 2643 gri-

1767 2669 1998 2732 sogono
2027 2658 2320 2731 martyre
2344 2650 2478 2714 An.
2513 2649 2648 2712 Hic
2679 2659 2790 2712 est
2809 2669 2984 2712 vere.

1768 2737 2166 2823 yPosuisti.
2721 2736 2986 2802 Oratio.

1766 2824 2126 2958 Adesto
2157 2825 2428 2888 domine
2471 2822 2984 2906 supplicationi-

1935 2914 2058 2978 bus
2091 2913 2373 2982 nostris:
2419 2921 2494 2976 ut
2545 2914 2662 2993 qui
2714 2933 2816 2976 ex
2862 2914 2984 2976 ini-

1766 3001 2022 3082 quitate
2053 3010 2281 3070 nostra
2309 3020 2430 3064 nos
2460 3021 2608 3063 reos
2637 3020 2795 3064 esse
2827 3021 2980 3082 cog·

1767 3089 2142 3158 noscimus:
2190 3089 2368 3152 beati
2413 3088 2757 3172 grisogoni
2805 3109 2978 3152 mar·

1767 3177 1934 3258 tyris
1967 3177 2064 3244 tui
2091 3177 2564 3244 intercessione
2595 3175 2974 3240 liberemur.

1769 3283 1888 3346 per
1918 3264 2285 3328 dominum.

1769 3357 1833 3429 Ε
1869 3352 1925 3416 S
1925 3352 2105 3417 andi
2105 3373 2445 3434 grisogoni
2465 3350 2808 3432 martyris.
2841 3351 2900 3416 L
2907 3353 2973 3434 ‚j

1762 3443 1868 3572 I
1867 3441 2046 3522 gitur
2075 3441 2576 3504 scelestissimus
2607 3441 2974 3521 imperator

1868 3528 2330 3595 dioclitianus²
2398 3527 2596 3609 jussit
2658 3539 2966 3592 sanctum

1765 3616 2198 3698 grisogonum
2242 3615 2370 3680 sibi
2401 3617 2818 3698 presentari:
2865 3615 2966 3678 cui

1761 3713 1832 3770 et
1861 3705 2054 3768 dixit.
2138 3704 2393 3785 Accipe
2426 3702 2806 3784 prefecture
2829 3704 2968 3785 dig-

1761 3793 2040 3860 nitatem
2073 3791 2236 3858 deos
2281 3791 2585 3855 adorans.
2623 3855 2632 3862 ,
2680 3791 2966 3857 Sanctus

1759 3881 2154 3962 grisogonus
2229 3879 2576 3961 respondit
2624 3899 2640 3944 :
2741 3879 2964 3944 Unum

1758 3969 1960 4032 deum
1994 3969 2244 4034 adoro:
2291 3976 2498 4050 atque
2543 3967 2832 4030 deorum
2863 3967 2968 4030 de·

1758 4076 2083 4139 arumque
2159 4054 2563 4119 simulachra
2641 4075 2964 4118 execror:

1759 4155 1963 4227 atque
2027 4153 2306 4225 accepta
2396 4151 2740 4225 potestate
2795 4161 2964 4206 com·

1757 4234 2003 4300 minuo,
2125 4232 2500 4296 Potestates
2561 4251 2722 4296 vero
2797 4251 2842 4294 a
2896 4238 2958 4293 te

1890 4417 1912 4449 ²
1943 4414 2318 4468 dioelecianus:
2353 4385 2500 4466 πε.
2534 4415 2778 4480 (passim.
