3117 4959
877 247 941 303 S.
992 247 1345 303 RJCARDJ
1382 247 1505 302 DE
1552 246 1992 307 HAMPOLE.

696 354 837 412 801

168 456 575 519 Richmundie
641 459 1048 534 transtulisset,
1116 458 1366 537 contigit

168 537 473 597 dominam
502 549 883 615 margaretam
902 538 1045 598 olim
1074 540 1365 599 reclusam

166 618 333 693 apud
372 618 657 695 Anderby
686 619 955 677 Eborum
1002 617 1259 678 diocesis
1302 617 1366 677 in

168 694 299 771 ipsa
346 695 443 756 die
491 697 659 759 Cene
698 696 947 756 Domini
984 696 1145 773 gravi
1188 696 1366 757 nimis

170 774 447 851 passione
493 774 848 835 infirmitatis.
898 776 1106 853 urgeri,
1162 775 1247 835 ita
1298 786 1366 836 ut

170 872 277 930 per
304 854 617 914 tresdecim
646 854 775 915 dies
794 854 1113 915 continuos
1130 854 1367 931 penitus

168 932 493 1010 privaretur
543 944 837 1011 potestate
890 933 1191 1011 loquendi.
1288 936 1367 993 Et

170 1024 414 1089 propter
436 1013 555 1071 hoc
580 1022 671 1072 tot
688 1012 961 1073 sustinuit
989 1013 1279 1073 cruciatus
1306 1024 1367 1073 et

169 1101 493 1167 puncturas
521 1090 583 1151 in
610 1110 859 1169 corpore
884 1094 1051 1169 quod
1078 1090 1367 1152 nullicubi

168 1170 409 1230 valebat
453 1169 790 1231 consistere.
886 1170 1149 1246 Quidam
1196 1171 1369 1249 igitur

168 1248 588 1326 paterfamilias
643 1250 911 1326 ejusdem
966 1250 1118 1323 ville,
1176 1250 1371 1311 sciens

170 1338 443 1390 sanctum
482 1328 828 1389 heremitam
873 1328 1195 1390 Ricardum
1235 1348 1369 1389 eam

169 1408 435 1484 perfecta
460 1406 715 1467 caritatis
742 1408 1066 1469 affeocione
1106 1408 1367 1486 diligere,

172 1497 385 1563 utpote
439 1486 540 1562 qui
580 1486 773 1564 ipsam
835 1487 911 1547 de
966 1499 1089 1547 arte
1152 1487 1371 1547 amoris

173 1564 296 1625 Dei
324 1565 635 1625 cousuevit
672 1565 976 1639 instruere,
1008 1578 1068 1627 et
1094 1564 1159 1626 in
1184 1567 1373 1626 modo

171 1643 416 1704 vivendi
443 1664 549 1705 sua
575 1656 779 1705 sancta
819 1644 1199 1706 institucione
1232 1644 1369 1705 diri-

171 1742 331 1800 gere,
375 1724 455 1783 ad
500 1722 693 1799 ipsum
742 1723 846 1801 qui
890 1744 998 1801 per
1052 1722 1371 1785 duodecim

172 1802 425 1862 miliaria
449 1804 527 1862 ab
554 1802 929 1863 habitacione
969 1805 1197 1864 recluse
1226 1814 1373 1863 tunc

174 1881 459 1959 temporis
505 1884 842 1942 morabatur
869 1882 1133 1943 celeriter
1160 1902 1371 1969 prope-

174 1959 415 2042 ravitin
440 1980 617 2037 eque,
652 1978 869 2038 rogans
906 1962 1074 2038 quod
1118 1962 1197 2021 ad
1238 1980 1373 2020 eam

173 2039 520 2100 festinanter
554 2042 863 2101 accederet
902 2052 963 2100 et
1004 2039 1117 2100 sibi
1158 2058 1371 2100 conso-

174 2117 469 2179 lacionem
498 2117 561 2177 in
588 2130 753 2179 tanta
780 2118 1131 2179 necessitate
1158 2130 1375 2196 presta-

173 2208 281 2258 ret.
383 2197 646 2259 Veniens
700 2198 898 2275 itaque
952 2200 1031 2257 ad
1086 2200 1375 2257 reclusam

174 2275 403 2337 invenit
430 2296 563 2335 eam
592 2288 813 2337 nuutam
856 2288 917 2337 et
955 2276 1375 2337 vexacionibus

173 2354 477 2415 acerrimis
542 2358 957 2432 perturbatam.
1094 2358 1374 2431 Cumque

174 2433 461 2495 resideret
499 2436 579 2495 ad
617 2436 933 2495 fenestram
974 2436 1191 2495 domus
1220 2438 1374 2510 ejus-

174 2516 321 2574 dem
348 2515 591 2588 recluse,
633 2526 692 2574 et
731 2512 904 2573 simul
947 2512 1373 2587 comederent,l

172 2591 429 2669 contigit
456 2603 520 2651 ut
545 2594 844 2669 completo
872 2592 1123 2669 prandio
1150 2594 1379 2651 reclusa

174 2670 543 2733 desideraret
585 2670 854 2732 dormire.
942 2674 1244 2748 Oppressa
1269 2670 1377 2731 ita-

176 2768 299 2827 que
326 2769 581 2827 sompno
609 2752 806 2827 capud
833 2770 1007 2811 suum
1032 2750 1259 2811 decidit
1298 2752 1379 2810 ad

174 2832 495 2890 fenestram
550 2830 629 2889 ad
696 2849 877 2907 quam
945 2848 1009 2889 se
1074 2827 1380 2890 reclinavit

176 2920 421 2969 sanctus
473 2908 587 2969 Dei
632 2909 968 2969 Ricardus:
1013 2918 1075 2968 et
1112 2908 1199 2968 sic
1241 2927 1381 2967 cum

176 2986 487 3047 modicum
514 2987 889 3048 dormivisset
909 2987 1296 3064 appodiando
1314 3005 1380 3047 se

176 3066 511 3143 aliqualiter
564 3086 739 3143 super
780 3066 975 3143 ipsum
1034 3065 1377 3139 Ricardum,

176 3144 381 3206 subito
428 3164 563 3205 cum
612 3145 837 3221 impetu
885 3146 1223 3207 vehementi
1276 3165 1378 3222 ap-

176 3224 501 3303 prehendit
525 3244 659 3285 eam
700 3224 762 3285 in
803 3224 935 3302 ipso
972 3243 1229 3302 sompno
1258 3235 1381 3284 tam

175 3304 377 3383 gravis
429 3304 693 3377 vexaci0,
748 3314 814 3363 ut
878 3302 1175 3364 videretur
1228 3304 1383 3363 velle

176 3383 475 3444 violenter
498 3385 817 3443 fenestram
843 3384 1059 3443 domus
1096 3401 1205 3442 sue
1243 3380 1381 3442 diri-

176 3481 365 3535 mere,
392 3474 454 3523 et
480 3463 539 3521 in
570 3462 698 3539 ipsa
724 3461 1047 3523 vexacione
1082 3471 1206 3521 tam
1245 3459 1383 3520 forti

178 3541 482 3618 evigilavit
508 3542 586 3601 de
616 3560 887 3618 sompno,
918 3552 978 3601 et
1004 3560 1141 3600 cum
1170 3558 1385 3617 magna

179 3620 535 3693 devocione,
586 3631 881 3697 potestate
926 3618 1215 3696 loquendi
1270 3618 1384 3679 sibi

178 3718 489 3773 concessa,
546 3699 608 3758 in
675 3700 789 3761 hec
852 3701 1033 3759 verba
1098 3696 1381 3775 prorupit,

180 3777 394 3841 Gloria
420 3778 528 3839 tibi
558 3778 835 3849 Domine,
856 3790 916 3839 et
942 3780 1151 3838 beatus
1180 3776 1384 3836 Ricar-

179 3861 301 3919 dus
345 3877 577 3917 versum
610 3856 912 3933 inceptum
948 3855 1270 3933 complevit
1294 3854 1385 3915 di·

180 3956 351 4011 cens,
397 3936 517 4012 Qui
564 3947 737 3997 natus
780 3956 845 3997 es
895 3936 971 3996 de
1017 3933 1278 4012 Virgine,
1326 3945 1387 3995 et

181 4028 388 4078 cetera
440 4036 557 4093 que
618 4026 939 4077 secuuntur
996 4012 1387 4091 Completorii

181 4114 377 4155 versu.
461 4094 565 4155 Ait
618 4094 745 4154 illi:
815 4095 999 4154 modo
1053 4092 1388 4153 restitutum

184 4186 279 4235 est
306 4173 418 4234 tibi
444 4173 683 4245 labium,
702 4184 868 4233 utere
896 4192 969 4233 eo
998 4171 1149 4232 sicut
1174 4171 1389 4232 mulier

181 4256 347 4315 bene
376 4254 610 4329 loquax.
656 4256 733 4312 In
760 4251 923 4313 brevi
941 4251 1129 4312 eciam
1156 4262 1386 4329 postea,

493 4408 507 4437 ¹
543 4404 910 4455 commederent
936 4420 950 4453 ι
986 4402 1045 4454 L.

1975 358 2138 415 802

1468 457 1684 519 iterum
1719 478 1856 519 cum
1906 480 1980 521 ea
2017 462 2344 521 comedens
2370 462 2449 523 ad
2476 462 2667 523 fenes-

1468 549 1619 597 tram
1647 538 1972 615 predictam
2002 560 2107 617 per
2133 558 2376 601 omnem
2405 543 2666 601 eundem
2755 564 2758 567 ’

1470 619 1722 677 modum
1749 631 1814 678 ut
1841 618 2004 695 prius
2043 631 2182 696 post
2221 620 2537 697 prandium
2577 620 2668 681 in-

1471 696 1618 756 cidit
1671 696 1733 756 in
1788 717 2003 775 sopore
2075 717 2141 759 se
2186 700 2265 758 ad
2335 699 2668 776 predictum

1472 787 1744 836 sanctum
1797 777 2146 854 appodianS,
2192 789 2253 838 et
2305 797 2537 838 reversa
2580 788 2672 839 est

1472 855 1547 914 ad
1595 874 1727 913 eam
1781 858 1994 917 eade'm
2048 856 2308 931 vexacio,
2373 868 2434 919 et
2499 857 2670 935 quasi

1472 951 1679 994 amens
1707 936 1863 995 facta
1889 946 1996 1009 est,
2026 947 2086 997 et
2113 936 2368 1013 seipsam
2407 936 2568 997 miris
2609 947 2672 998 et

1472 1011 1747 1073 violentis
1799 1014 2064 1075 motibus
2113 1016 2390 1093 agitabat.
2505 1019 2668 1076 Dum

1471 1103 1672 1152 autem
1740 1104 1980 1153 sanctus
2047 1094 2342 1155 Ricardus
2397 1106 2672 1172 quereret

1472 1172 1660 1230 modo
1687 1190 1810 1249 quo
1835 1171 2028 1249 potuit
2055 1192 2188 1233 eam
2229 1174 2350 1235 suis
2393 1175 2672 1236 manibus

1475 1248 1762 1322 detinere,
1790 1270 1868 1313 ne
1896 1270 1962 1312 se
1987 1252 2177 1329 ipsam
2198 1252 2556 1331 discerperet
2575 1255 2672 1314 vel

1473 1328 1590 1387 alia
1643 1330 1860 1390 domus
1913 1330 2298 1392 incommoda
2349 1332 2669 1407 moliretur,

1474 1406 1674 1467 subito
1699 1406 1930 1485 dilapsa
1973 1420 2063 1469 est
2105 1412 2184 1470 de
2222 1411 2496 1471 manibus
2523 1414 2669 1488 ejus,

1475 1496 1535 1545 et
1562 1484 1625 1544 in
1646 1486 1778 1562 ipso
1798 1487 2030 1564 dilapsu
2048 1490 2128 1549 de
2147 1508 2402 1565 sompno
2419 1491 2674 1550 excitata

1475 1575 1566 1625 est
1593 1574 1654 1625 et
1681 1565 1818 1641 vigil
1861 1569 2086 1627 effecta.
2171 1570 2250 1627 Et
2289 1579 2432 1628 tunc
2471 1569 2554 1629 ait
2593 1571 2675 1629 ad

1474 1662 1607 1704 eam
1677 1645 1972 1705 Ricardus
2015 1668 2030 1705 ε
2111 1648 2314 1721 putavi
2382 1648 2673 1709 veraciter

1476 1723 1640 1799 quod
1670 1722 1720 1782 si
1746 1723 1954 1785 fuisses
1982 1724 2252 1785 diabolus
2281 1745 2394 1804 ego
2421 1738 2482 1787 te
2508 1738 2676 1787 tenu-

1474 1800 1669 1874 issem,
1739 1814 2188 1880 verumptamen
2255 1806 2374 1865 hoc
2426 1806 2674 1866 verbum

1473 1882 1911 1941 consolacionis
1953 1884 2062 1943 tibi
2128 1884 2447 1958 denuncio,
2507 1886 2676 1961 quod

1476 1959 1762 2035 quamdiu
1817 1980 1930 2037 ego
1983 1961 2044 2021 in
2091 1963 2207 2027 hac
2259 1962 2381 2023 vita
2435 1963 2673 2023 mortali

1476 2050 1772 2114 superstes
1817 2040 1999 2114 fuero,
2048 2059 2355 2118 nunquam
2403 2043 2676 2103 vexacio-

1475 2135 1617 2176 nem
1701 2119 1878 2193 hujus
1966 2118 2311 2196 egritudinis
2401 2122 2670 2199 pacieris.

1476 2198 1816 2257 Transactis
1842 2209 2040 2259 tamen
2068 2210 2278 2276 postea
2318 2200 2677 2278 quibusdam

1476 2294 1768 2335 annorum
1815 2278 2118 2338 curriculis
2171 2298 2404 2340 reversa
2457 2292 2548 2341 est
2597 2282 2678 2342 ad

1478 2372 1612 2413 eam
1638 2355 1904 2431 predicte
1931 2358 2278 2434 egritudinis
2304 2359 2520 2436 passi0,
2551 2380 2680 2437 pre-

1478 2442 1750 2508 terquam
1793 2437 1959 2511 quod
2003 2437 2263 2514 linguam
2306 2438 2549 2499 liberam
2575 2440 2678 2498 ha-

1479 2511 1610 2571 buit
1662 2514 1741 2572 ad
1796 2516 2208 2590 loquendum:
2269 2518 2469 2577 vocari
2538 2537 2682 2595 ergo

1475 2590 1619 2650 fecit
1656 2592 1886 2652 reclusa
1921 2593 2256 2669 predictum
2283 2598 2678 2672 patremfami-

1479 2668 1605 2743 lias,
1635 2688 1849 2747 rogans
1878 2691 2016 2731 eum
2043 2683 2108 2732 ut
2135 2672 2196 2731 in
2225 2693 2384 2751 equo
2410 2675 2684 2736 concito²

1479 2759 1820 2824 properaret
1865 2751 2028 2826 apud
2071 2752 2318 2811 domum
2346 2754 2680 2814 Sanctimo·

1480 2826 1728 2886 nialium
1795 2830 1874 2889 de
1950 2831 2268 2907 Hampole,
2341 2832 2445 2907 qui
2511 2835 2682 2894 locus

1480 2907 1734 2966 multum
1775 2926 1813 2965 a
1852 2926 1960 2967 sua
1995 2908 2376 2970 habitacione
2403 2909 2680 2987 distabat,

1482 2984 1588 3045 ubi
1655 2984 1852 3045 dictus
1919 2986 2214 3047 Ricardus
2286 2988 2402 3048 illis
2471 2989 2683 3053 diebus
2753 3042 2758 3047 .

1483 3061 1804 3124 solitariam
1829 3064 2013 3127 vitam
2035 3066 2170 3143 egit,
2194 3077 2262 3127 ut
2283 3066 2508 3129 videret
2537 3070 2683 3147 quid

1482 3142 1797 3203 accidisset
1823 3145 1902 3204 de
1929 3163 2022 3219 e0,
2054 3145 2194 3221 quia
2223 3166 2346 3206 non
2388 3148 2684 3209 dubitavit

1484 3222 1680 3299 ipsum
1727 3223 1804 3283 de
1847 3225 2076 3284 mundo
2119 3225 2415 3303 migrasse.
2502 3228 2688 3289 Scivit

1485 3301 1645 3361 enim
1689 3300 1883 3379 ipsum
1927 3302 1992 3361 in
2033 3304 2336 3381 promissis
2391 3307 2627 3367 fidelem
2669 3330 2684 3370 ε

1482 3380 1832 3457 promiserat
1859 3394 2057 3441 autem
2087 3382 2142 3443 ei
2169 3386 2334 3461 quod
2356 3404 2430 3445 eo
2445 3385 2686 3447 vivente

1483 3458 1547 3519 in
1591 3478 1768 3519 carne
1821 3462 2002 3521 talem
2053 3462 2438 3524 vexacionem
2497 3467 2685 3526 nulla-

1486 3549 1660 3598 tenus
1684 3550 1994 3616 pateretur.
2055 3542 2238 3603 Venit
2266 3542 2466 3621 itaque
2494 3544 2688 3606 dictus

1486 3618 1670 3677 homo
1709 3619 1789 3678 ad
1832 3620 2153 3697 Hampole,
2205 3632 2266 3683 et
2307 3624 2504 3701 ipsum
2547 3625 2688 3684 huic

1487 3698 1720 3757 mundo
1748 3710 2047 3759 mortuum
2084 3704 2389 3778 comperit,
2421 3705 2688 3780 dumque

1488 3774 1804 3853 diligenter
1845 3778 1922 3839 de
1969 3780 2116 3838 hora
2163 3799 2269 3840 sue
2312 3780 2689 3858 migr-acionis

1486 3854 1849 3932 perquireret
1873 3856 2100 3917 invenit
2125 3860 2292 3935 quod
2316 3880 2524 3935 parum
2552 3872 2690 3937 post

1488 3935 1694 3994 horam
1737 3934 1828 3994 sui
1867 3936 2146 3996 transitus
2172 3937 2422 3998 redisset
2447 3940 2532 3998 ad
2554 3958 2689 3999 eam

1491 4012 1762 4089 egritudo
1825 4013 2106 4089 predicta.
2204 4018 2421 4076 Postea
2487 4030 2689 4078 autem

1490 4093 1704 4153 eadem
1756 4092 1988 4151 reclusa
2041 4112 2107 4154 se
2160 4094 2458 4155 transtulit
2526 4099 2690 4173 apud

1470 4171 1816 4247 ‘Hampole,
1845 4170 1950 4231 ubi
1993 4190 2226 4232 sacrum
2271 4192 2490 4251 corpus
2532 4177 2688 4252 ejus-

1489 4251 1630 4312 dem
1643 4248 1926 4312 heremite
1947 4250 2054 4310 suit
2074 4250 2354 4311 traditum
2371 4254 2688 4332 sepulture,

1977 4404 1998 4433 ²
2031 4402 2206 4453 concio
2230 4424 2240 4453 :
2279 4405 2337 4455 L.
