3117 4959
928 265 1285 327 OMNIUM
1324 269 1714 330 SANCTOR
1721 271 1860 330 UM.

682 375 821 433 651

148 482 309 550 scire
339 491 446 550 est
484 484 829 567 quomodo
871 482 978 548 vel
1022 485 1351 567 quemad-

152 573 421 637 modum
479 591 707 636 eorum
758 573 951 636 nobis
996 572 1349 636 invisibilis

152 661 400 744 absque
445 661 845 742 contagione
894 679 1012 724 seu
1060 660 1352 724 diminu-

152 749 327 812 tione
356 749 424 812 in
458 767 580 812 sua
609 747 752 812 sola
782 749 1071 832 puritate
1100 748 1352 812 consis-

152 845 248 902 tat
290 845 547 900 natura.
640 836 776 902 Sed
829 845 1057 901 tamen
1106 855 1347 900 novem

152 943 289 988 esse
331 923 723 1007 angelorum
778 925 1047 990 ordines
1100 923 1189 988 ad
1237 923 1349 988 dei

146 1012 389 1095 judicia
432 1031 517 1076 ac
562 1012 926 1077 ministeria
950 1011 971 1050 ¹
1011 1013 1352 1095 complen-

150 1101 267 1164 da:
310 1109 607 1165 testante
650 1119 841 1165 sacro
882 1099 1151 1182 eloquio
1192 1119 1351 1182 cog-

151 1188 470 1252 novimus.
594 1187 969 1253 Taceamus
1030 1187 1293 1251 interim
1325 1188 1351 1226 ¹

150 1277 231 1341 de
285 1276 562 1340 secretis
620 1275 1019 1341 celestibus:
1064 1285 1134 1340 et
1187 1285 1347 1338 ante

148 1363 371 1428 oculos
408 1363 776 1428 conditoris
818 1373 1161 1446 tergamus
1206 1382 1350 1427 ma-

151 1451 327 1516 culas
370 1461 845 1535 peccatorum:
888 1461 966 1516 ut
996 1451 1082 1516 ad
1115 1471 1233 1515 eos
1260 1451 1351 1515 de

152 1540 384 1622 quibus
416 1539 756 1622 loquimur
776 1541 1119 1623 pervenire
1138 1559 1350 1604 mere-

153 1647 347 1692 amur.
438 1627 559 1692 Re.
606 1627 708 1692 Te
768 1637 1071 1693 sanctum
1132 1627 1351 1692 domi·

154 1735 307 1780 num
350 1716 417 1780 in
467 1715 759 1780 excelsis
804 1715 1081 1781 laudant
1112 1733 1348 1779 omnes

154 1803 361 1888 angeli
409 1803 757 1868 dicentes:
802 1804 906 1869 Te
962 1804 1158 1869 decet
1204 1803 1349 1868 laus

156 1901 217 1955 et
272 1892 487 1956 honor
528 1891 825 1957 domine.
916 1905 965 1978 γ
1010 1890 1348 1957 Cherubin

156 1999 411 2063 quoque
440 1988 513 2044 et
544 1979 856 2063 seraphin
897 1987 1167 2044 sanctus
1196 1999 1349 2062 pro·

158 2068 477 2134 clamant:
522 2076 598 2132 et
649 2069 867 2131 omnis
913 2067 1155 2144 cel-icus
1185 2067 1349 2131 ordo

156 2157 457 2240 dieentes
535 2154 658 2220 Te.
748 2154 993 2220 Gloria.
1067 2155 1188 2219 Te.
1263 2156 1349 2218 In

157 2243 407 2307 servando
434 2252 745 2308 nocturno
770 2251 877 2308 ανῑ.
942 2243 1127 2307 Inter
1156 2252 1351 2306 natos

162 2331 497 2396 mulierum
528 2335 549 2356 “
578 2351 711 2394 non
788 2331 1078 2396 surrexit
1138 2331 1353 2413 major

156 2416 432 2500 johanne
506 2419 823 2502 baptista.
917 2427 1017 2501 pf.
1088 2418 1348 2482 Bonum

162 2515 255 2569 est
280 2506 602 2571 confiteri.
692 2507 831 2571 Ανῑ.
878 2505 1000 2570 Isti
1041 2515 1199 2569 sunt
1227 2505 1350 2570 viri

164 2597 397 2660 sancti:
445 2615 621 2678 quos
672 2594 875 2676 elegit
920 2593 1233 2658 dominus
1279 2593 1348 2658 in

165 2682 468 2747 charitate
499 2703 639 2747 non
669 2683 827 2746 ficta
858 2703 875 2747 ε
906 2690 973 2746 et
1002 2682 1192 2746 dedit
1222 2681 1351 2745 illis

167 2769 429 2851 gloriam
490 2770 969 2853 sempiternam
1007 2789 1023 2833 :
1067 2789 1350 2852 quorum

168 2857 455 2923 doctrina
502 2858 721 2942 fulget
768 2857 1048 2922 ecclesia
1092 2867 1167 2922 ut
1211 2857 1351 2922 sole

170 2944 313 3010 luna
339 2945 507 3012 all'a.
586 2955 691 3029 pJ.
738 2945 1008 3010 Exaudi
1038 2945 1207 3010 deus
1236 2946 1354 3010 de-

170 3035 621 3114 precationem.
774 3037 908 3101 Αῆ.
1000 3034 1121 3098 Isti
1196 3043 1354 3098 sunt

170 3123 363 3187 sancti
391 3142 407 3188 :
452 3123 618 3207 qui⁸
646 3141 769 3206 pro
798 3130 1205 3187 testamento
1240 3121 1351 3186 dei

172 3227 281 3273 sua
332 3229 612 3294 corpora
670 3209 1125 3275 tradiderunt:
1168 3218 1239 3274 et
1282 3210 1352 3272 in

175 3299 477 3380 sanguine
540 3298 697 3381 agni
771 3297 1073 3362 laverunt
1146 3297 1355 3362 stolas

173 3403 325 3450 suas.
370 3395 469 3469 pf.
504 3387 693 3451 Deus
722 3393 1061 3450 venerunt.
1145 3400 1194 3473 y
1226 3385 1354 3449 Le·

172 3475 390 3538 tamini
419 3475 491 3538 in
520 3475 815 3538 domino.
1011 3473 1227 3537 Lectio
1255 3472 1351 3556 ι’ᾔ.

323 3561 496 3627 dhuc
558 3562 647 3628 de
704 3561 833 3626 hac
898 3560 1135 3625 eadem
1210 3569 1353 3625 tam

324 3651 596 3734 pulchra
639 3659 843 3732 atque
886 3647 1181 3733 preclara
1226 3649 1357 3713 fes-

176 3734 415 3802 tivitate
472 3737 656 3821 loqui
717 3737 1160 3820 incipiamus:
1223 3757 1354 3820 que

178 3841 295 3887 non
328 3825 539 3890 solum
586 3834 663 3889 ut
706 3825 1121 3909 prediximus
1152 3845 1357 3907 ange-

180 3908 375 3976 lorum
433 3914 815 3996 spiritibus:
858 3931 1088 3978 verum
1148 3913 1353 3976 etiam

180 4001 407 4064 sanctis
478 4000 787 4066 omnibus
861 3999 976 4084 qui
1038 4001 1105 4064 in
1181 4009 1356 4064 terra

182 4095 323 4150 sunt
376 4107 393 4152 :
479 4087 954 4153 honorabiliter
1046 4087 1357 4152 dedicata

184 4173 479 4241 subsistit.
569 4177 631 4240 E
683 4175 927 4260 quibus
976 4175 1170 4258 primi
1215 4176 1357 4240 sue-

187 4271 323 4326 runt
392 4263 800 4346 patriarche:
871 4262 992 4328 viri
1068 4263 1355 4346 religiosi

432 4401 445 4430 ¹
482 4399 735 4452 misteriaz
772 4401 825 4451 S.

431 4467 453 4496 ²
483 4483 573 4531 pro
599 4473 615 4499 ⁸
634 4465 865 4518 interim’
888 4465 1105 4517 iterum:
1136 4463 1285 4516 W.S.

308 4546 461 4598 VOL.
492 4547 567 4601 11.

1955 377 2116 434 632

1450 493 1657 567 atque
1687 485 1958 568 gloriosi
1982 486 2048 550 in
2071 487 2213 553 vita
2243 483 2405 550 suat'
2433 493 2656 570 patres

1448 574 1926 657 prophetarum
2033 583 2102 638 et
2199 573 2653 658 apostolorum

1448 681 1733 744 quorum
1797 663 2117 727 memoria
2175 683 2311 726 non
2371 661 2654 726 derelin-

1448 758 1703 832 quetur.
1818 749 1968 814 Hos
2041 751 2341 834 sequitur
2414 748 2652 813 electio

1448 838 1924 922 prophetarum
1957 857 2109 903 cum
2131 839 2374 921 quibus
2391 835 2653 902 locutus

1449 933 1551 989 est
1571 923 1597 963 ⁴
1641 925 1808 990 deus
1837 934 1908 990 et
1935 927 2231 991 ostendit
2271 926 2368 991 eis
2397 933 2654 990 secreta

1446 1033 1622 1079 sua:
1684 1022 1758 1078 ut
1809 1033 1892 1078 ea
1941 1033 2073 1098 que
2137 1023 2419 1079 ventura
2462 1021 2655 1077 erant

1449 1101 1764 1166 nunciare
1837 1111 2214 1185 potuerunt.
2359 1101 2511 1166 Hos
2585 1110 2655 1164 et

1446 1189 1827 1254 veneranda
1869 1190 2068 1273 hujus
2111 1189 2243 1255 diei
2293 1189 2653 1254 festivitate

1449 1276 1640 1340 nullo
1672 1278 1876 1342 modo
1907 1280 2202 1360 privatos
2250 1299 2396 1342 esse
2445 1277 2657 1342 credi-

1449 1384 1640 1430 mus:
1683 1365 1802 1430 sed
1849 1375 2192 1431 consortes
2239 1387 2386 1431 esse
2429 1383 2653 1448 spera-

1448 1472 1616 1517 mus.
1691 1454 1808 1518 Re.
1857 1454 2042 1517 Inter
2071 1463 2268 1519 natos
2298 1453 2652 1518 mulierum

1448 1559 1583 1604 non
1613 1541 1906 1605 surrexit
1929 1541 2144 1626 major
2165 1540 2465 1626 johanne
2487 1541 2652 1624 bap-

1450 1629 1626 1694 tista.
1718 1627 1852 1713 Qui
1883 1629 2063 1694 viam
2095 1630 2372 1695 domino
2417 1648 2653 1713 prepa-

1448 1717 1622 1781 ravit
1669 1716 1739 1780 in
1785 1716 2075 1783 herem0.
2165 1735 2214 1803 γ
2262 1717 2419 1783 Fuit
2447 1717 2653 1780 homo

1448 1805 1692 1870 missus
1751 1825 1793 1869 a
1850 1805 1981 1870 deo
2040 1805 2145 1871 cui
2207 1825 2454 1871 nomen
2506 1813 2653 1869 erat

1437 1891 1790 1977 johannes.
1882 1891 2040 1977 Qui.
2341 1891 2561 1957 Lectio
2590 1913 2654 1958 v.

1656 1981 1713 2044 is
1743 1990 1970 2044 autem
2016 1979 2246 2046 electis
2291 1981 2445 2046 dei:
2491 2000 2652 2045 con-

1653 2069 1890 2132 cordat
1916 2068 2264 2135 duodenus
2308 2067 2649 2152 apostolo-

1449 2175 1595 2220 rum
1657 2176 1971 2220 numerus
2044 2177 2215 2241 quos
2287 2178 2330 2221 a
2419 2157 2652 2240 primis

1450 2244 1920 2308 miraculorum
1965 2245 2320 2310 virtutibus
2350 2245 2437 2309 ad
2467 2264 2651 2308 com-

1448 2331 1836 2415 ponendum
1867 2351 2038 2397 nove
2068 2333 2224 2397 fidei
2254 2332 2650 2398 fundamen-

1448 2429 1592 2484 tum
1612 2441 1627 2485 :
1647 2419 2169 2504 erigendumque
2186 2421 2406 2486 adhuc
2424 2430 2650 2486 tenere

1448 2516 1700 2572 statum
1731 2509 2009 2574 ecclesie
2040 2510 2265 2574 divina
2299 2509 2650 2594 providen-

1448 2596 1547 2660 tia
1605 2616 1695 2660 ex
1753 2598 2068 2660 omnibus
2125 2616 2298 2680 quos
2339 2597 2652 2681 capiebat

1449 2684 1741 2748 mundus
1798 2684 2053 2768 elegit:
2112 2693 2188 2748 ut
2248 2685 2316 2749 in
2377 2704 2648 2748 omnem

1448 2781 1694 2836 terram
1707 2791 1910 2837 sonus
1923 2771 2391 2856 predicationis
2415 2793 2646 2837 eorum

1449 2859 1682 2925 exiret.
1815 2857 2078 2943 Quibus
2137 2861 2280 2944 ipse
2337 2861 2650 2924 dominus

1449 2947 1712 3012 locutus
1743 2958 1844 3013 est
1872 2947 2119 3012 dicens.
2191 2949 2346 3030 Jam
2377 2968 2514 3013 non
2552 2949 2653 3012 di-

1450 3055 1600 3100 cam
1659 3054 1778 3100 vos
1839 3055 2111 3101 servos:
2183 3035 2346 3120 quia
2417 3055 2647 3100 servus

1452 3123 1663 3188 nescit
1692 3123 1851 3206 quid
1884 3123 2086 3188 saciat
2128 3123 2443 3188 dominus
2487 3123 2650 3206 ejus.

1450 3213 1594 3276 Vos
1653 3220 1876 3276 autem
1938 3211 2084 3275 dixi
2143 3211 2446 3276 amicos:
2492 3210 2649 3294 quia

1451 3299 1680 3364 omnia
1709 3319 2100 3383 quecunque
2129 3299 2355 3364 audivi
2387 3318 2428 3363 a
2457 3308 2648 3382 patre

1452 3407 1604 3451 meo
1636 3395 1800 3451 nota
1826 3386 1949 3452 feci
1981 3387 2189 3452 vobis.
2263 3387 2542 3453 Talibus
2572 3397 2649 3452 ut

1450 3475 1780 3539 credimus
1832 3475 2128 3559 patronis
2169 3474 2293 3539 hec
2323 3475 2466 3540 dies
2495 3477 2652 3540 sub-

1446 3563 1628 3645 jecta
1675 3561 2065 3628 declaratur.
2150 3563 2265 3629 Re.
2312 3562 2447 3648 Qui
2495 3573 2651 3629 sunt

1452 3650 1560 3715 isti
1619 3653 1736 3734 qui
1795 3661 1872 3715 ut
1945 3652 2155 3716 nubes
2219 3651 2466 3718 volant.
2559 3653 2652 3717 Et

1454 3739 1647 3822 quasi
1675 3738 1982 3804 columbe
2011 3741 2096 3804 ad
2128 3738 2450 3804 fenestras
2479 3760 2650 3804 suaS.

1549 3825 1986 3892 Candidiores
2045 3827 2246 3892 nive:
2310 3827 2651 3893 nitidiores

1479 3923 1630 3978 acte
1663 3935 1680 3980 ε
1727 3915 2224 3979 rubicundiores
2253 3914 2452 3978 ebore
2481 3916 2652 3979 anti-

1455 4021 1608 4085 que.
1702 4002 1794 4066 Et
1823 4003 2029 4085 quasi.
2319 4001 2534 4064 Lectio
2564 4002 2652 4084 vj.

1455 4090 1647 4221 H
1657 4091 1712 4154 is
1729 4089 2102 4172 subjectum
2124 4096 2228 4152 est
2248 4088 2652 4172 triumphale

1656 4185 2022 4260 martyrum
2077 4195 2324 4240 nomen
2376 4177 2492 4260 qui
2537 4197 2657 4260 per

1454 4264 1718 4330 diversa
1819 4273 2305 4329 tormentorum
2407 4283 2654 4346 genera

1692 4402 1712 4432 ⁸
1749 4399 2046 4464 ‘qui’om.=
2081 4397 2151 4450 N.

1689 4469 1706 4497 ⁴
1746 4465 2035 4517 ‘est’om.=
2073 4465 2140 4518 N.

2239 4545 2386 4599 UU
