3117 4959
1478 234 1585 288 IN
1625 235 1894 290 FESTO

990 343 1113 396 177

448 467 583 511 non
646 447 888 511 habeat
958 447 1415 513 testimonium
1477 447 1655 512 salus

448 536 750 600 omniurn
802 544 1121 600 nostrum.
1230 537 1346 600 Re.
1424 537 1654 602 Senex

452 644 731 708 puerum
796 625 1159 707 portabat:
1208 645 1372 707 puer
1431 634 1656 688 autem

452 733 681 776 senem
760 713 1050 794 regebat.
1188 711 1409 794 Quem
1470 714 1662 795 virgo

453 800 795 883 concepit:
862 803 1050 883 virgo
1114 801 1404 883 peperit:
1470 801 1660 883 virgo

455 901 609 972 post
634 899 897 971 partum
931 909 1128 971 quem
1160 890 1393 971 genuit
1423 891 1660 954 adora·

455 979 567 1041 vit.
661 994 708 1063 y
758 977 930 1040 Ecce
969 979 1153 1041 venit
1196 978 1284 1041 ad
1330 977 1658 1060 templum

458 1079 764 1129 sanctum
796 1085 989 1128 suurn
1020 1066 1404 1131 dominator
1446 1065 1664 1136 domi-

459 1175 629 1219 nus:
672 1155 893 1236 gaude
958 1159 1035 1216 et'
1076 1152 1281 1218 letare
1328 1174 1498 1237 syon
1548 1171 1664 1218 oc·

459 1259 725 1306 currens
755 1243 885 1305 deo
918 1251 1052 1308 tu0.
1100 1243 1339 1328 Quem.
1385 1243 1527 1306 Lec.
1560 1241 1659 1324 iij.

457 1331 640 1462 N
652 1330 905 1412 unquid
958 1331 1137 1394 enim
1190 1331 1330 1394 sole
1372 1331 1663 1414 virgines

651 1420 736 1482 ad
772 1439 1048 1502 regnum
1093 1419 1386 1483 celorum
1434 1439 1666 1502 perve-

462 1508 698 1572 niunt?
769 1508 1165 1571 Perveniunt
1197 1518 1265 1571 et
1294 1508 1507 1572 vidue.
1574 1507 1666 1570 Et

463 1595 689 1678 magni
758 1597 973 1660 meriti
1064 1594 1190 1660 fuit
1272 1596 1386 1659 illa
1461 1596 1666 1662 vidua

462 1693 693 1748 sancta
738 1704 967 1750 anna:
1012 1704 1145 1769 que
1196 1701 1237 1748 a
1289 1683 1666 1767 virginitate

462 1794 585 1836 sua
607 1773 871 1836 vixerat
900 1793 1053 1836 cum
1085 1773 1224 1837 viro
1254 1793 1375 1835 suo
1406 1782 1664 1854 septem

462 1861 672 1924 annis.
748 1860 904 1945 Quo
936 1860 1287 1926 defuncto:
1336 1881 1545 1943 usque
1578 1860 1664 1924 ad

462 1948 739 2014 senilem
806 1958 1055 2012 etatem
1117 1958 1504 2032 pervenerat
1567 1969 1668 2012 se·-

468 2046 739 2101 nectute
769 2037 1042 2102 sancta.1
1092 2037 1457 2119 Octoginta
1488 2037 1666 2100 enim

462 2145 703 2208 gerens
732 2145 945 2188 annos
972 2145 988 2191 ε
1020 2126 1423 2208 expectabat
1458 2125 1668 2189 infan-

465 2214 631 2277 tiam
652 2214 999 2277 salvatoris
1023 2223 1097 2277 ut
1116 2234 1392 2296 parvum
1413 2214 1670 2278 videret

466 2321 766 2367 annosa:
796 2321 1073 2405 parvum
1105 2312 1534 2384 cognosceret
1554 2323 1670 2366 an·

468 2389 767 2456 nicula²:
766 2391 1157 2467 intrantem
1186 2391 1510 2455 mundum
1540 2391 1668 2454 sal·

424 2479 429 2484 ’
469 2488 768 2542 vatorem
802 2479 1055 2542 videret
1088 2479 1275 2542 itura.
1367 2480 1481 2544 Re.
1531 2479 1669 2542 Ac-

469 2568 720 2648 cipiens
772 2587 1050 2648 symeon
1101 2586 1378 2648 puerum
1429 2568 1495 2630 in
1530 2587 1670 2631 ma-

471 2654 709 2718 nibus:
756 2653 1020 2719 Gratias
1068 2675 1275 2737 agens
1322 2654 1672 2720 benedixit

471 2745 841 2807 dominum.
932 2759 977 2830 y
1024 2743 1318 2826 Symeon
1355 2744 1576 2826 justus
1607 2754 1676 2808 et

468 2833 821 2897 timoratus
878 2841 1244 2915 expectans
1314 2831 1674 2914 redempti-

472 2941 671 2984 onem
735 2920 945 2984 israel.
1037 2919 1319 2984 Gratias..
1443 2919 1674 2984 Gloria

471 3011 663 3092 patri.
759 3010 1040 3075 GratiaS.
1136 3014 1199 3087 (I
1267 3009 1351 3071 In
1404 3009 1674 3072 secundo

472 3108 778 3161 nocturno
805 3107 909 3162 ar‘z.
1005 3097 1237 3162 Gratia
1283 3098 1541 3162 celestis
1575 3117 1676 3161 re-

473 3187 769 3269 paratrix
800 3187 1006 3250 totius
1036 3186 1253 3250 orbis:
1299 3187 1541 3250 diffusa
1572 3196 1674 3250 est

476 3275 667 3339 labiis
712 3275 899 3356 virgo
965 3276 1171 3337 maria
1233 3275 1405 3338 tuis:
1475 3294 1674 3357 prop-

475 3375 655 3426 terea
686 3383 915 3444 regum
950 3371 1017 3424 te
1049 3382 1167 3424 rex
1214 3363 1561 3426 benedixit
1607 3364 1674 3426 in

480 3473 559 3514 ev
566 3471 730 3514 um:
792 3460 859 3513 et
905 3450 1063 3512 facit
1107 3468 1146 3511 a
1194 3451 1449 3514 dextris
1494 3461 1682 3516 casta

476 3541 705 3602 sedere
749 3538 928 3601 suis·
975 3558 1176 3601 aurea
1228 3559 1430 3619 quam
1491 3538 1675 3604 fulvo

475 3628 681 3692 vestis
710 3624 1098 3691 circundata
1147 3625 1417 3692 lumbo:
1462 3617 1678 3693 ambit

479 3726 547 3780 et
607 3723 895 3782 exornat
947 3714 1203 3796 riteque
1262 3714 1676 3781 condecorat.

458 3813 561 3888 ps.
605 3803 967 3868 Eructavit.
1055 3803 1188 3868 Αῑὶ.
1239 3803 1678 3869 Sanctificans

475 3893 787 3958 dominus
829 3891 1158 3974 templum
1208 3891 1507 3958 Christus
1552 3892 1678 3955 sibi

474 3984 793 4065 dignum:
882 3980 1135 4063 virgine
1210 3989 1421 4046 matre
1494 3990 1680 4045 satus

472 4072 820 4136 descendit
894 4069 983 4134 ab
1073 4090 1222 4133 arce
1321 4069 1627 4152 polorum
1663 4091 1678 4136 :

478 4170 714 4225 cuncte
773 4161 877 4223 cui
939 4168 1173 4240 gentes
1234 4166 1404 4221 terre
1479 4159 1677 4223 simul

476 4250 701 4312 omnia
734 4268 979 4332 regna:
1010 4247 1227 4329 gaude
1248 4247 1354 4311 dei
1382 4247 1678 4330 genitrix

560 4477 587 4506 '¹
625 4479 885 4524 sanctam=
918 4471 1065 4523 W.S.
1278 4473 1299 4503 ²
1332 4467 1564 4522 anicula:
1599 4471 1663 4522 G.

2302 343 2430 399 178

1763 450 1996 513 dicunt
2027 457 2094 512 et
2126 448 2318 531 kyria
2351 449 2556 514 chere.
2635 459 2736 532 pf.
2785 450 2973 513 Deus

1762 547 1988 600 noster
2019 537 2364 620 refugium.
2439 539 2574 603 Αῆ.
2621 538 2806 602 Aula
2832 558 2974 601 ma-

1761 625 1857 688 ria
1876 625 1982 688 dei
2003 627 2256 690 casta³z
2278 625 2643 708 titulusque
2663 627 2940 708 pudoris
2959 646 2978 689 t

1761 723 1958 795 porta
2009 733 2180 796 syon
2235 715 2446 777 rutilis
2503 735 2772 798 semper
2825 714 2971 778 sun-

1762 801 1922 865 data
1951 799 2278 884 sapphiris
2307 823 2322 866 ε
2367 823 2500 884 que
2531 801 2676 866 sola
2703 823 2742 865 e
2771 822 2978 865 cunc-

1762 889 1847 953 tis
1897 888 2202 971 placuisti
2252 900 2438 954 casta
2479 891 2780 954 tonanti:
2827 911 2977 954 sus-

1759 977 1907 1060 cipe
1937 997 2272 1042 servorum
2309 978 2629 1042 miserans
2667 979 2782 1061 pia
2813 987 2976 1042 vota
3077 1053 3079 1058 .

1760 1075 2046 1132 tuorum.
2171 1075 2266 1148 ps'.
2345 1067 2834 1132 Fundamenta.
2931 1084 2978 1153 y

1761 1152 2122 1236 Accipiens
2197 1173 2477 1236 symeon
2552 1175 2836 1239 puerum
2909 1155 2978 1220 in

1765 1243 2090 1306 manibus.
2183 1241 2452 1308 Gratias
2507 1263 2720 1327 agens
2771 1243 2981 1308 bene-

1765 1330 1944 1396 dixit
1971 1331 2972 1395 dominum.

1763 1422 1920 1551 ln
1983 1416 2352 1485 masculino
2411 1439 2585 1484 sexu
2643 1420 2776 1484 tria
2829 1419 2981 1503 ipsa

1861 1525 2108 1589 genera
2120 1508 2592 1572 commendata
2609 1517 2786 1573 sunt.
2819 1509 2982 1591 Ipse

1763 1594 2075 1660 dominus
2108 1595 2412 1660 Christus
2441 1604 2677 1662 natus.
2707 1616 2882 1680 puer
2913 1596 2980 1659 in
3073 1619 3080 1643 =

1764 1682 2023 1765 templo
2071 1693 2172 1748 est
2225 1692 2661 1765 presentatus.
2759 1684 2982 1748 Exul·

1765 1779 1911 1835 tent
1942 1771 2126 1853 pueri
2151 1772 2633 1836 continentiam
2653 1781 2982 1838 voventes

1767 1879 1991 1943 puer0.
2084 1859 2114 1923 1
2121 1879 2240 1942 pse
2298 1881 2455 1924 vero
2515 1860 2979 1944 integritatem

1767 1947 2053 2031 puericie
2117 1948 2578 2014 consecravit:
2667 1949 2786 2032 qui
2861 1969 2982 2014 sue

1769 2037 1964 2100 matri
2009 2035 2486 2102 secunditatem
2533 2038 2804 2102 attulit:
2851 2037 2981 2102 vir·

1767 2125 2116 2206 ginitatem
2142 2145 2276 2188 non
2307 2125 2601 2191 abstulit.
2673 2125 2980 2208 Symeon

1769 2213 1878 2276 ille
1909 2233 2120 2277 senex
2151 2214 2265 2277 diu
2293 2212 2592 2279 vixerat:
2623 2215 2816 2296 cujus
2833 2223 2980 2278 etas

1767 2301 2282 2383 comparabatur
2309 2321 2522 2368 anne:
2568 2311 2640 2366 et
2668 2303 2978 2367 audierat

1769 2410 2203 2472 responsum:
2249 2389 2431 2472 quod
2485 2411 2620 2455 non
2675 2401 2858 2456 esset
2885 2393 2983 2456 vi-

1770 2497 1962 2542 surus
2068 2488 2350 2543 mortem
2407 2499 2422 2543 :
2514 2479 2640 2542 nisi
2721 2479 2982 2543 videret

1774 2565 2132 2632 Christum.
2221 2566 2338 2632 Re.
2409 2565 2713 2648 Symeon
2759 2565 2982 2649 justus

1772 2664 1840 2718 et
1939 2655 2286 2718 timoratus
2393 2656 2808 2738 expectabat
2885 2677 2982 2720 re·

1772 2743 2228 2825 demptionem
2273 2742 2508 2808 israel:
2558 2742 2649 2807 Et
2679 2744 2980 2826 spiritus-

1771 2841 2042 2895 sanctus
2091 2840 2233 2894 erat
2287 2831 2353 2894 in
2387 2851 2484 2896 e0.
2574 2848 2625 2918 γ
2673 2833 2981 2916 Respon-

1773 2939 1922 2982 sum
1983 2919 2242 3002 accepit
2289 2939 2570 3002 symeon
2620 2942 2663 2985 a
2717 2922 2982 3003 spiritu·
3073 2989 3079 3000 ⁴

1771 3016 2044 3071 sancto:
2078 3027 2212 3072 non
2242 3008 2534 3073 visurum
2557 3029 2633 3074 se
2664 3019 2985 3076 mortem:

1775 3097 1899 3162 nisi
1951 3096 2132 3178 prius
2183 3096 2442 3161 videret
2488 3096 2839 3164 Christum
2870 3099 2985 3164 do-

1775 3184 1954 3246 mini.
2050 3185 2156 3248 Et.
2673 3187 2902 3252 Lectio
2927 3207 2986 3251 v.

1776 3275 1873 3404 l
1894 3272 2222 3354 ntelligite
2280 3271 2515 3338 fratres
2559 3296 2576 3340 :
2651 3285 2982 3358 quantum

1856 3361 2294 3425 -desiderium
2337 3361 2678 3428 habebant
2725 3365 2984 3446 antiqui

1775 3449 1986 3512 sancti
2007 3450 2231 3513 videre
2257 3449 2616 3515 Christum.
2663 3451 2986 3516 Sciebant

1777 3537 1963 3601 illum
1995 3539 2180 3602 esse⁴
2213 3550 2605 3603 venturum:
2647 3549 2719 3603 et
2749 3560 2985 3603 omnes

1778 3627 1891 3708 qui
1924 3627 2032 3709 pie
2062 3626 2380 3691 vivebant
2411 3627 2726 3692 dicebant
2753 3648 2770 3694 :
2823 3629 2888 3694 O
2935 3628 2985 3690 si

1779 3713 1885 3778 hic
1907 3735 2015 3778 me
2035 3713 2451 3779 inveniatilla
2474 3715 2814 3781 nativitas
2850 3717 2914 3782 O
2935 3716 2986 3779 si

1780 3803 1960 3885 quod
1991 3805 2192 3867 credo
2237 3805 2304 3866 in
2335 3804 2680 3887 scripturis
2709 3805 2868 3870 dei:
2899 3805 2990 3870 vi·
3017 3865 3023 3870 .

1779 3893 1978 3956 deam
2010 3891 2216 3956 oculis
2249 3892 2431 3955 meiS.
2523 3891 2616 3956 Et
2665 3902 2740 3956 ut
2787 3913 2992 3958 nove-
3077 3975 3079 3980 Ι

1781 3981 1923 4044 ritis
1972 3980 2280 4062 antiquos
2335 3990 2602 4044 sanctos
2657 3991 2727 4046 et
2773 3982 2993 4063 justos

1779 4080 2046 4152 optasse
2077 4069 2336 4132 videre:
2384 4071 2564 4151 quod
2597 4089 2990 4138 concessum

1779 4167 1882 4222 est
1911 4157 2064 4220 huic
2095 4157 2235 4220 seni
2281 4158 2584 4238 symeoni
2615 4179 2630 4222 :
2678 4159 2992 4224 dominus
3077 4179 3079 4182 ⁴

1779 4246 1865 4310 ad
1913 4245 2276 4328 discipulos
2324 4245 2531 4310 dicit:
2581 4247 2788 4312 Multi
2832 4249 2987 4331 justi

1885 4471 2199 4521 'cnsti2Cn
2419 4469 2926 4524 ⁴·esse’om.=s.
