<?xml version="1.0" encoding="UTF-8"?>
<!DOCTYPE html PUBLIC "-//W3C//DTD XHTML 1.0 Transitional//EN"
    "http://www.w3.org/TR/xhtml1/DTD/xhtml1-transitional.dtd">
<html xmlns="http://www.w3.org/1999/xhtml" xml:lang="en" lang="en">
 <head>
  <title>
</title>
<meta http-equiv="Content-Type" content="text/html;charset=utf-8" />
  <meta name='ocr-system' content='tesseract 3.04.00' />
  <meta name='ocr-capabilities' content='ocr_page ocr_carea ocr_par ocr_line ocrx_word'/>
</head>
<body>
  <div class='ocr_page' id='page_1' title='image "breviariumadusu03yorkgoog_0323.png"; bbox 0 0 3117 4959; ppageno 0'>
   <div class='ocr_carea' id='block_1_1' title="bbox 1450 235 2127 292">
    <p class='ocr_par' dir='ltr' id='par_1_1' title="bbox 1450 235 2127 292">
     <span class='ocr_line' id='line_1_1' title="bbox 1450 235 2127 292; baseline 0 -2"><span class='ocrx_word' id='word_1_1' title='bbox 1450 236 1512 290; x_wconf 87' lang='lat' dir='ltr'><strong>S.</strong></span> <span class='ocrx_word' id='word_1_2' title='bbox 1562 235 1843 292; x_wconf 80' lang='lat' dir='ltr'><em>MARCJ</em></span> <span class='ocrx_word' id='word_1_3' title='bbox 1883 235 2127 291; x_wconf 78' lang='lat' dir='ltr'><strong>PAPE.</strong></span> 
     </span>
    </p>
   </div>
   <div class='ocr_carea' id='block_1_2' title="bbox 1012 343 1191 406">
    <p class='ocr_par' dir='ltr' id='par_1_2' title="bbox 1012 343 1191 406">
     <span class='ocr_line' id='line_1_2' title="bbox 1012 343 1191 406; baseline -0.045 0"><span class='ocrx_word' id='word_1_4' title='bbox 1012 401 1017 406; x_wconf 80' lang='grc'><strong>.</strong></span> <span class='ocrx_word' id='word_1_5' title='bbox 1056 343 1191 399; x_wconf 78' lang='grc'><strong>601</strong></span> 
     </span>
    </p>
   </div>
   <div class='ocr_carea' id='block_1_3' title="bbox 515 449 1726 4240">
    <p class='ocr_par' dir='ltr' id='par_1_3' title="bbox 515 449 1726 4240">
     <span class='ocr_line' id='line_1_3' title="bbox 519 449 1719 532; baseline -0.003 -15"><span class='ocrx_word' id='word_1_6' title='bbox 519 449 798 517; x_wconf 89' lang='lat' dir='ltr'><strong>domino</strong></span> <span class='ocrx_word' id='word_1_7' title='bbox 843 469 1325 532; x_wconf 84' lang='lat' dir='ltr'>consequamur</span> <span class='ocrx_word' id='word_1_8' title='bbox 1365 450 1719 515; x_wconf 88' lang='lat' dir='ltr'><strong>consortia.</strong></span> 
     </span>
     <span class='ocr_line' id='line_1_4' title="bbox 518 539 1721 623; baseline -0.002 -18"><span class='ocrx_word' id='word_1_9' title='bbox 518 539 963 623; x_wconf 82' lang='lat' dir='ltr'>Temporibus</span> <span class='ocrx_word' id='word_1_10' title='bbox 990 539 1393 603; x_wconf 88' lang='lat' dir='ltr'><strong>constantini</strong></span> <span class='ocrx_word' id='word_1_11' title='bbox 1438 539 1721 622; x_wconf 90' lang='lat' dir='ltr'><strong>impera-</strong></span> 
     </span>
     <span class='ocr_line' id='line_1_5' title="bbox 517 626 1726 694; baseline -0.002 -1"><span class='ocrx_word' id='word_1_12' title='bbox 517 629 679 694; x_wconf 89' lang='lat' dir='ltr'><strong>toris</strong></span> <span class='ocrx_word' id='word_1_13' title='bbox 732 636 1002 692; x_wconf 89' lang='lat' dir='ltr'><strong>sanctus</strong></span> <span class='ocrx_word' id='word_1_14' title='bbox 1052 646 1311 691; x_wconf 89' lang='lat' dir='ltr'><strong>marcus</strong></span> <span class='ocrx_word' id='word_1_15' title='bbox 1350 626 1582 691; x_wconf 88' lang='lat' dir='ltr'><strong>florere</strong></span> <span class='ocrx_word' id='word_1_16' title='bbox 1615 647 1726 691; x_wconf 88' lang='lat' dir='ltr'><strong>ce·</strong></span> 
     </span>
     <span class='ocr_line' id='line_1_6' title="bbox 515 714 1724 801; baseline -0.003 -19"><span class='ocrx_word' id='word_1_17' title='bbox 515 717 653 801; x_wconf 87' lang='lat' dir='ltr'><strong>pit:</strong></span> <span class='ocrx_word' id='word_1_18' title='bbox 698 714 985 779; x_wconf 85' lang='lat' dir='ltr'><strong>fructum</strong></span> <span class='ocrx_word' id='word_1_19' title='bbox 1015 714 1283 779; x_wconf 88' lang='lat' dir='ltr'><strong>honoris</strong></span> <span class='ocrx_word' id='word_1_20' title='bbox 1314 725 1383 779; x_wconf 92' lang='lat' dir='ltr'><strong>et</strong></span> <span class='ocrx_word' id='word_1_21' title='bbox 1414 716 1724 780; x_wconf 88' lang='lat' dir='ltr'><strong>honesta-</strong></span> 
     </span>
     <span class='ocr_line' id='line_1_7' title="bbox 519 803 1720 888; baseline -0.002 -19"><span class='ocrx_word' id='word_1_22' title='bbox 519 807 605 870; x_wconf 91' lang='lat' dir='ltr'><strong>tis</strong></span> <span class='ocrx_word' id='word_1_23' title='bbox 637 803 923 887; x_wconf 82' lang='lat' dir='ltr'><strong>proferre</strong></span> <span class='ocrx_word' id='word_1_24' title='bbox 954 803 1224 867; x_wconf 85' lang='lat' dir='ltr'><strong>studuit.</strong></span> <span class='ocrx_word' id='word_1_25' title='bbox 1402 803 1622 867; x_wconf 84' lang='lat' dir='ltr'><em>Lectio</em></span> <span class='ocrx_word' id='word_1_26' title='bbox 1654 803 1720 888; x_wconf 59' lang='lat' dir='ltr'><strong>ij.</strong></span> 
     </span>
     <span class='ocr_line' id='line_1_8' title="bbox 707 892 1722 974; baseline -0.001 -18"><span class='ocrx_word' id='word_1_27' title='bbox 707 892 1041 956; x_wconf 88' lang='lat' dir='ltr'><strong>atissimus</strong></span> <span class='ocrx_word' id='word_1_28' title='bbox 1073 911 1250 974; x_wconf 90' lang='lat' dir='ltr'><strong>papa</strong></span> <span class='ocrx_word' id='word_1_29' title='bbox 1280 911 1539 956; x_wconf 89' lang='lat' dir='ltr'><strong>marcus</strong></span> <span class='ocrx_word' id='word_1_30' title='bbox 1562 893 1722 974; x_wconf 85' lang='lat' dir='ltr'><strong>quia</strong></span> 
     </span>
     <span class='ocr_line' id='line_1_9' title="bbox 670 978 1722 1044; baseline 0 -1"><span class='ocrx_word' id='word_1_31' title='bbox 670 980 943 1044; x_wconf 82' lang='lat' dir='ltr'><strong>feliciter</strong></span> <span class='ocrx_word' id='word_1_32' title='bbox 991 978 1316 1044; x_wconf 91' lang='lat' dir='ltr'><strong>laboravit</strong></span> <span class='ocrx_word' id='word_1_33' title='bbox 1346 990 1506 1044; x_wconf 88' lang='lat' dir='ltr'><strong>ante</strong></span> <span class='ocrx_word' id='word_1_34' title='bbox 1535 979 1722 1044; x_wconf 90' lang='lat' dir='ltr'><strong>thro-</strong></span> 
     </span>
     <span class='ocr_line' id='line_1_10' title="bbox 528 1067 1722 1133; baseline 0 -1"><span class='ocrx_word' id='word_1_35' title='bbox 528 1088 686 1132; x_wconf 90' lang='lat' dir='ltr'><strong>num</strong></span> <span class='ocrx_word' id='word_1_36' title='bbox 716 1067 1083 1132; x_wconf 88' lang='lat' dir='ltr'><strong>divinitatis</strong></span> <span class='ocrx_word' id='word_1_37' title='bbox 1130 1079 1355 1132; x_wconf 90' lang='lat' dir='ltr'><strong>eterne</strong></span> <span class='ocrx_word' id='word_1_38' title='bbox 1386 1077 1564 1133; x_wconf 90' lang='lat' dir='ltr'><strong>astat</strong></span> <span class='ocrx_word' id='word_1_39' title='bbox 1595 1067 1722 1132; x_wconf 89' lang='lat' dir='ltr'><strong>im·-</strong></span> 
     </span>
     <span class='ocr_line' id='line_1_11' title="bbox 526 1156 1724 1238; baseline -0.002 -18"><span class='ocrx_word' id='word_1_40' title='bbox 526 1157 937 1221; x_wconf 87' lang='lat' dir='ltr'><strong>maculatus:</strong></span> <span class='ocrx_word' id='word_1_41' title='bbox 984 1165 1417 1238; x_wconf 79' lang='lat' dir='ltr'><strong>sanctamque</strong></span> <span class='ocrx_word' id='word_1_42' title='bbox 1464 1156 1724 1221; x_wconf 85' lang='lat' dir='ltr'><strong>trinita&#39;-</strong></span> 
     </span>
     <span class='ocr_line' id='line_1_12' title="bbox 525 1243 1722 1327; baseline -0.001 -18"><span class='ocrx_word' id='word_1_43' title='bbox 525 1255 661 1310; x_wconf 90' lang='lat' dir='ltr'><strong>tem</strong></span> <span class='ocrx_word' id='word_1_44' title='bbox 694 1265 845 1309; x_wconf 92' lang='lat' dir='ltr'><strong>cum</strong></span> <span class='ocrx_word' id='word_1_45' title='bbox 895 1243 1111 1308; x_wconf 90' lang='lat' dir='ltr'><strong>choris</strong></span> <span class='ocrx_word' id='word_1_46' title='bbox 1140 1244 1459 1327; x_wconf 86' lang='lat' dir='ltr'>angelicis</span> <span class='ocrx_word' id='word_1_47' title='bbox 1490 1244 1722 1308; x_wconf 91' lang='lat' dir='ltr'><strong>laudat</strong></span> 
     </span>
     <span class='ocr_line' id='line_1_13' title="bbox 525 1332 1722 1398; baseline 0.001 -2"><span class='ocrx_word' id='word_1_48' title='bbox 525 1333 955 1398; x_wconf 69' lang='lat' dir='ltr'><strong>felicissimus</strong></span> <span class='ocrx_word' id='word_1_49' title='bbox 1071 1333 1148 1396; x_wconf 91' lang='lat' dir='ltr'><strong>In</strong></span> <span class='ocrx_word' id='word_1_50' title='bbox 1210 1332 1335 1398; x_wconf 89' lang='lat' dir='ltr'><strong>hac</strong></span> <span class='ocrx_word' id='word_1_51' title='bbox 1395 1334 1534 1396; x_wconf 89' lang='lat' dir='ltr'><strong>vita</strong></span> <span class='ocrx_word' id='word_1_52' title='bbox 1595 1332 1722 1397; x_wconf 88' lang='lat' dir='ltr'><strong>hoc</strong></span> 
     </span>
     <span class='ocr_line' id='line_1_14' title="bbox 524 1420 1721 1505; baseline -0.003 -19"><span class='ocrx_word' id='word_1_53' title='bbox 524 1423 660 1505; x_wconf 89' lang='lat' dir='ltr'><strong>egit</strong></span> <span class='ocrx_word' id='word_1_54' title='bbox 689 1443 703 1486; x_wconf 91' lang='lat'>:</span> <span class='ocrx_word' id='word_1_55' title='bbox 752 1430 827 1485; x_wconf 91' lang='lat' dir='ltr'><strong>ut</strong></span> <span class='ocrx_word' id='word_1_56' title='bbox 856 1421 977 1485; x_wconf 90' lang='lat' dir='ltr'><strong>soli</strong></span> <span class='ocrx_word' id='word_1_57' title='bbox 1011 1420 1141 1484; x_wconf 90' lang='lat' dir='ltr'><strong>deo</strong></span> <span class='ocrx_word' id='word_1_58' title='bbox 1171 1420 1463 1503; x_wconf 83' lang='lat' dir='ltr'>placeret</span> <span class='ocrx_word' id='word_1_59' title='bbox 1491 1441 1505 1483; x_wconf 92' lang='lat'>:</span> <span class='ocrx_word' id='word_1_60' title='bbox 1561 1423 1721 1485; x_wconf 89' lang='lat' dir='ltr'><strong>deo-</strong></span> 
     </span>
     <span class='ocr_line' id='line_1_15' title="bbox 522 1508 1720 1591; baseline -0.002 -17"><span class='ocrx_word' id='word_1_61' title='bbox 522 1531 653 1591; x_wconf 89' lang='lat' dir='ltr'><strong>que</strong></span> <span class='ocrx_word' id='word_1_62' title='bbox 704 1509 1081 1574; x_wconf 79' lang='lat' dir='ltr'>eternaliter</span> <span class='ocrx_word' id='word_1_63' title='bbox 1127 1509 1393 1574; x_wconf 88' lang='lat' dir='ltr'><strong>viveret.</strong></span> <span class='ocrx_word' id='word_1_64' title='bbox 1506 1508 1596 1572; x_wconf 89' lang='lat' dir='ltr'><strong>Et</strong></span> <span class='ocrx_word' id='word_1_65' title='bbox 1647 1519 1720 1573; x_wconf 93' lang='lat' dir='ltr'><strong>ut</strong></span> 
     </span>
     <span class='ocr_line' id='line_1_16' title="bbox 522 1596 1723 1680; baseline -0.002 -18"><span class='ocrx_word' id='word_1_66' title='bbox 522 1598 933 1662; x_wconf 82' lang='lat' dir='ltr'><strong>dilectissimi</strong></span> <span class='ocrx_word' id='word_1_67' title='bbox 979 1598 1107 1662; x_wconf 93' lang='lat' dir='ltr'><strong>deo</strong></span> <span class='ocrx_word' id='word_1_68' title='bbox 1152 1596 1533 1680; x_wconf 85' lang='lat' dir='ltr'><strong>placeamus</strong></span> <span class='ocrx_word' id='word_1_69' title='bbox 1562 1598 1723 1661; x_wconf 90' lang='lat' dir='ltr'><strong>deo-</strong></span> 
     </span>
     <span class='ocr_line' id='line_1_17' title="bbox 522 1686 1718 1769; baseline -0.002 -19"><span class='ocrx_word' id='word_1_70' title='bbox 522 1706 652 1769; x_wconf 90' lang='lat' dir='ltr'><strong>que</strong></span> <span class='ocrx_word' id='word_1_71' title='bbox 699 1687 1037 1751; x_wconf 89' lang='lat' dir='ltr'><strong>vivamus:</strong></span> <span class='ocrx_word' id='word_1_72' title='bbox 1087 1704 1438 1768; x_wconf 79' lang='lat' dir='ltr'><strong>operemur</strong></span> <span class='ocrx_word' id='word_1_73' title='bbox 1468 1686 1718 1748; x_wconf 90' lang='lat' dir='ltr'><strong>bonum</strong></span> 
     </span>
     <span class='ocr_line' id='line_1_18' title="bbox 522 1772 1719 1840; baseline -0.002 -3"><span class='ocrx_word' id='word_1_74' title='bbox 522 1776 609 1838; x_wconf 85' lang='lat' dir='ltr'><strong>ad</strong></span> <span class='ocrx_word' id='word_1_75' title='bbox 663 1795 941 1840; x_wconf 90' lang='lat' dir='ltr'><strong>omnes:</strong></span> <span class='ocrx_word' id='word_1_76' title='bbox 992 1775 1287 1838; x_wconf 88' lang='lat' dir='ltr'><strong>maxime</strong></span> <span class='ocrx_word' id='word_1_77' title='bbox 1345 1784 1571 1838; x_wconf 89' lang='lat' dir='ltr'><strong>autem</strong></span> <span class='ocrx_word' id='word_1_78' title='bbox 1634 1772 1719 1836; x_wconf 92' lang='lat' dir='ltr'><strong>ad</strong></span> 
     </span>
     <span class='ocr_line' id='line_1_19' title="bbox 525 1861 1720 1944; baseline -0.002 -18"><span class='ocrx_word' id='word_1_79' title='bbox 525 1863 927 1928; x_wconf 89' lang='lat' dir='ltr'><strong>domesticos</strong></span> <span class='ocrx_word' id='word_1_80' title='bbox 958 1862 1129 1926; x_wconf 86' lang='lat' dir='ltr'><strong>fidei.</strong></span> <span class='ocrx_word' id='word_1_81' title='bbox 1376 1861 1594 1925; x_wconf 85' lang='lat' dir='ltr'><strong>Lectio</strong></span> <span class='ocrx_word' id='word_1_82' title='bbox 1623 1863 1720 1944; x_wconf 60' lang='lat' dir='ltr'><strong>its.</strong></span> 
     </span>
     <span class='ocr_line' id='line_1_20' title="bbox 519 1948 1720 2084; baseline -0.001 -69"><span class='ocrx_word' id='word_1_83' title='bbox 519 1955 675 2084; x_wconf 82' lang='grc' dir='ltr'><em>Α</em></span> <span class='ocrx_word' id='word_1_84' title='bbox 688 1950 731 2014; x_wconf 92' lang='lat' dir='ltr'><strong>d</strong></span> <span class='ocrx_word' id='word_1_85' title='bbox 766 1950 891 2014; x_wconf 90' lang='lat' dir='ltr'><strong>hoc</strong></span> <span class='ocrx_word' id='word_1_86' title='bbox 926 1951 1150 2032; x_wconf 89' lang='lat' dir='ltr'><strong>itaque</strong></span> <span class='ocrx_word' id='word_1_87' title='bbox 1193 1950 1401 2013; x_wconf 89' lang='lat' dir='ltr'><strong>simus</strong></span> <span class='ocrx_word' id='word_1_88' title='bbox 1438 1948 1672 2013; x_wconf 88' lang='lat' dir='ltr'><strong>soliciti</strong></span> <span class='ocrx_word' id='word_1_89' title='bbox 1705 1972 1720 2014; x_wconf 76' lang='grc' dir='ltr'>ε</span> 
     </span>
     <span class='ocr_line' id='line_1_21' title="bbox 688 2038 1720 2119; baseline -0.001 -17"><span class='ocrx_word' id='word_1_90' title='bbox 688 2050 755 2104; x_wconf 91' lang='lat' dir='ltr'><strong>et</strong></span> <span class='ocrx_word' id='word_1_91' title='bbox 788 2049 861 2104; x_wconf 93' lang='lat' dir='ltr'><strong>ut</strong></span> <span class='ocrx_word' id='word_1_92' title='bbox 890 2040 1267 2102; x_wconf 88' lang='lat' dir='ltr'><strong>veneranda</strong></span> <span class='ocrx_word' id='word_1_93' title='bbox 1314 2058 1517 2119; x_wconf 90' lang='lat' dir='ltr'><strong>quam</strong></span> <span class='ocrx_word' id='word_1_94' title='bbox 1559 2038 1720 2101; x_wconf 89' lang='lat' dir='ltr'><strong>coli-</strong></span> 
     </span>
     <span class='ocr_line' id='line_1_22' title="bbox 522 2126 1722 2208; baseline 0 -18"><span class='ocrx_word' id='word_1_95' title='bbox 522 2147 671 2190; x_wconf 89' lang='lat' dir='ltr'><strong>mus</strong></span> <span class='ocrx_word' id='word_1_96' title='bbox 717 2126 1079 2190; x_wconf 87' lang='lat' dir='ltr'><strong>beatissimi</strong></span> <span class='ocrx_word' id='word_1_97' title='bbox 1141 2144 1315 2208; x_wconf 89' lang='lat' dir='ltr'><strong>pape</strong></span> <span class='ocrx_word' id='word_1_98' title='bbox 1366 2126 1570 2189; x_wconf 90' lang='lat' dir='ltr'><strong>marci</strong></span> <span class='ocrx_word' id='word_1_99' title='bbox 1616 2147 1722 2190; x_wconf 89' lang='lat' dir='ltr'><strong>so-</strong></span> 
     </span>
     <span class='ocr_line' id='line_1_23' title="bbox 522 2214 1722 2279; baseline 0 -1"><span class='ocrx_word' id='word_1_100' title='bbox 522 2215 848 2279; x_wconf 88' lang='lat' dir='ltr'><strong>lennitas:</strong></span> <span class='ocrx_word' id='word_1_101' title='bbox 895 2214 1318 2277; x_wconf 90' lang='lat' dir='ltr'><strong>devotionem</strong></span> <span class='ocrx_word' id='word_1_102' title='bbox 1366 2215 1557 2277; x_wconf 89' lang='lat' dir='ltr'><strong>nobis</strong></span> <span class='ocrx_word' id='word_1_103' title='bbox 1606 2235 1722 2278; x_wconf 87' lang='lat' dir='ltr'><strong>au·</strong></span> 
     </span>
     <span class='ocr_line' id='line_1_24' title="bbox 521 2301 1720 2385; baseline -0.002 -18"><span class='ocrx_word' id='word_1_104' title='bbox 521 2312 678 2385; x_wconf 89' lang='lat' dir='ltr'><strong>geat</strong></span> <span class='ocrx_word' id='word_1_105' title='bbox 709 2312 775 2367; x_wconf 90' lang='lat' dir='ltr'><strong>et</strong></span> <span class='ocrx_word' id='word_1_106' title='bbox 808 2301 1110 2366; x_wconf 89' lang='lat' dir='ltr'><strong>salutem.</strong></span> <span class='ocrx_word' id='word_1_107' title='bbox 1172 2301 1410 2366; x_wconf 80' lang='lat' dir='ltr'><strong>Assint</strong></span> <span class='ocrx_word' id='word_1_108' title='bbox 1440 2311 1509 2366; x_wconf 92' lang='lat' dir='ltr'><strong>et</strong></span> <span class='ocrx_word' id='word_1_109' title='bbox 1529 2302 1720 2366; x_wconf 91' lang='lat' dir='ltr'><strong>nobis</strong></span> 
     </span>
     <span class='ocr_line' id='line_1_25' title="bbox 520 2389 1718 2473; baseline 0 -19"><span class='ocrx_word' id='word_1_110' title='bbox 520 2401 901 2456; x_wconf 87' lang='lat' dir='ltr'><strong>sanctorum</strong></span> <span class='ocrx_word' id='word_1_111' title='bbox 980 2389 1269 2454; x_wconf 89' lang='lat' dir='ltr'><strong>marcelli</strong></span> <span class='ocrx_word' id='word_1_112' title='bbox 1353 2400 1421 2454; x_wconf 93' lang='lat' dir='ltr'><strong>et</strong></span> <span class='ocrx_word' id='word_1_113' title='bbox 1497 2390 1718 2473; x_wconf 88' lang='lat' dir='ltr'><strong>apulei</strong></span> 
     </span>
     <span class='ocr_line' id='line_1_26' title="bbox 522 2477 1723 2562; baseline -0.002 -19"><span class='ocrx_word' id='word_1_114' title='bbox 522 2488 890 2561; x_wconf 88' lang='lat' dir='ltr'><strong>martyrum</strong></span> <span class='ocrx_word' id='word_1_115' title='bbox 933 2477 1294 2560; x_wconf 74' lang='lat' dir='ltr'><strong>Juvamina.</strong></span> <span class='ocrx_word' id='word_1_116' title='bbox 1388 2479 1524 2560; x_wconf 87' lang='lat' dir='ltr'><strong>Ipsi</strong></span> <span class='ocrx_word' id='word_1_117' title='bbox 1575 2479 1723 2562; x_wconf 90' lang='lat' dir='ltr'><strong>qui-</strong></span> 
     </span>
     <span class='ocr_line' id='line_1_27' title="bbox 520 2566 1720 2649; baseline 0 -18"><span class='ocrx_word' id='word_1_118' title='bbox 520 2568 675 2631; x_wconf 89' lang='lat' dir='ltr'><strong>dem</strong></span> <span class='ocrx_word' id='word_1_119' title='bbox 727 2566 997 2649; x_wconf 86' lang='lat' dir='ltr'><strong>maligni</strong></span> <span class='ocrx_word' id='word_1_120' title='bbox 1048 2566 1323 2630; x_wconf 87' lang='lat' dir='ltr'><strong>simonis</strong></span> <span class='ocrx_word' id='word_1_121' title='bbox 1374 2567 1549 2649; x_wconf 90' lang='lat' dir='ltr'><strong>magi</strong></span> <span class='ocrx_word' id='word_1_122' title='bbox 1598 2566 1720 2631; x_wconf 87' lang='lat' dir='ltr'><strong>ali·</strong></span> 
     </span>
     <span class='ocr_line' id='line_1_28' title="bbox 521 2654 1715 2738; baseline -0.002 -18"><span class='ocrx_word' id='word_1_123' title='bbox 521 2657 792 2737; x_wconf 90' lang='lat' dir='ltr'><strong>quando</strong></span> <span class='ocrx_word' id='word_1_124' title='bbox 851 2655 1155 2738; x_wconf 90' lang='lat' dir='ltr'><strong>discipuli</strong></span> <span class='ocrx_word' id='word_1_125' title='bbox 1216 2654 1529 2720; x_wconf 89' lang='lat' dir='ltr'><strong>suerunt:</strong></span> <span class='ocrx_word' id='word_1_126' title='bbox 1599 2655 1715 2718; x_wconf 89' lang='lat' dir='ltr'><strong>sed</strong></span> 
     </span>
     <span class='ocr_line' id='line_1_29' title="bbox 520 2743 1716 2827; baseline -0.002 -19"><span class='ocrx_word' id='word_1_127' title='bbox 520 2746 746 2809; x_wconf 89' lang='lat' dir='ltr'><strong>divina</strong></span> <span class='ocrx_word' id='word_1_128' title='bbox 828 2745 1190 2827; x_wconf 85' lang='lat' dir='ltr'><strong>inspirante</strong></span> <span class='ocrx_word' id='word_1_129' title='bbox 1264 2743 1479 2826; x_wconf 91' lang='lat' dir='ltr'><strong>gratia</strong></span> <span class='ocrx_word' id='word_1_130' title='bbox 1554 2744 1716 2806; x_wconf 91' lang='lat' dir='ltr'><strong>dum</strong></span> 
     </span>
     <span class='ocr_line' id='line_1_30' title="bbox 518 2831 1716 2914; baseline -0.002 -18"><span class='ocrx_word' id='word_1_131' title='bbox 518 2835 655 2898; x_wconf 91' lang='lat' dir='ltr'><strong>vite</strong></span> <span class='ocrx_word' id='word_1_132' title='bbox 703 2833 905 2897; x_wconf 92' lang='lat' dir='ltr'><strong>verba</strong></span> <span class='ocrx_word' id='word_1_133' title='bbox 950 2853 1039 2896; x_wconf 87' lang='lat' dir='ltr'><strong>ex</strong></span> <span class='ocrx_word' id='word_1_134' title='bbox 1084 2852 1197 2895; x_wconf 91' lang='lat' dir='ltr'><strong>ore</strong></span> <span class='ocrx_word' id='word_1_135' title='bbox 1229 2833 1397 2914; x_wconf 88' lang='lat' dir='ltr'><strong>petri</strong></span> <span class='ocrx_word' id='word_1_136' title='bbox 1430 2831 1716 2913; x_wconf 88' lang='lat' dir='ltr'><strong>apostoli</strong></span> 
     </span>
     <span class='ocr_line' id='line_1_31' title="bbox 519 2924 1716 3002; baseline -0.003 -16"><span class='ocrx_word' id='word_1_137' title='bbox 519 2924 905 2987; x_wconf 89' lang='lat' dir='ltr'><strong>audierunt:</strong></span> <span class='ocrx_word' id='word_1_138' title='bbox 938 2939 1284 3002; x_wconf 89' lang='lat' dir='ltr'><strong>symonem</strong></span> <span class='ocrx_word' id='word_1_139' title='bbox 1318 2939 1586 3001; x_wconf 89' lang='lat' dir='ltr'><strong>magum</strong></span> <span class='ocrx_word' id='word_1_140' title='bbox 1616 2941 1716 2982; x_wconf 90' lang='lat' dir='ltr'><strong>re-</strong></span> 
     </span>
     <span class='ocr_line' id='line_1_32' title="bbox 522 3005 1716 3094; baseline -0.005 -18"><span class='ocrx_word' id='word_1_141' title='bbox 522 3011 893 3094; x_wconf 90' lang='lat' dir='ltr'><strong>liquerunt:</strong></span> <span class='ocrx_word' id='word_1_142' title='bbox 940 3019 1007 3072; x_wconf 92' lang='lat' dir='ltr'><strong>et</strong></span> <span class='ocrx_word' id='word_1_143' title='bbox 1038 3017 1229 3091; x_wconf 90' lang='lat' dir='ltr'><strong>petro</strong></span> <span class='ocrx_word' id='word_1_144' title='bbox 1260 3005 1568 3092; x_wconf 89' lang='lat' dir='ltr'><strong>apostolo</strong></span> <span class='ocrx_word' id='word_1_145' title='bbox 1598 3007 1716 3071; x_wconf 89' lang='lat' dir='ltr'><strong>ad·</strong></span> 
     </span>
     <span class='ocr_line' id='line_1_33' title="bbox 518 3096 1718 3180; baseline -0.006 -16"><span class='ocrx_word' id='word_1_146' title='bbox 518 3099 861 3166; x_wconf 86' lang='lat' dir='ltr'><strong>herentes:</strong></span> <span class='ocrx_word' id='word_1_147' title='bbox 910 3117 1025 3180; x_wconf 90' lang='lat' dir='ltr'><strong>per</strong></span> <span class='ocrx_word' id='word_1_148' title='bbox 1056 3097 1443 3178; x_wconf 85' lang='lat' dir='ltr'><strong>martyrium</strong></span> <span class='ocrx_word' id='word_1_149' title='bbox 1477 3096 1718 3178; x_wconf 90' lang='lat' dir='ltr'><strong>migra-</strong></span> 
     </span>
     <span class='ocr_line' id='line_1_34' title="bbox 520 3184 1716 3267; baseline -0.004 -16"><span class='ocrx_word' id='word_1_150' title='bbox 520 3196 755 3251; x_wconf 89' lang='lat' dir='ltr'><strong>verunt</strong></span> <span class='ocrx_word' id='word_1_151' title='bbox 809 3188 895 3251; x_wconf 74' lang='lat' dir='ltr'><strong>ad</strong></span> <span class='ocrx_word' id='word_1_152' title='bbox 942 3205 1095 3250; x_wconf 89' lang='lat' dir='ltr'><strong>eum</strong></span> <span class='ocrx_word' id='word_1_153' title='bbox 1129 3186 1240 3267; x_wconf 91' lang='lat' dir='ltr'><strong>qui</strong></span> <span class='ocrx_word' id='word_1_154' title='bbox 1273 3184 1437 3248; x_wconf 89' lang='lat' dir='ltr'><strong>vivit</strong></span> <span class='ocrx_word' id='word_1_155' title='bbox 1468 3192 1537 3246; x_wconf 91' lang='lat' dir='ltr'><strong>et</strong></span> <span class='ocrx_word' id='word_1_156' title='bbox 1570 3205 1716 3266; x_wconf 87' lang='lat' dir='ltr'><strong>per-</strong></span> 
     </span>
     <span class='ocr_line' id='line_1_35' title="bbox 522 3271 1716 3340; baseline -0.004 -1"><span class='ocrx_word' id='word_1_157' title='bbox 522 3284 748 3339; x_wconf 89' lang='lat' dir='ltr'><strong>manet</strong></span> <span class='ocrx_word' id='word_1_158' title='bbox 782 3276 845 3337; x_wconf 89' lang='lat' dir='ltr'><strong>in</strong></span> <span class='ocrx_word' id='word_1_159' title='bbox 880 3273 1119 3337; x_wconf 89' lang='lat' dir='ltr'><strong>secula.</strong></span> <span class='ocrx_word' id='word_1_160' title='bbox 1200 3271 1419 3340; x_wconf 82' lang='lat' dir='ltr'><strong>Cetera</strong></span> <span class='ocrx_word' id='word_1_161' title='bbox 1448 3271 1527 3334; x_wconf 84' lang='lat' dir='ltr'><strong>de</strong></span> <span class='ocrx_word' id='word_1_162' title='bbox 1554 3292 1716 3334; x_wconf 88' lang='lat' dir='ltr'><strong>com-</strong></span> 
     </span>
     <span class='ocr_line' id='line_1_36' title="bbox 520 3359 1715 3461; baseline -0.007 -31"><span class='ocrx_word' id='word_1_163' title='bbox 520 3364 710 3430; x_wconf 81' lang='lat' dir='ltr'><strong>muni</strong></span> <span class='ocrx_word' id='word_1_164' title='bbox 736 3363 933 3425; x_wconf 82' lang='lat' dir='ltr'><strong>unius</strong></span> <span class='ocrx_word' id='word_1_165' title='bbox 960 3361 1336 3441; x_wconf 81' lang='lat' dir='ltr'><strong>confessoris</strong></span> <span class='ocrx_word' id='word_1_166' title='bbox 1370 3359 1715 3461; x_wconf 59' lang='lat' dir='ltr'><strong>pontific-2255</strong></span> 
     </span>
     <span class='ocr_line' id='line_1_37' title="bbox 524 3447 1714 3530; baseline -0.003 -16"><span class='ocrx_word' id='word_1_167' title='bbox 524 3456 588 3529; x_wconf 60' lang='lat' dir='ltr'>ff</span> <span class='ocrx_word' id='word_1_168' title='bbox 638 3450 875 3514; x_wconf 86' lang='lat' dir='ltr'><strong>Sancte</strong></span> <span class='ocrx_word' id='word_1_169' title='bbox 892 3448 1153 3529; x_wconf 76' lang='lat' dir='ltr'><strong>pelagie.</strong></span> <span class='ocrx_word' id='word_1_170' title='bbox 1421 3447 1633 3512; x_wconf 82' lang='lat' dir='ltr'><strong>Lectio</strong></span> <span class='ocrx_word' id='word_1_171' title='bbox 1652 3449 1714 3530; x_wconf 86' lang='lat' dir='ltr'><strong>j.</strong></span> 
     </span>
     <span class='ocr_line' id='line_1_38' title="bbox 517 3535 1718 3672; baseline -0.003 -71"><span class='ocrx_word' id='word_1_172' title='bbox 517 3538 634 3672; x_wconf 63' lang='lat' dir='ltr'><em>S</em></span> <span class='ocrx_word' id='word_1_173' title='bbox 650 3537 1067 3601; x_wconf 88' lang='lat' dir='ltr'><strong>anctissimus</strong></span> <span class='ocrx_word' id='word_1_174' title='bbox 1136 3535 1485 3619; x_wconf 79' lang='lat' dir='ltr'><strong>episcopus</strong></span> <span class='ocrx_word' id='word_1_175' title='bbox 1545 3536 1718 3599; x_wconf 89' lang='lat' dir='ltr'><strong>anti-</strong></span> 
     </span>
     <span class='ocr_line' id='line_1_39' title="bbox 646 3624 1717 3688; baseline -0.001 0"><span class='ocrx_word' id='word_1_176' title='bbox 646 3625 837 3688; x_wconf 91' lang='lat' dir='ltr'><strong>ochie</strong></span> <span class='ocrx_word' id='word_1_177' title='bbox 885 3624 1167 3688; x_wconf 88' lang='lat' dir='ltr'><strong>civitatis</strong></span> <span class='ocrx_word' id='word_1_178' title='bbox 1216 3625 1511 3688; x_wconf 88' lang='lat' dir='ltr'><strong>nonnus¹</strong></span> <span class='ocrx_word' id='word_1_179' title='bbox 1546 3625 1717 3687; x_wconf 78' lang='lat' dir='ltr'><strong>una²</strong></span> 
     </span>
     <span class='ocr_line' id='line_1_40' title="bbox 518 3712 1718 3795; baseline -0.005 -15"><span class='ocrx_word' id='word_1_180' title='bbox 518 3735 671 3780; x_wconf 91' lang='lat' dir='ltr'><strong>cum</strong></span> <span class='ocrx_word' id='word_1_181' title='bbox 707 3713 936 3777; x_wconf 89' lang='lat' dir='ltr'><strong>vicinis</strong></span> <span class='ocrx_word' id='word_1_182' title='bbox 982 3712 1311 3795; x_wconf 87' lang='lat' dir='ltr'><strong>episcopis</strong></span> <span class='ocrx_word' id='word_1_183' title='bbox 1355 3712 1440 3776; x_wconf 91' lang='lat' dir='ltr'><strong>ad</strong></span> <span class='ocrx_word' id='word_1_184' title='bbox 1489 3713 1718 3776; x_wconf 80' lang='lat' dir='ltr'><strong>civita·</strong></span> 
     </span>
     <span class='ocr_line' id='line_1_41' title="bbox 518 3799 1713 3870; baseline -0.005 -1"><span class='ocrx_word' id='word_1_185' title='bbox 518 3815 657 3870; x_wconf 90' lang='lat' dir='ltr'><strong>tem</strong></span> <span class='ocrx_word' id='word_1_186' title='bbox 725 3812 1043 3866; x_wconf 87' lang='lat' dir='ltr'><strong>vocatus:</strong></span> <span class='ocrx_word' id='word_1_187' title='bbox 1120 3801 1439 3864; x_wconf 88' lang='lat' dir='ltr'><strong>visionem</strong></span> <span class='ocrx_word' id='word_1_188' title='bbox 1504 3799 1713 3864; x_wconf 89' lang='lat' dir='ltr'><strong>relatu</strong></span> 
     </span>
     <span class='ocr_line' id='line_1_42' title="bbox 518 3887 1716 3976; baseline -0.006 -19"><span class='ocrx_word' id='word_1_189' title='bbox 518 3893 792 3976; x_wconf 85' lang='lat' dir='ltr'><strong>dignam</strong></span> <span class='ocrx_word' id='word_1_190' title='bbox 868 3889 1078 3954; x_wconf 90' lang='lat' dir='ltr'><strong>vidit:</strong></span> <span class='ocrx_word' id='word_1_191' title='bbox 1153 3907 1355 3972; x_wconf 89' lang='lat' dir='ltr'><strong>quam</strong></span> <span class='ocrx_word' id='word_1_192' title='bbox 1431 3887 1716 3952; x_wconf 88' lang='lat' dir='ltr'><strong>diacono</strong></span> 
     </span>
     <span class='ocr_line' id='line_1_43' title="bbox 518 3975 1712 4064; baseline -0.005 -19"><span class='ocrx_word' id='word_1_193' title='bbox 518 4002 641 4045; x_wconf 91' lang='lat' dir='ltr'><strong>suo</strong></span> <span class='ocrx_word' id='word_1_194' title='bbox 675 3979 918 4064; x_wconf 88' lang='lat' dir='ltr'><strong>jacobo</strong></span> <span class='ocrx_word' id='word_1_195' title='bbox 971 3977 1075 4040; x_wconf 88' lang='lat' dir='ltr'><strong>his</strong></span> <span class='ocrx_word' id='word_1_196' title='bbox 1120 3975 1337 4041; x_wconf 87' lang='lat' dir='ltr'><strong>verbis</strong></span> <span class='ocrx_word' id='word_1_197' title='bbox 1380 3975 1712 4041; x_wconf 86' lang='lat' dir='ltr'><strong>revelavit.</strong></span> 
     </span>
     <span class='ocr_line' id='line_1_44' title="bbox 521 4064 1716 4134; baseline -0.004 -2"><span class='ocrx_word' id='word_1_198' title='bbox 521 4069 677 4134; x_wconf 89' lang='lat' dir='ltr'><strong>Post</strong></span> <span class='ocrx_word' id='word_1_199' title='bbox 709 4077 1063 4133; x_wconf 85' lang='lat' dir='ltr'><strong>nocturnas</strong></span> <span class='ocrx_word' id='word_1_200' title='bbox 1094 4064 1425 4128; x_wconf 84' lang='lat' dir='ltr'><strong>orationes</strong></span> <span class='ocrx_word' id='word_1_201' title='bbox 1455 4065 1565 4128; x_wconf 89' lang='lat' dir='ltr'><strong>die</strong></span> <span class='ocrx_word' id='word_1_202' title='bbox 1596 4064 1716 4127; x_wconf 89' lang='lat' dir='ltr'><strong>do-</strong></span> 
     </span>
     <span class='ocr_line' id='line_1_45' title="bbox 516 4154 1716 4240; baseline -0.005 -19"><span class='ocrx_word' id='word_1_203' title='bbox 516 4159 761 4221; x_wconf 89' lang='lat' dir='ltr'><strong>minico</strong></span> <span class='ocrx_word' id='word_1_204' title='bbox 808 4154 1313 4240; x_wconf 88' lang='lat' dir='ltr'><strong>superveniente</strong></span> <span class='ocrx_word' id='word_1_205' title='bbox 1363 4154 1716 4216; x_wconf 88' lang='lat' dir='ltr'><strong>conturba-</strong></span> 
     </span>
    </p>
   </div>
   <div class='ocr_carea' id='block_1_4' title="bbox 394 4241 1716 4328">
    <p class='ocr_par' dir='ltr' id='par_1_4' title="bbox 394 4241 1716 4328">
     <span class='ocr_line' id='line_1_46' title="bbox 394 4241 1716 4328; baseline -0.005 -17"><span class='ocrx_word' id='word_1_206' title='bbox 394 4283 399 4288; x_wconf 81' lang='grc'><em>·</em></span> <span class='ocrx_word' id='word_1_207' title='bbox 514 4255 623 4310; x_wconf 92' lang='lat' dir='ltr'><strong>tus</strong></span> <span class='ocrx_word' id='word_1_208' title='bbox 668 4245 947 4328; x_wconf 87' lang='lat' dir='ltr'><strong>spiritu:</strong></span> <span class='ocrx_word' id='word_1_209' title='bbox 994 4241 1303 4306; x_wconf 88' lang='lat' dir='ltr'><strong>videbam</strong></span> <span class='ocrx_word' id='word_1_210' title='bbox 1348 4241 1432 4304; x_wconf 93' lang='lat' dir='ltr'><strong>ad</strong></span> <span class='ocrx_word' id='word_1_211' title='bbox 1469 4261 1716 4304; x_wconf 89' lang='lat' dir='ltr'><strong>cornua</strong></span> 
     </span>
    </p>
   </div>
   <div class='ocr_carea' id='block_1_5' title="bbox 647 4377 1147 4512">
    <p class='ocr_par' dir='ltr' id='par_1_5' title="bbox 647 4377 1147 4512">
     <span class='ocr_line' id='line_1_47' title="bbox 647 4377 1070 4430; baseline -0.007 0"><span class='ocrx_word' id='word_1_212' title='bbox 647 4383 661 4412; x_wconf 76' lang='lat'>²</span> <span class='ocrx_word' id='word_1_213' title='bbox 698 4396 895 4430; x_wconf 83' lang='lat' dir='ltr'><strong>nonus:</strong></span> <span class='ocrx_word' id='word_1_214' title='bbox 932 4377 1070 4428; x_wconf 58' lang='lat' dir='ltr'><strong>RN.</strong></span> 
     </span>
     <span class='ocr_line' id='line_1_48' title="bbox 647 4445 1147 4512; baseline -0.002 -18"><span class='ocrx_word' id='word_1_215' title='bbox 647 4451 665 4480; x_wconf 64' lang='grc' dir='ltr'><strong>θ</strong></span> <span class='ocrx_word' id='word_1_216' title='bbox 699 4446 1047 4512; x_wconf 80' lang='lat' dir='ltr'><strong>egrederetur:</strong></span> <span class='ocrx_word' id='word_1_217' title='bbox 1086 4445 1147 4494; x_wconf 88' lang='lat' dir='ltr'><strong>R.</strong></span> 
     </span>
    </p>
   </div>
   <div class='ocr_carea' id='block_1_6' title="bbox 1344 4375 2257 4507">
    <p class='ocr_par' dir='ltr' id='par_1_6' title="bbox 1344 4375 2257 4507">
     <span class='ocr_line' id='line_1_49' title="bbox 1344 4375 2257 4492; baseline 0.012 -75"><span class='ocrx_word' id='word_1_218' title='bbox 1344 4375 1370 4474; x_wconf 58' lang='grc' dir='ltr'><strong>ἶ</strong></span> <span class='ocrx_word' id='word_1_219' title='bbox 1398 4391 1491 4492; x_wconf 62' lang='lat' dir='ltr'><strong>gro</strong></span> <span class='ocrx_word' id='word_1_220' title='bbox 1522 4375 1685 4491; x_wconf 44' lang='lat' dir='ltr'><strong>‘unali</strong></span> <span class='ocrx_word' id='word_1_221' title='bbox 1705 4391 1808 4491; x_wconf 50' lang='lat' dir='ltr'><strong>igi:</strong></span> <span class='ocrx_word' id='word_1_222' title='bbox 1846 4377 1908 4426; x_wconf 80' lang='lat' dir='ltr'><strong>R.</strong></span> <span class='ocrx_word' id='word_1_223' title='bbox 1985 4377 2152 4427; x_wconf 87' lang='lat' dir='ltr'><strong>unde:</strong></span> <span class='ocrx_word' id='word_1_224' title='bbox 2191 4377 2257 4428; x_wconf 92' lang='lat' dir='ltr'><strong>N.</strong></span> 
     </span>
     <span class='ocr_line' id='line_1_50' title="bbox 1439 4457 1778 4507; baseline 0.021 -16"><span class='ocrx_word' id='word_1_225' title='bbox 1439 4457 1562 4507; x_wconf 73' lang='lat' dir='ltr'><strong>ejeci</strong></span> <span class='ocrx_word' id='word_1_226' title='bbox 1589 4461 1602 4494; x_wconf 72' lang='lat' dir='ltr'><strong>t</strong></span> <span class='ocrx_word' id='word_1_227' title='bbox 1690 4479 1699 4493; x_wconf 85' lang='lat'><strong>.</strong></span> <span class='ocrx_word' id='word_1_228' title='bbox 1766 4478 1778 4492; x_wconf 89' lang='lat'><strong>·</strong></span> 
     </span>
    </p>
   </div>
   <div class='ocr_carea' id='block_1_7' title="bbox 2329 345 2492 400">
    <p class='ocr_par' dir='ltr' id='par_1_7' title="bbox 2329 345 2492 400">
     <span class='ocr_line' id='line_1_51' title="bbox 2329 345 2492 400; baseline -0.012 0"><span class='ocrx_word' id='word_1_229' title='bbox 2329 345 2492 400; x_wconf 77' lang='lat'><strong>602</strong></span> 
     </span>
    </p>
   </div>
   <div class='ocr_carea' id='block_1_8' title="bbox 1817 439 3023 4326">
    <p class='ocr_par' dir='ltr' id='par_1_8' title="bbox 1822 439 3004 1906">
     <span class='ocr_line' id='line_1_52' title="bbox 1823 439 2990 516; baseline 0.002 -2"><span class='ocrx_word' id='word_1_230' title='bbox 1823 450 2050 514; x_wconf 87' lang='lat' dir='ltr'><strong>altaris</strong></span> <span class='ocrx_word' id='word_1_231' title='bbox 2068 450 2378 514; x_wconf 87' lang='lat' dir='ltr'><strong>assistere</strong></span> <span class='ocrx_word' id='word_1_232' title='bbox 2409 471 2516 514; x_wconf 92' lang='lat' dir='ltr'><strong>me</strong></span> <span class='ocrx_word' id='word_1_233' title='bbox 2549 459 2620 516; x_wconf 89' lang='lat' dir='ltr'><strong>et</strong></span> <span class='ocrx_word' id='word_1_234' title='bbox 2647 439 2990 516; x_wconf 76' lang='lat' dir='ltr'><strong>columbam</strong></span> 
     </span>
     <span class='ocr_line' id='line_1_53' title="bbox 1827 539 2992 623; baseline 0.003 -21"><span class='ocrx_word' id='word_1_235' title='bbox 1827 539 2084 621; x_wconf 81' lang='lat' dir='ltr'><strong>nigram</strong></span> <span class='ocrx_word' id='word_1_236' title='bbox 2117 539 2427 604; x_wconf 89' lang='lat' dir='ltr'><strong>sordibus</strong></span> <span class='ocrx_word' id='word_1_237' title='bbox 2451 539 2720 623; x_wconf 87' lang='lat' dir='ltr'><strong>plenam</strong></span> <span class='ocrx_word' id='word_1_238' title='bbox 2749 541 2992 606; x_wconf 86' lang='lat' dir='ltr'><strong>circurn-</strong></span> 
     </span>
     <span class='ocr_line' id='line_1_54' title="bbox 1824 625 2992 712; baseline 0.003 -22"><span class='ocrx_word' id='word_1_239' title='bbox 1824 625 2102 692; x_wconf 88' lang='lat' dir='ltr'><strong>volitare</strong></span> <span class='ocrx_word' id='word_1_240' title='bbox 2179 648 2328 692; x_wconf 87' lang='lat' dir='ltr'><strong>me:</strong></span> <span class='ocrx_word' id='word_1_241' title='bbox 2405 627 2624 692; x_wconf 90' lang='lat' dir='ltr'><strong>donec</strong></span> <span class='ocrx_word' id='word_1_242' title='bbox 2697 628 2992 712; x_wconf 88' lang='lat' dir='ltr'><strong>pontificis</strong></span> 
     </span>
     <span class='ocr_line' id='line_1_55' title="bbox 1824 715 2993 782; baseline 0.001 -3"><span class='ocrx_word' id='word_1_243' title='bbox 1824 715 2037 780; x_wconf 90' lang='lat' dir='ltr'><strong>oratio</strong></span> <span class='ocrx_word' id='word_1_244' title='bbox 2112 715 2727 781; x_wconf 86' lang='lat' dir='ltr'><strong>cathecuminorum</strong></span> <span class='ocrx_word' id='word_1_245' title='bbox 2797 717 2993 782; x_wconf 87' lang='lat' dir='ltr'><strong>dimit·</strong></span> 
     </span>
     <span class='ocr_line' id='line_1_56' title="bbox 1824 804 2994 888; baseline 0.002 -21"><span class='ocrx_word' id='word_1_246' title='bbox 1824 812 1994 868; x_wconf 88' lang='lat' dir='ltr'><strong>teret</strong></span> <span class='ocrx_word' id='word_1_247' title='bbox 2069 804 2350 868; x_wconf 88' lang='lat' dir='ltr'><strong>turbas:</strong></span> <span class='ocrx_word' id='word_1_248' title='bbox 2411 814 2492 868; x_wconf 91' lang='lat' dir='ltr'><strong>et·</strong></span> <span class='ocrx_word' id='word_1_249' title='bbox 2513 805 2540 844; x_wconf 79' lang='lat'><strong>³</strong></span> <span class='ocrx_word' id='word_1_250' title='bbox 2599 815 2826 888; x_wconf 89' lang='lat' dir='ltr'><strong>postea</strong></span> <span class='ocrx_word' id='word_1_251' title='bbox 2877 827 2994 870; x_wconf 88' lang='lat' dir='ltr'><strong>non</strong></span> 
     </span>
     <span class='ocr_line' id='line_1_57' title="bbox 1823 893 2995 975; baseline 0.003 -19"><span class='ocrx_word' id='word_1_252' title='bbox 1823 893 2214 975; x_wconf 84' lang='lat' dir='ltr'><strong>comparuit.</strong></span> <span class='ocrx_word' id='word_1_253' title='bbox 2331 893 2492 957; x_wconf 88' lang='lat' dir='ltr'><strong>Post</strong></span> <span class='ocrx_word' id='word_1_254' title='bbox 2551 895 2818 958; x_wconf 89' lang='lat' dir='ltr'><strong>missam</strong></span> <span class='ocrx_word' id='word_1_255' title='bbox 2859 915 2995 959; x_wconf 84' lang='lat' dir='ltr'><strong>vero</strong></span> 
     </span>
     <span class='ocr_line' id='line_1_58' title="bbox 1822 980 2998 1062; baseline 0.003 -19"><span class='ocrx_word' id='word_1_256' title='bbox 1822 999 1978 1043; x_wconf 91' lang='lat' dir='ltr'><strong>cum</strong></span> <span class='ocrx_word' id='word_1_257' title='bbox 2056 980 2406 1062; x_wconf 88' lang='lat' dir='ltr'><strong>egrederer</strong></span> <span class='ocrx_word' id='word_1_258' title='bbox 2425 983 2450 1020; x_wconf 85' lang='lat'><strong>⁴</strong></span> <span class='ocrx_word' id='word_1_259' title='bbox 2527 981 2808 1046; x_wconf 89' lang='lat' dir='ltr'><strong>limitem</strong></span> <span class='ocrx_word' id='word_1_260' title='bbox 2863 1003 2998 1046; x_wconf 86' lang='lat' dir='ltr'><strong>nos·-</strong></span> 
     </span>
     <span class='ocr_line' id='line_1_59' title="bbox 1823 1068 2996 1135; baseline 0.003 -4"><span class='ocrx_word' id='word_1_261' title='bbox 1823 1069 1907 1131; x_wconf 89' lang='lat' dir='ltr'><strong>tri</strong></span> <span class='ocrx_word' id='word_1_262' title='bbox 1977 1068 2377 1134; x_wconf 87' lang='lat' dir='ltr'><strong>salvatoris:</strong></span> <span class='ocrx_word' id='word_1_263' title='bbox 2453 1069 2694 1133; x_wconf 87' lang='lat' dir='ltr'><strong>iterum</strong></span> <span class='ocrx_word' id='word_1_264' title='bbox 2769 1071 2996 1135; x_wconf 86' lang='lat' dir='ltr'><strong>colurn-</strong></span> 
     </span>
     <span class='ocr_line' id='line_1_60' title="bbox 1824 1155 2997 1224; baseline 0.005 -6"><span class='ocrx_word' id='word_1_265' title='bbox 1824 1155 1911 1219; x_wconf 92' lang='lat' dir='ltr'><strong>ba</strong></span> <span class='ocrx_word' id='word_1_266' title='bbox 1943 1155 2055 1220; x_wconf 91' lang='lat' dir='ltr'><strong>illa</strong></span> <span class='ocrx_word' id='word_1_267' title='bbox 2085 1167 2242 1220; x_wconf 90' lang='lat' dir='ltr'><strong>ante</strong></span> <span class='ocrx_word' id='word_1_268' title='bbox 2269 1177 2375 1221; x_wconf 91' lang='lat' dir='ltr'><strong>me</strong></span> <span class='ocrx_word' id='word_1_269' title='bbox 2399 1157 2772 1222; x_wconf 87' lang='lat' dir='ltr'><strong>advolitans</strong></span> <span class='ocrx_word' id='word_1_270' title='bbox 2794 1161 2997 1224; x_wconf 88' lang='lat' dir='ltr'><strong>astitit.</strong></span> 
     </span>
     <span class='ocr_line' id='line_1_61' title="bbox 1827 1244 2997 1326; baseline 0.004 -19"><span class='ocrx_word' id='word_1_271' title='bbox 1827 1244 1918 1308; x_wconf 88' lang='lat' dir='ltr'><strong>Et</strong></span> <span class='ocrx_word' id='word_1_272' title='bbox 1949 1245 2360 1326; x_wconf 89' lang='lat' dir='ltr'><strong>apprehendi</strong></span> <span class='ocrx_word' id='word_1_273' title='bbox 2393 1266 2543 1309; x_wconf 87' lang='lat' dir='ltr'><strong>eam</strong></span> <span class='ocrx_word' id='word_1_274' title='bbox 2577 1266 2776 1310; x_wconf 86' lang='lat' dir='ltr'><strong>manu</strong></span> <span class='ocrx_word' id='word_1_275' title='bbox 2828 1269 2997 1312; x_wconf 86' lang='lat' dir='ltr'><strong>mea:</strong></span> 
     </span>
     <span class='ocr_line' id='line_1_62' title="bbox 1823 1331 3002 1418; baseline 0.004 -23"><span class='ocrx_word' id='word_1_276' title='bbox 1823 1342 1892 1395; x_wconf 90' lang='lat' dir='ltr'><strong>et</strong></span> <span class='ocrx_word' id='word_1_277' title='bbox 1916 1331 2164 1415; x_wconf 89' lang='lat' dir='ltr'><strong>jactavi</strong></span> <span class='ocrx_word' id='word_1_278' title='bbox 2198 1333 2264 1396; x_wconf 88' lang='lat' dir='ltr'><strong>in</strong></span> <span class='ocrx_word' id='word_1_279' title='bbox 2294 1333 2620 1398; x_wconf 90' lang='lat' dir='ltr'><strong>concham</strong></span> <span class='ocrx_word' id='word_1_280' title='bbox 2667 1355 2838 1418; x_wconf 90' lang='lat' dir='ltr'><strong>aque</strong></span> <span class='ocrx_word' id='word_1_281' title='bbox 2865 1345 3002 1400; x_wconf 84' lang='lat' dir='ltr'><strong>ante</strong></span> 
     </span>
     <span class='ocr_line' id='line_1_63' title="bbox 1824 1419 3002 1490; baseline 0.003 -6"><span class='ocrx_word' id='word_1_282' title='bbox 1824 1419 2190 1484; x_wconf 89' lang='lat' dir='ltr'><strong>ecclesiam.</strong></span> <span class='ocrx_word' id='word_1_283' title='bbox 2282 1421 2375 1485; x_wconf 92' lang='lat' dir='ltr'><strong>Et</strong></span> <span class='ocrx_word' id='word_1_284' title='bbox 2419 1421 2591 1486; x_wconf 90' lang='lat' dir='ltr'><strong>sicut</strong></span> <span class='ocrx_word' id='word_1_285' title='bbox 2621 1423 2742 1487; x_wconf 89' lang='lat' dir='ltr'><strong>nix</strong></span> <span class='ocrx_word' id='word_1_286' title='bbox 2771 1427 3002 1490; x_wconf 83' lang='lat' dir='ltr'><strong>munda</strong></span> 
     </span>
     <span class='ocr_line' id='line_1_64' title="bbox 1825 1508 3002 1576; baseline 0.005 -5"><span class='ocrx_word' id='word_1_287' title='bbox 1825 1509 1982 1572; x_wconf 89' lang='lat' dir='ltr'><strong>inde</strong></span> <span class='ocrx_word' id='word_1_288' title='bbox 2033 1509 2332 1574; x_wconf 90' lang='lat' dir='ltr'><strong>ascendit</strong></span> <span class='ocrx_word' id='word_1_289' title='bbox 2379 1508 2801 1575; x_wconf 87' lang='lat' dir='ltr'><strong>altitudinem</strong></span> <span class='ocrx_word' id='word_1_290' title='bbox 2855 1513 3002 1576; x_wconf 86' lang='lat' dir='ltr'><strong>aeris</strong></span> 
     </span>
     <span class='ocr_line' id='line_1_65' title="bbox 1823 1596 3004 1685; baseline 0.005 -27"><span class='ocrx_word' id='word_1_291' title='bbox 1823 1596 2196 1660; x_wconf 86' lang='lat' dir='ltr'><strong>sublimiter</strong></span> <span class='ocrx_word' id='word_1_292' title='bbox 2267 1596 2356 1662; x_wconf 92' lang='lat' dir='ltr'><strong>ab</strong></span> <span class='ocrx_word' id='word_1_293' title='bbox 2415 1599 2626 1662; x_wconf 90' lang='lat' dir='ltr'><strong>oculis</strong></span> <span class='ocrx_word' id='word_1_294' title='bbox 2685 1601 2854 1664; x_wconf 88' lang='lat' dir='ltr'><strong>meis</strong></span> <span class='ocrx_word' id='word_1_295' title='bbox 2907 1621 3004 1685; x_wconf 82' lang='lat' dir='ltr'><strong>pe·</strong></span> 
     </span>
     <span class='ocr_line' id='line_1_66' title="bbox 1825 1689 3001 1773; baseline 0.005 -26"><span class='ocrx_word' id='word_1_296' title='bbox 1825 1694 1991 1748; x_wconf 77' lang='lat' dir='ltr'><strong>tenS.</strong></span> <span class='ocrx_word' id='word_1_297' title='bbox 2710 1689 2921 1752; x_wconf 79' lang='lat' dir='ltr'><strong>Lectio</strong></span> <span class='ocrx_word' id='word_1_298' title='bbox 2947 1689 3001 1773; x_wconf 71' lang='lat' dir='ltr'><strong>tj.</strong></span> 
     </span>
     <span class='ocr_line' id='line_1_67' title="bbox 1823 1773 3004 1906; baseline 0.004 -71"><span class='ocrx_word' id='word_1_299' title='bbox 1823 1774 2152 1906; x_wconf 65' lang='lat' dir='ltr'><strong>Sancto</strong></span> <span class='ocrx_word' id='word_1_300' title='bbox 2213 1773 2440 1857; x_wconf 89' lang='lat' dir='ltr'><strong>itaque</strong></span> <span class='ocrx_word' id='word_1_301' title='bbox 2500 1775 2816 1858; x_wconf 88' lang='lat' dir='ltr'><strong>pontifice</strong></span> <span class='ocrx_word' id='word_1_302' title='bbox 2881 1779 3004 1860; x_wconf 83' lang='lat' dir='ltr'><strong>ipsa</strong></span> 
     </span>
    </p>

    <p class='ocr_par' dir='ltr' id='par_1_9' title="bbox 1821 1861 3023 3670">
     <span class='ocr_line' id='line_1_68' title="bbox 1953 1861 3006 1929; baseline 0.006 -6"><span class='ocrx_word' id='word_1_303' title='bbox 1953 1861 2064 1924; x_wconf 90' lang='lat' dir='ltr'><strong>die</strong></span> <span class='ocrx_word' id='word_1_304' title='bbox 2115 1861 2453 1927; x_wconf 87' lang='lat' dir='ltr'><strong>dominica</strong></span> <span class='ocrx_word' id='word_1_305' title='bbox 2505 1884 2881 1928; x_wconf 91' lang='lat' dir='ltr'><strong>sermonem</strong></span> <span class='ocrx_word' id='word_1_306' title='bbox 2925 1866 3006 1929; x_wconf 81' lang='lat' dir='ltr'><strong>fa-</strong></span> 
     </span>
     <span class='ocr_line' id='line_1_69' title="bbox 1824 1949 3004 2035; baseline 0.005 -24"><span class='ocrx_word' id='word_1_307' title='bbox 1824 1949 2084 2014; x_wconf 89' lang='lat' dir='ltr'><strong>ciente:</strong></span> <span class='ocrx_word' id='word_1_308' title='bbox 2129 1969 2281 2012; x_wconf 90' lang='lat' dir='ltr'><strong>cum</strong></span> <span class='ocrx_word' id='word_1_309' title='bbox 2345 1950 2547 2015; x_wconf 89' lang='lat' dir='ltr'><strong>beata</strong></span> <span class='ocrx_word' id='word_1_310' title='bbox 2606 1952 2871 2035; x_wconf 90' lang='lat' dir='ltr'><strong>pelagia</strong></span> <span class='ocrx_word' id='word_1_311' title='bbox 2925 1955 3004 2016; x_wconf 83' lang='lat' dir='ltr'><strong>in-</strong></span> 
     </span>
     <span class='ocr_line' id='line_1_70' title="bbox 1823 2038 3008 2124; baseline 0.005 -24"><span class='ocrx_word' id='word_1_312' title='bbox 1823 2038 2248 2118; x_wconf 87' lang='lat' dir='ltr'><strong>grederetur.</strong></span> <span class='ocrx_word' id='word_1_313' title='bbox 2233 2059 2247 2074; x_wconf 92' lang='lat'><strong>·</strong></span> <span class='ocrx_word' id='word_1_314' title='bbox 2295 2039 2574 2102; x_wconf 89' lang='lat' dir='ltr'><strong>audiens</strong></span> <span class='ocrx_word' id='word_1_315' title='bbox 2625 2051 3008 2124; x_wconf 82' lang='lat' dir='ltr'><strong>compuncta</strong></span> 
     </span>
     <span class='ocr_line' id='line_1_71' title="bbox 1825 2125 3006 2212; baseline 0.005 -23"><span class='ocrx_word' id='word_1_316' title='bbox 1825 2125 2022 2189; x_wconf 89' lang='lat' dir='ltr'><strong>corde</strong></span> <span class='ocrx_word' id='word_1_317' title='bbox 2068 2127 2436 2208; x_wconf 88' lang='lat' dir='ltr'><strong>ingemuit:</strong></span> <span class='ocrx_word' id='word_1_318' title='bbox 2468 2128 2553 2192; x_wconf 91' lang='lat' dir='ltr'><strong>ad</strong></span> <span class='ocrx_word' id='word_1_319' title='bbox 2587 2129 2794 2212; x_wconf 88' lang='lat' dir='ltr'><strong>pedes</strong></span> <span class='ocrx_word' id='word_1_320' title='bbox 2849 2131 3006 2194; x_wconf 87' lang='lat' dir='ltr'><strong>beati</strong></span> 
     </span>
     <span class='ocr_line' id='line_1_72' title="bbox 1823 2214 3006 2302; baseline 0.004 -25"><span class='ocrx_word' id='word_1_321' title='bbox 1823 2214 1942 2277; x_wconf 90' lang='lat' dir='ltr'><strong>viri</strong></span> <span class='ocrx_word' id='word_1_322' title='bbox 2020 2214 2302 2297; x_wconf 89' lang='lat' dir='ltr'><strong>procidit</strong></span> <span class='ocrx_word' id='word_1_323' title='bbox 2379 2215 2740 2298; x_wconf 89' lang='lat' dir='ltr'><strong>lachrymis</strong></span> <span class='ocrx_word' id='word_1_324' title='bbox 2823 2219 3006 2302; x_wconf 83' lang='lat' dir='ltr'><strong>pedes</strong></span> 
     </span>
     <span class='ocr_line' id='line_1_73' title="bbox 1825 2301 3010 2384; baseline 0.006 -20"><span class='ocrx_word' id='word_1_325' title='bbox 1825 2301 2062 2384; x_wconf 89' lang='lat' dir='ltr'><strong>rigavit</strong></span> <span class='ocrx_word' id='word_1_326' title='bbox 2094 2301 2364 2366; x_wconf 90' lang='lat' dir='ltr'><strong>dicens·</strong></span> <span class='ocrx_word' id='word_1_327' title='bbox 2401 2304 2719 2369; x_wconf 89' lang='lat' dir='ltr'><strong>Miserere</strong></span> <span class='ocrx_word' id='word_1_328' title='bbox 2749 2309 2880 2370; x_wconf 89' lang='lat' dir='ltr'><strong>mei</strong></span> <span class='ocrx_word' id='word_1_329' title='bbox 2907 2308 3010 2370; x_wconf 82' lang='lat' dir='ltr'><strong>do·</strong></span> 
     </span>
     <span class='ocr_line' id='line_1_74' title="bbox 1827 2389 3010 2478; baseline 0.006 -25"><span class='ocrx_word' id='word_1_330' title='bbox 1827 2390 2002 2454; x_wconf 88' lang='lat' dir='ltr'><strong>mine</strong></span> <span class='ocrx_word' id='word_1_331' title='bbox 2066 2389 2218 2472; x_wconf 89' lang='lat' dir='ltr'><strong>Ego</strong></span> <span class='ocrx_word' id='word_1_332' title='bbox 2279 2391 2456 2454; x_wconf 91' lang='lat' dir='ltr'><strong>enim</strong></span> <span class='ocrx_word' id='word_1_333' title='bbox 2533 2413 2683 2456; x_wconf 90' lang='lat' dir='ltr'><strong>sum</strong></span> <span class='ocrx_word' id='word_1_334' title='bbox 2762 2395 3010 2478; x_wconf 83' lang='lat' dir='ltr'><strong>pelagia</strong></span> 
     </span>
     <span class='ocr_line' id='line_1_75' title="bbox 1825 2478 3008 2562; baseline 0.007 -22"><span class='ocrx_word' id='word_1_335' title='bbox 1825 2478 2192 2561; x_wconf 89' lang='lat' dir='ltr'><strong>iniquitatis</strong></span> <span class='ocrx_word' id='word_1_336' title='bbox 2223 2479 2518 2562; x_wconf 72' lang='lat' dir='ltr'><strong>pelagus</strong></span> <span class='ocrx_word' id='word_1_337' title='bbox 2615 2482 2875 2546; x_wconf 90' lang='lat' dir='ltr'><strong>Multos</strong></span> <span class='ocrx_word' id='word_1_338' title='bbox 2911 2485 3008 2547; x_wconf 89' lang='lat' dir='ltr'><strong>de·</strong></span> 
     </span>
     <span class='ocr_line' id='line_1_76' title="bbox 1824 2567 3010 2658; baseline 0.003 -28"><span class='ocrx_word' id='word_1_339' title='bbox 1824 2576 2020 2658; x_wconf 91' lang='lat' dir='ltr'><strong>cepta</strong></span> <span class='ocrx_word' id='word_1_340' title='bbox 2094 2567 2328 2650; x_wconf 92' lang='lat' dir='ltr'><strong>decepi</strong></span> <span class='ocrx_word' id='word_1_341' title='bbox 2351 2567 2378 2605; x_wconf 75' lang='lat'>³</span> <span class='ocrx_word' id='word_1_342' title='bbox 2439 2569 2504 2630; x_wconf 94' lang='lat' dir='ltr'><strong>in</strong></span> <span class='ocrx_word' id='word_1_343' title='bbox 2566 2569 3010 2654; x_wconf 87' lang='lat' dir='ltr'><strong>voluptatibus</strong></span> 
     </span>
     <span class='ocr_line' id='line_1_77' title="bbox 1823 2655 3008 2737; baseline 0.004 -20"><span class='ocrx_word' id='word_1_344' title='bbox 1823 2657 2078 2718; x_wconf 87' lang='lat' dir='ltr'><strong>carnis:</strong></span> <span class='ocrx_word' id='word_1_345' title='bbox 2127 2655 2349 2737; x_wconf 90' lang='lat' dir='ltr'><strong>plures</strong></span> <span class='ocrx_word' id='word_1_346' title='bbox 2393 2657 2686 2721; x_wconf 72' lang='lat' dir='ltr'><strong>seduxi·</strong></span> <span class='ocrx_word' id='word_1_347' title='bbox 2665 2678 2736 2722; x_wconf 88' lang='lat' dir='ltr'><strong>m</strong></span> <span class='ocrx_word' id='word_1_348' title='bbox 2767 2661 3008 2724; x_wconf 87' lang='lat' dir='ltr'><strong>deside-</strong></span> 
     </span>
     <span class='ocr_line' id='line_1_78' title="bbox 1823 2743 3023 2830; baseline 0.006 -25"><span class='ocrx_word' id='word_1_349' title='bbox 1823 2744 1934 2806; x_wconf 87' lang='lat' dir='ltr'><strong>riis</strong></span> <span class='ocrx_word' id='word_1_350' title='bbox 1968 2743 2171 2806; x_wconf 89' lang='lat' dir='ltr'><strong>meis:</strong></span> <span class='ocrx_word' id='word_1_351' title='bbox 2218 2744 2528 2826; x_wconf 88' lang='lat' dir='ltr'><strong>penitens</strong></span> <span class='ocrx_word' id='word_1_352' title='bbox 2559 2747 2834 2828; x_wconf 88' lang='lat' dir='ltr'><strong>postulo</strong></span> <span class='ocrx_word' id='word_1_353' title='bbox 2863 2748 3023 2830; x_wconf 87' lang='lat' dir='ltr'><strong>bap-·</strong></span> 
     </span>
     <span class='ocr_line' id='line_1_79' title="bbox 1823 2831 3023 2919; baseline 0.006 -26"><span class='ocrx_word' id='word_1_354' title='bbox 1823 2831 2021 2894; x_wconf 88' lang='lat' dir='ltr'><strong>tisari.</strong></span> <span class='ocrx_word' id='word_1_355' title='bbox 2117 2831 2408 2895; x_wconf 90' lang='lat' dir='ltr'><strong>Sanctus</strong></span> <span class='ocrx_word' id='word_1_356' title='bbox 2457 2853 2616 2898; x_wconf 89' lang='lat' dir='ltr'><strong>vero</strong></span> <span class='ocrx_word' id='word_1_357' title='bbox 2669 2836 3023 2919; x_wconf 74' lang='lat' dir='ltr'><strong>episcopus}</strong></span> 
     </span>
     <span class='ocr_line' id='line_1_80' title="bbox 1821 2922 3023 3002; baseline 0.003 -20"><span class='ocrx_word' id='word_1_358' title='bbox 1821 2938 2094 2983; x_wconf 89' lang='lat' dir='ltr'><strong>manum</strong></span> <span class='ocrx_word' id='word_1_359' title='bbox 2120 2939 2470 3002; x_wconf 77' lang='lat' dir='ltr'><strong>imponens</strong></span> <span class='ocrx_word' id='word_1_360' title='bbox 2501 2941 2602 2986; x_wconf 77' lang='lat' dir='ltr'><strong>ei:</strong></span> <span class='ocrx_word' id='word_1_361' title='bbox 2657 2922 2728 2986; x_wconf 87' lang='lat' dir='ltr'><strong>in</strong></span> <span class='ocrx_word' id='word_1_362' title='bbox 2761 2925 3023 2988; x_wconf 74' lang='lat' dir='ltr'><strong>nomine?</strong></span> 
     </span>
     <span class='ocr_line' id='line_1_81' title="bbox 1821 3005 3023 3093; baseline 0.008 -24"><span class='ocrx_word' id='word_1_363' title='bbox 1821 3007 2028 3089; x_wconf 88' lang='lat' dir='ltr'><strong>patris</strong></span> <span class='ocrx_word' id='word_1_364' title='bbox 2092 3016 2162 3071; x_wconf 90' lang='lat' dir='ltr'><strong>et</strong></span> <span class='ocrx_word' id='word_1_365' title='bbox 2223 3007 2336 3071; x_wconf 87' lang='lat' dir='ltr'><strong>filii</strong></span> <span class='ocrx_word' id='word_1_366' title='bbox 2399 3018 2469 3073; x_wconf 92' lang='lat' dir='ltr'><strong>et</strong></span> <span class='ocrx_word' id='word_1_367' title='bbox 2541 3005 3023 3093; x_wconf 72' lang='lat' dir='ltr'><strong>spiritussanctiff</strong></span> 
     </span>
     <span class='ocr_line' id='line_1_82' title="bbox 1821 3095 3023 3183; baseline 0.002 -25"><span class='ocrx_word' id='word_1_368' title='bbox 1821 3115 1969 3158; x_wconf 88' lang='lat' dir='ltr'><strong>eam</strong></span> <span class='ocrx_word' id='word_1_369' title='bbox 2002 3095 2382 3177; x_wconf 90' lang='lat' dir='ltr'><strong>baptisavit.</strong></span> <span class='ocrx_word' id='word_1_370' title='bbox 2455 3098 2660 3162; x_wconf 91' lang='lat' dir='ltr'><strong>Unde</strong></span> <span class='ocrx_word' id='word_1_371' title='bbox 2699 3101 3023 3183; x_wconf 79' lang='lat' dir='ltr'><strong>maligno-³</strong></span> 
     </span>
     <span class='ocr_line' id='line_1_83' title="bbox 1823 3185 3023 3269; baseline 0.007 -24"><span class='ocrx_word' id='word_1_372' title='bbox 1823 3203 1965 3247; x_wconf 91' lang='lat' dir='ltr'><strong>rum</strong></span> <span class='ocrx_word' id='word_1_373' title='bbox 1999 3185 2350 3267; x_wconf 85' lang='lat' dir='ltr'><strong>spirituum</strong></span> <span class='ocrx_word' id='word_1_374' title='bbox 2399 3186 2712 3269; x_wconf 89' lang='lat' dir='ltr'><strong>planctus</strong></span> <span class='ocrx_word' id='word_1_375' title='bbox 2765 3190 2832 3252; x_wconf 90' lang='lat' dir='ltr'><strong>in</strong></span> <span class='ocrx_word' id='word_1_376' title='bbox 2879 3207 3023 3252; x_wconf 67' lang='lat' dir='ltr'><strong>aen-¹2</strong></span> 
     </span>
     <span class='ocr_line' id='line_1_84' title="bbox 1821 3273 3004 3361; baseline 0.004 -29"><span class='ocrx_word' id='word_1_377' title='bbox 1821 3281 1923 3334; x_wconf 91' lang='lat' dir='ltr'><strong>est</strong></span> <span class='ocrx_word' id='word_1_378' title='bbox 1953 3273 2238 3336; x_wconf 79' lang='lat' dir='ltr'><strong>audituS.</strong></span> <span class='ocrx_word' id='word_1_379' title='bbox 2331 3273 2543 3338; x_wconf 88' lang='lat' dir='ltr'><strong>Beata</strong></span> <span class='ocrx_word' id='word_1_380' title='bbox 2573 3295 2738 3339; x_wconf 88' lang='lat' dir='ltr'><strong>vero</strong></span> <span class='ocrx_word' id='word_1_381' title='bbox 2769 3278 3004 3361; x_wconf 77' lang='lat' dir='ltr'><strong>pelagia</strong></span> 
     </span>
     <span class='ocr_line' id='line_1_85' title="bbox 1821 3359 3002 3448; baseline 0.003 -27"><span class='ocrx_word' id='word_1_382' title='bbox 1821 3359 2164 3423; x_wconf 87' lang='lat' dir='ltr'><strong>meliorem</strong></span> <span class='ocrx_word' id='word_1_383' title='bbox 2183 3369 2443 3442; x_wconf 88' lang='lat' dir='ltr'><strong>partem</strong></span> <span class='ocrx_word' id='word_1_384' title='bbox 2463 3362 2712 3445; x_wconf 88' lang='lat' dir='ltr'><strong>elegit:</strong></span> <span class='ocrx_word' id='word_1_385' title='bbox 2737 3385 2874 3448; x_wconf 91' lang='lat' dir='ltr'><strong>que</strong></span> <span class='ocrx_word' id='word_1_386' title='bbox 2895 3383 3002 3427; x_wconf 86' lang='lat' dir='ltr'><strong>non</strong></span> 
     </span>
     <span class='ocr_line' id='line_1_86' title="bbox 1821 3447 3023 3533; baseline 0.006 -23"><span class='ocrx_word' id='word_1_387' title='bbox 1821 3447 2155 3512; x_wconf 87' lang='lat' dir='ltr'><strong>auferetur</strong></span> <span class='ocrx_word' id='word_1_388' title='bbox 2183 3447 2272 3513; x_wconf 90' lang='lat' dir='ltr'><strong>ab</strong></span> <span class='ocrx_word' id='word_1_389' title='bbox 2303 3469 2400 3513; x_wconf 89' lang='lat' dir='ltr'><strong>ea.</strong></span> <span class='ocrx_word' id='word_1_390' title='bbox 2655 3451 2879 3516; x_wconf 79' lang='lat' dir='ltr'><strong>Lectio</strong></span> <span class='ocrx_word' id='word_1_391' title='bbox 2905 3451 3023 3533; x_wconf 78' lang='lat' dir='ltr'><strong>iiij-¹</strong></span> 
     </span>
     <span class='ocr_line' id='line_1_87' title="bbox 1830 3536 3004 3670; baseline 0.003 -73"><span class='ocrx_word' id='word_1_392' title='bbox 1830 3537 2180 3670; x_wconf 81' lang='lat' dir='ltr'><strong>Omnem</strong></span> <span class='ocrx_word' id='word_1_393' title='bbox 2213 3536 2415 3618; x_wconf 89' lang='lat' dir='ltr'><strong>igitur</strong></span> <span class='ocrx_word' id='word_1_394' title='bbox 2435 3538 2891 3605; x_wconf 87' lang='lat' dir='ltr'><strong>substantiam</strong></span> <span class='ocrx_word' id='word_1_395' title='bbox 2917 3561 3004 3603; x_wconf 87' lang='lat' dir='ltr'><strong>su·</strong></span> 
     </span>
    </p>

    <p class='ocr_par' dir='ltr' id='par_1_10' title="bbox 1817 3625 3023 4326">
     <span class='ocr_line' id='line_1_88' title="bbox 1955 3625 3008 3712; baseline 0.003 -25"><span class='ocrx_word' id='word_1_396' title='bbox 1955 3645 2064 3687; x_wconf 91' lang='lat' dir='ltr'><strong>am</strong></span> <span class='ocrx_word' id='word_1_397' title='bbox 2112 3625 2448 3689; x_wconf 86' lang='lat' dir='ltr'><strong>commisit</strong></span> <span class='ocrx_word' id='word_1_398' title='bbox 2493 3629 2820 3712; x_wconf 89' lang='lat' dir='ltr'><strong>episcopo</strong></span> <span class='ocrx_word' id='word_1_399' title='bbox 2873 3647 3008 3712; x_wconf 82' lang='lat' dir='ltr'><strong>pau·</strong></span> 
     </span>
     <span class='ocr_line' id='line_1_89' title="bbox 1818 3713 3023 3826; baseline 0.003 -53"><span class='ocrx_word' id='word_1_400' title='bbox 1818 3713 2084 3794; x_wconf 89' lang='lat' dir='ltr'><strong>peribus</strong></span> <span class='ocrx_word' id='word_1_401' title='bbox 2116 3714 2543 3826; x_wconf 86' lang='lat' dir='ltr'><strong>erogandam.</strong></span> <span class='ocrx_word' id='word_1_402' title='bbox 2616 3715 2891 3782; x_wconf 88' lang='lat' dir='ltr'><strong>Octavo</strong></span> <span class='ocrx_word' id='word_1_403' title='bbox 2917 3717 3023 3796; x_wconf 80' lang='lat' dir='ltr'><strong>de-</strong></span> 
     </span>
     <span class='ocr_line' id='line_1_90' title="bbox 1819 3799 3023 3888; baseline 0.006 -26"><span class='ocrx_word' id='word_1_404' title='bbox 1819 3819 2004 3864; x_wconf 88' lang='lat' dir='ltr'><strong>mum</strong></span> <span class='ocrx_word' id='word_1_405' title='bbox 2085 3801 2254 3864; x_wconf 92' lang='lat' dir='ltr'><strong>die</strong></span> <span class='ocrx_word' id='word_1_406' title='bbox 2277 3823 2396 3866; x_wconf 92' lang='lat' dir='ltr'><strong>sue</strong></span> <span class='ocrx_word' id='word_1_407' title='bbox 2424 3802 2451 3840; x_wconf 76' lang='lat'><strong>⁶</strong></span> <span class='ocrx_word' id='word_1_408' title='bbox 2529 3803 3002 3888; x_wconf 84' lang='lat' dir='ltr'><strong>baptismatis.</strong></span> <span class='ocrx_word' id='word_1_409' title='bbox 2989 3799 3023 3872; x_wconf 64' lang='lat' dir='ltr'><strong>l</strong></span> 
     </span>
     <span class='ocr_line' id='line_1_91' title="bbox 1819 3887 3023 3977; baseline 0.005 -27"><span class='ocrx_word' id='word_1_410' title='bbox 1819 3887 2241 3970; x_wconf 88' lang='lat' dir='ltr'><strong>sepulchrum</strong></span> <span class='ocrx_word' id='word_1_411' title='bbox 2312 3893 2522 3956; x_wconf 89' lang='lat' dir='ltr'><strong>nostri</strong></span> <span class='ocrx_word' id='word_1_412' title='bbox 2585 3892 3023 3977; x_wconf 63' lang='lat' dir='ltr'><strong>redemptoris:</strong></span> 
     </span>
     <span class='ocr_line' id='line_1_92' title="bbox 1820 3976 3002 4065; baseline 0.003 -26"><span class='ocrx_word' id='word_1_413' title='bbox 1820 3977 2051 4039; x_wconf 90' lang='lat' dir='ltr'><strong>induta</strong></span> <span class='ocrx_word' id='word_1_414' title='bbox 2084 3976 2298 4042; x_wconf 89' lang='lat' dir='ltr'><strong>cilicio</strong></span> <span class='ocrx_word' id='word_1_415' title='bbox 2329 3978 2668 4047; x_wconf 87' lang='lat' dir='ltr'><strong>visitavit:</strong></span> <span class='ocrx_word' id='word_1_416' title='bbox 2723 3999 3002 4065; x_wconf 83' lang='lat' dir='ltr'><strong>parvam·</strong></span> 
     </span>
     <span class='ocr_line' id='line_1_93' title="bbox 1817 4064 3002 4148; baseline 0.001 -21"><span class='ocrx_word' id='word_1_417' title='bbox 1817 4084 1948 4148; x_wconf 89' lang='lat' dir='ltr'><strong>que</strong></span> <span class='ocrx_word' id='word_1_418' title='bbox 1980 4064 2286 4128; x_wconf 89' lang='lat' dir='ltr'><strong>cellulam</strong></span> <span class='ocrx_word' id='word_1_419' title='bbox 2341 4066 2468 4131; x_wconf 91' lang='lat' dir='ltr'><strong>sibi</strong></span> <span class='ocrx_word' id='word_1_420' title='bbox 2524 4069 2594 4132; x_wconf 92' lang='lat' dir='ltr'><strong>in</strong></span> <span class='ocrx_word' id='word_1_421' title='bbox 2647 4081 2890 4135; x_wconf 89' lang='lat' dir='ltr'><strong>monte</strong></span> <span class='ocrx_word' id='word_1_422' title='bbox 2915 4066 3002 4130; x_wconf 85' lang='lat' dir='ltr'><strong>oli·</strong></span> 
     </span>
     <span class='ocr_line' id='line_1_94' title="bbox 1819 4151 2999 4240; baseline 0.005 -25"><span class='ocrx_word' id='word_1_423' title='bbox 1819 4153 1951 4216; x_wconf 90' lang='lat' dir='ltr'><strong>veti</strong></span> <span class='ocrx_word' id='word_1_424' title='bbox 2003 4155 2422 4220; x_wconf 82' lang='lat' dir='ltr'><strong>construxit:</strong></span> <span class='ocrx_word' id='word_1_425' title='bbox 2472 4156 2702 4240; x_wconf 87' lang='lat' dir='ltr'><strong>ibique</strong></span> <span class='ocrx_word' id='word_1_426' title='bbox 2752 4151 2999 4222; x_wconf 80' lang='lat' dir='ltr'><strong>solitari-</strong></span> 
     </span>
     <span class='ocr_line' id='line_1_95' title="bbox 1817 4241 2994 4326; baseline 0.006 -24"><span class='ocrx_word' id='word_1_427' title='bbox 1817 4261 1926 4304; x_wconf 87' lang='lat' dir='ltr'><strong>am</strong></span> <span class='ocrx_word' id='word_1_428' title='bbox 1961 4241 2159 4306; x_wconf 86' lang='lat' dir='ltr'><strong>duxit</strong></span> <span class='ocrx_word' id='word_1_429' title='bbox 2191 4243 2423 4308; x_wconf 90' lang='lat' dir='ltr'><strong>vitam.</strong></span> <span class='ocrx_word' id='word_1_430' title='bbox 2513 4244 2762 4310; x_wconf 88' lang='lat' dir='ltr'><strong>Status</strong></span> <span class='ocrx_word' id='word_1_431' title='bbox 2811 4249 2994 4326; x_wconf 80' lang='lat' dir='ltr'><strong>itaque</strong></span> 
     </span>
    </p>
   </div>
   <div class='ocr_carea' id='block_1_9' title="bbox 2435 4380 2947 4499">
    <p class='ocr_par' dir='ltr' id='par_1_11' title="bbox 2435 4380 2947 4499">
     <span class='ocr_line' id='line_1_96' title="bbox 2435 4380 2947 4432; baseline -0.006 -2"><span class='ocrx_word' id='word_1_432' title='bbox 2435 4383 2454 4410; x_wconf 84' lang='lat'>⁸</span> <span class='ocrx_word' id='word_1_433' title='bbox 2492 4381 2728 4432; x_wconf 85' lang='lat' dir='ltr'><strong>‘et’om.</strong></span> <span class='ocrx_word' id='word_1_434' title='bbox 2765 4401 2782 4431; x_wconf 71' lang='lat' dir='ltr'><strong>e</strong></span> <span class='ocrx_word' id='word_1_435' title='bbox 2823 4380 2947 4431; x_wconf 67' lang='lat' dir='ltr'><strong>RN.</strong></span> 
     </span>
     <span class='ocr_line' id='line_1_97' title="bbox 2439 4447 2796 4499; baseline 0.011 -4"><span class='ocrx_word' id='word_1_436' title='bbox 2439 4449 2460 4476; x_wconf 79' lang='lat'>⁸</span> <span class='ocrx_word' id='word_1_437' title='bbox 2493 4447 2610 4498; x_wconf 77' lang='lat' dir='ltr'><strong>sui:</strong></span> <span class='ocrx_word' id='word_1_438' title='bbox 2648 4449 2796 4499; x_wconf 81' lang='lat' dir='ltr'><strong>R-N.</strong></span> 
     </span>
    </p>
   </div>
  </div>
 </body>
</html>
