3117 4959
1258 235 1321 290 s,
1374 231 1718 290 GEORGJJ
1767 209 2220 287 MAR'TYRJS.

1024 341 1181 399 258

480 450 605 534 ipsi
681 449 1021 514 carnifices
1094 448 1519 512 crediderunt
1616 455 1684 511 et

483 539 790 603 veniente
882 546 1076 601 nocte
1143 545 1377 600 sancta
1453 535 1684 600 cecilia

488 647 640 690 cum
674 625 1127 690 sacerdotibus
1158 624 1485 689 universi¹
1519 623 1683 705 bap·

488 716 671 777 tizati
705 722 859 777 sunt
888 733 1135 794 eosque
1178 712 1245 776 in
1294 712 1427 775 fide
1454 711 1683 775 catho-

493 801 621 865 lica
711 801 1128 864 construxit.²
1249 800 1465 882 Igitur
1522 800 1684 863 dum

488 890 918 972 comperisset
1022 887 1383 953 almachius
1502 887 1684 970 quod

494 978 834 1040 maximus
845 976 1312 1040 cornicularius
1326 995 1477 1040 cum
1492 975 1687 1038 sociis

492 1065 801 1128 omnibus
849 1065 1059 1128 factus
1104 1063 1337 1126 fuisset
1390 1062 1687 1126 christia-

488 1172 651 1216 nus:
693 1152 889 1234 jussit
918 1172 1071 1215 eum
1103 1151 1359 1215 tamdiu
1384 1150 1688 1232 plumba-

490 1241 576 1303 tis
605 1241 796 1304 tundi
830 1241 1147 1322 quamdiu
1192 1239 1495 1321 spiritum
1527 1258 1688 1302 exa-

492 1326 674 1391 laret.
798 1327 1017 1411 Quem
1114 1335 1347 1390 sancta
1450 1325 1683 1390 cecilia

492 1414 794 1496 sepelivit
840 1416 1043 1496 juxta
1101 1414 1518 1495 sepulchrum
1579 1423 1690 1495 ty-

494 1503 693 1566 burtii
769 1513 835 1567 et
894 1502 1207 1566 valeriani
1270 1502 1354 1565 ad
1418 1501 1684 1564 laudem

491 1591 743 1653 domini
778 1590 979 1654 nostri
1012 1591 1169 1671 Jesu
1218 1589 1475 1654 Christi.
1577 1588 1689 1653 Ce-

490 1686 631 1740 tera
702 1678 781 1741 de
854 1678 1179 1741 communi
1245 1677 1690 1759 plurimorum

492 1776 861 1846 martyrum
879 1766 905 1804 ⁸
919 1765 1223 1848 paschali
1249 1765 1565 1846 tempore.⁴

502 1858 566 1931 (Ι
610 1854 913 1916 Festum⁶
931 1853 957 1892 ⁶
1017 1853 1189 1916 beati
1261 1852 1527 1934 Georgii
1590 1852 1696 1914 vel

494 1939 708 2003 sancti
763 1940 1055 2020 wilfridi
1108 1941 1173 2003 si
1226 1951 1379 2004 ante
1439 1939 1688 2022 pascha

493 2029 832 2110 contigerit
842 2029 982 2111 fiat
1009 2028 1147 2110 viij.
1194 2029 1301 2092 die
1327 2027 1692 2110 precedente

494 2136 637 2179 cum
692 2115 783 2179 ix.
837 2115 1203 2178 lectionibus
1221 2138 1244 2178 .·
1288 2125 1352 2178 et
1392 2116 1531 2178 sint
1575 2136 1691 2178 sex

480 2203 700 2286 prime
748 2203 1035 2267 lectiones
1081 2201 1293 2266 sancti
1328 2203 1588 2285 georgii
1611 2203 1693 2265 de

494 2291 820 2355 communi
846 2291 1045 2354 unius
1074 2291 1402 2371 martyris.
1466 2301 1691 2354 octava

495 2387 559 2442 et
586 2399 753 2442 noua
783 2378 863 2441 de
889 2378 1030 2442 vita
1050 2379 1255 2460 ipsius
1272 2388 1332 2441 et
1349 2398 1463 2441 sex
1473 2377 1694 2459 prime

492 2467 782 2530 lectiones
806 2465 1019 2530 sancti
1046 2465 1341 2547 wilfl‘idi
1364 2475 1441 2528 ut
1458 2468 1527 2528 in
1557 2465 1690 2529 alio

480 2555 671 2636 sesto.
732 2565 958 2618 octava
996 2563 1059 2616 et
1086 2574 1256 2617 nona
1304 2563 1383 2616 ut
1411 2553 1483 2616 in
1510 2554 1691 2635 sesto

496 2642 949 2706 translationis
980 2641 1198 2724 ipsius.

498 2735 563 2809 11
607 2730 692 2793 In
737 2731 914 2811 festo
969 2729 1181 2794 sancti
1239 2727 1505 2811 Georgii
1552 2728 1694 2811 fiat

494 2818 846 2882 servicium
880 2827 955 2882 ut
1006 2817 1076 2880 in
1113 2817 1291 2899 festo
1339 2816 1587 2897 duplici
1631 2825 1694 2878 et

494 2907 756 2970 dicatur
827 2905 1183 2988 antiphona
1262 2904 1510 2968 Beatus
1571 2903 1684 2967 vir.

492 2994 692 3060 unius
750 2993 1064 3076 martyris
1122 3013 1266 3056 cum
1318 2990 1689 3074 antiphonis

493 3081 893 3166 sequentibus
921 3092 983 3146 et
1000 3080 1277 3163 psalmis
1311 3078 1685 3162 firz'alibus.

1569 3167 1682 3230 Re.

500 3171 887 3253 Capitulum.
1013 3171 1259 3233 Beatus
1334 3168 1447 3232 vir.

594 3357 608 3386 ¹
646 3354 923 3405 universisz
960 3353 1283 3405 E.G.S1.sz.

590 3421 611 3450 ⁸
644 3421 909 3471 instruxit:
944 3419 1503 3470 w.R.E.G.N.Sr.Sz.

592 3487 611 3515 ⁸
651 3485 847 3536 ‘mam’
872 3502 972 3536 om.
1004 3503 1017 3534 ε
1053 3486 1119 3534 N.

594 3553 611 3582 ⁴
650 3551 906 3617 ‘paschali
918 3547 1165 3616 tempores
1186 3567 1279 3600 om.
1301 3565 1319 3599 .·
1365 3551 1512 3600 WE.
1528 3551 1678 3602 (281.

594 3620 615 3648 ⁸
654 3619 669 3644 ‘
688 3617 750 3666 Si
752 3615 947 3680 festum
970 3618 1134 3665 sancti
1160 3617 1351 3681 georgii
1372 3623 1489 3665 ante
1497 3619 1686 3680 pascha

488 3684 705 3734 evenerit
722 3683 826 3747 fiat
844 3689 1010 3731 octavo
1038 3683 1119 3730 die
1130 3682 1410 3746 precedenti
1444 3689 1686 3747 tanquam

470 3752 671 3816 festum
713 3749 895 3813 duplex
938 3748 995 3796 de
1040 3747 1315 3796 minoribus
1355 3763 1470 3796 cum
1515 3765 1686 3798 novem

486 3815 784 3866 lectionibus.
860 3814 955 3862 Sex
981 3813 1151 3876 prime
1194 3813 1412 3862 lectiones
1449 3821 1603 3863 erunt
1630 3816 1687 3863 de

484 3881 743 3934 communi
758 3879 912 3930 unius
944 3879 1185 3942 martyris
1217 3879 1419 3942 septima
1458 3880 1594 3928 lectio
1627 3881 1686 3930 de

480 3949 773 4014 expositione
814 3946 1061 4010 evangelii
1089 3945 1355 3994 secuudum
1408 3946 1572 3994 lucam
1628 3946 1682 3996 Si

482 4016 597 4080 quis
618 4013 725 4064 vult
746 4021 859 4078 post
882 4027 963 4061 me
997 4011 1177 4062 venire.
1257 4009 1439 4060 Octava
1475 4011 1610 4060 lectio
1640 4020 1686 4061 et

482 4098 616 4131 nona
652 4081 711 4130 de
729 4082 836 4128 vita
868 4079 988 4142 ejus.
1062 4079 1108 4131 (Ι
1130 4077 1430 4140 Adprimas
1464 4085 1682 4141 vesperas

476 4154 567 4196 an.
642 4145 825 4195 Beatus
846 4143 923 4192 vir
954 4143 1040 4209 qui
1080 4143 1250 4192 suffert
1286 4149 1333 4190 et
1368 4149 1512 4192 cetere
1543 4146 1678 4192 anti·

470 4213 640 4278 phone
660 4217 900 4274 squentes
920 4209 978 4258 de
998 4208 1251 4264 communi
1270 4207 1429 4259 unius
1442 4211 1680 4270 martyris

478 4293 593 4330 cum
606 4276 816 4340 psalmis
824 4275 1101 4338 ferialibus.
1172 4273 1480 4338 Capitulum.
1556 4273 1679 4324 Bea-

479 4351 560 4392 tus
602 4341 696 4390 vir.
790 4339 879 4391 Re.
953 4340 1103 4392 Miles
1142 4339 1343 4392 Christi.
1442 4339 1680 4400 &mnus

478 4411 619 4462 Deus
656 4415 853 4458 tuorum
888 4405 1119 4457 militum.
1194 4394 1248 4469 Ῠ
1281 4405 1457 4457 Gloria
1491 4412 1541 4456 et
1589 4405 1676 4457 ho·

2299 340 2450 397 254

1785 447 1970 511 Filie.
2061 447 2389 530 Hymnus.
2483 448 2688 512 Deus,
2736 466 2788 535 y
2837 447 2994 514 Glo-

1783 537 1881 599 ria
1913 537 2100 618 patri.
2167 536 2253 598 In
2283 537 2616 618 evangelio
2643 545 2757 602 ανῖ.
2811 537 2992 600 Filie.

1771 631 1870 706 pf.
1919 622 2331 705 Magnificat.
2741 624 2994 689 Oratio.

1785 713 2076 842 Deus
2137 713 2250 793 qui
2312 731 2434 775 nos
2495 712 2677 798 beati
2738 714 2996 795 georgii

1961 799 2270 881 martyris
2299 801 2398 864 tui
2431 802 2683 863 meritis
2702 810 2774 864 et
2799 801 2996 863 inter-

1785 888 2082 951 cessione
2107 886 2384 953 letificas
2413 889 2749 953 :concede
2774 889 2996 970 propi-

1786 975 1919 1037 tius
1951 984 2025 1038 ut
2055 975 2168 1057 qui
2211 977 2354 1059 ejus
2407 976 2734 1039 beneficia
2785 975 3000 1058 posci·

1782 1082 1938 1125 mus
1970 1062 2149 1126 dono
2195 1073 2309 1127 tue
2359 1064 2572 1146 gratie
2622 1084 2998 1146 consequa·

1789 1170 1955 1213 mur.
1986 1171 2120 1233 per.
2165 1151 2500 1214 Memoria
2519 1149 2544 1190 ⁷
2564 1151 2645 1214 de
2679 1173 3000 1214 resurrec-

1789 1237 1960 1301 tione
1983 1247 2088 1300 etc.
2123 1249 2199 1302 ut
2213 1252 2428 1322 supra.
2527 1245 2592 1317 π
2635 1239 2770 1303 Ad
2785 1249 3000 1302 matu-
3078 1253 3081 1290 i

1791 1325 1970 1389 tinas
2028 1327 2279 1391 Invita.
2388 1328 2622 1409 Justus
2685 1327 3001 1392 florebit⁸
3077 1373 3081 1400 .

1787 1434 1933 1476 cum
1959 1412 1984 1450 ⁹
2014 1413 2298 1480 alleluia.
2331 1423 2433 1497 ps.
2467 1416 2731 1490 Venite.
2783 1415 3002 1495 Hym-

1789 1521 1928 1564 nus.
2024 1502 2228 1567 Deus,
2347 1504 2434 1566 In
2495 1514 2812 1566 nocturno
2897 1513 3000 1567 αῆ.

1790 1589 1870 1651 In
1930 1588 2093 1670 lege.
2170 1599 2270 1673 ps.
2347 1591 2594 1655 Beatus
2639 1591 2755 1655 vir.
2869 1593 2936 1654 A
2945 1601 3004 1656 ἢ.

1792 1677 2276 1760 PredicanS.p.?.
2309 1679 2536 1761 Quare
2562 1680 3002 1743 fremuerunt.

1786 1765 1922 1828 Αῑὶ.
1955 1766 2210 1829 Vocem
2245 1787 2483 1831 meam.
2567 1777 2662 1849 pf.
2699 1768 3002 1831 Domine
3079 1831 3081 1856 ÷

1792 1853 1972 1934 quid.
2067 1870 2114 1940 γ
2181 1854 2427 1918 Gloria.
2517 1855 2872 1937 Expositio
2911 1877 3002 1918 se-

1787 1938 2067 2003 cundum
2139 1943 2353 2006 lucam
2445 1941 2519 2008 Si
2607 1944 2762 2025 quis
2839 1943 2998 2007 vult.

1788 2027 2218 2109 Responsoria
2242 2040 2320 2093 ut
2339 2031 2539 2094 unius
2571 2031 2901 2111 martyris
2929 2033 2996 2093 in

1773 2115 2079 2196 paschali
2105 2127 2391 2200 tempore.
2622 2119 2848 2182 Lectio
2876 2118 2996 2200 {72¹⁰

1787 2204 1887 2333 l
1906 2223 1949 2264 n
1983 2203 2219 2269 diebus
2251 2205 2394 2270 illis.
2477 2205 2772 2272 Sanctus
2803 2227 2997 2289 geor-

1899 2293 2048 2373 gius
2109 2294 2470 2375 capadocie
2536 2295 2830 2376 regionis
2881 2315 2996 2376 ge-

1789 2397 1944 2441 nere
1997 2389 2218 2444 ortus:
2265 2382 2591 2463 aspiciens
2627 2382 2822 2463 jussu
2878 2384 2997 2446 da-

1790 2465 1960 2529 ciani
1973 2467 2390 2549 imperatoris
2404 2489 2636 2533 omnes
2649 2469 2994 2535 Christum

1788 2553 2286 2637 derelinquere:
2363 2566 2433 2620 et
2493 2557 2578 2620 ad
2661 2558 2995 2622 idolorum

1789 2641 2112 2706 culturam
2175 2644 2516 2708 festinare:
2585 2645 2792 2709 lorica
2841 2645 2998 2709 fidei
3077 2719 3079 2730 Ι

1791 2729 2065 2793 indutus
2095 2732 2476 2815 vexilloque
2508 2743 2736 2797 sancte
2787 2737 2998 2798 crucis

1789 2817 2234 2883 circumdatus
2293 2821 2488 2884 dixit.
2583 2821 2735 2903 Ego
2789 2822 2998 2885 chris-

1790 2905 2008 2967 tianus
2039 2927 2186 2970 sum
2212 2929 2226 2971 :
2261 2908 2515 2971 malens
2545 2910 2826 2972 seculari
2851 2911 2997 2993 dig·
3075 2919 3077 2930 '

1789 2993 1998 3056 nitate
2043 2996 2247 3058 exui:
2293 3004 2363 3059 et
2411 2995 2730 3061 adherere
2783 2999 2998 3080 impe-

1787 3079 1884 3142 rio
1917 3079 2474 3147 immortalitatis¹¹
2497 3085 2622 3148 dei.
2679 3085 2838 3149 Hiis
2859 3087 2998 3150 dic-

1785 3165 1870 3230 tis
1917 3169 2204 3252 repletus
2237 3171 2332 3234 ira
2377 3171 2686 3235 datianus
2707 3174 2753 3211 ¹²
2795 3173 3000 3256 jussit

1793 3368 1927 3403 nore.
2001 3357 2106 3407 Aa.
2196 3358 2300 3408 Hic
2345 3367 2418 3408 eet
2465 3374 2580 3409 vere
2623 3367 2832 3423 martyr.
2916 3370 2994 3426 pt.

1795 3418 2125 3484 Magnifica)
2193 3423 2338 3474 Haee
2360 3425 2460 3474 add
2483 3425 2861 3476 =·W.E.G.Sx.
2893 3427 3002 3476 vice

1791 3486 2014 3536 omnium
2059 3503 2170 3553 quae
2214 3505 2245 3538 a
2298 3495 2314 3519 ⁸
2331 3491 2536 3540 Festum
2579 3491 2708 3539 beati
2759 3492 2974 3557 Georgii
2985 3492 2999 3515 '

1791 3566 1946 3666 ιιξφιῗ
1967 3553 2031 3601 ad
2091 3559 2188 3618 ‘pi
2231 3554 2548 3621 Magnificat’
2583 3557 2720 3621 apud
2755 3557 2829 3608 Y.
2857 3559 2998 3609 inve-

1789 3631 1910 3666 mun
1931 3634 2003 3667 ur.

1887 3686 1908 3712 ⁸
1941 3685 2092 3732 Hanc
2113 3687 2367 3735 rubricam
2389 3704 2484 3736 ont.
2507 3703 2524 3736 .·
2557 3688 2802 3752 MRsz.

1890 3753 1908 3778 ’
1942 3750 2109 3799 Verba
2129 3767 2161 3800 a
2185 3753 2486 3802 ‘Memoria’
2509 3754 2748 3820 usquead
2775 3761 2790 3782 ⁸
2809 3757 2994 3820 supm'

1785 3829 1885 3863 orn.
1912 3833 1926 3863 ε
1962 3815 2281 3867 W.E.G.SI.

1884 3884 1905 3911 ⁸
1943 3885 1956 3908 ‘
1971 3881 2022 3930 in
2068 3882 2221 3932 domo
2260 3883 2466 3933 domini.
2515 3891 2601 3933 etc.
2643 3885 2702 3934 de
2735 3889 2996 3936 communi

1785 3947 1944 3995 unius
1967 3951 2206 4010 modyn}
2224 3963 2242 3996 .·
2265 3956 2324 3996 ut
2335 3956 2472 4014 patet
2493 3957 2650 4013 supra
2687 3967 2848 4016 usque
2875 3955 2994 4016 [ad.·

1788 4012 1991 4126 gysa]
2035 4021 2256 4063 octavam
2317 4015 2598 4064 lectionem’
2643 4017 2787 4066 add:
2835 4017 2987 4070 ΜΕ.

1833 4115 1844 4126 .
1899 4090 1939 4126 ι.

1878 4146 1900 4174 ⁹
1932 4143 1982 4192 A
2006 4143 2159 4194 verbo
2190 4149 2328 4196 ‘cum
2347 4144 2532 4211 'usque
2556 4147 2620 4196 ad
2665 4149 2824 4198 verba
2854 4155 2990 4213 ‘pns-

1778 4207 1912 4258 chali
1931 4211 2167 4274 tempore’
2187 4213 2358 4261 omnia
2375 4227 2473 4261 om.
2507 4231 2518 4260 :
2555 4213 2887 4265 W.E.G.St.

1885 4277 1921 4306 ¹⁰
1946 4283 2044 4338 pro
2071 4279 2086 4304 ‘
2105 4277 2180 4340 ill’
2203 4277 2316 4341 viij.
2336 4293 2352 4326 .·
2400 4278 2624 4328 WE.G.

1883 4341 1918 4371 ¹¹
1953 4341 2286 4391 immortalis:
2321 4343 2402 4392 W.
2417 4343 2894 4396 R.-E.G.N.St.sz.

1881 4405 1922 4476 ξ’
1953 4406 2223 4460 dacianus:
2259 4408 2832 4462 W.R.E.G.N.sx.sa.
