3117 4959
1472 202 1520 258 C
1520 201 1651 258 OM
1645 201 1905 258 MUNE

989 318 1032 369 7

411 421 573 486 inite
645 420 1089 485 contentionis
1165 418 1422 501 arguit:
1497 414 1616 480 sed

414 512 698 575 sormam
730 527 934 590 quam
957 516 1324 588 sequuntur
1351 504 1617 569 humili-

416 600 576 663 tatis
630 598 933 660 modesta
985 597 1238 659 ratione
1288 592 1617 658 describit.

421 689 501 752 In
549 706 683 769 qua
727 693 954 748 tamen
995 683 1208 747 forma
1253 682 1620 746 obtinenda

423 776 706 856 majores
768 782 836 836 et
895 782 1314 854 preceptores
1389 771 1456 833 id
1517 777 1621 831 est

423 864 729 925 doctores
788 860 1062 923 ecclesie
1139 880 1270 921 non
1343 859 1619 920 minima

423 949 819 1014 discretione
857 958 860 961 ’
899 967 1068 1029 opus
1157 946 1412 1009 habent
1447 967 1460 1009 :
1538 964 1623 1007 ne

423 1038 730 1101 videlicet
762 1036 1068 1117 regnum¹
1093 1037 1392 1117 gentium
1419 1034 1627 1097 instar

427 1125 754 1189 dominari
788 1123 1142 1204 subjectis:
1186 1142 1390 1203 seque
1413 1122 1500 1184 ab
1531 1121 1629 1184 eis

429 1213 764 1296 gaudeant
840 1210 1260 1293 supervacuis
1323 1210 1629 1273 laudibus

433 1300 694 1365 attolli:
739 1300 854 1363 sed
888 1300 974 1362 ad
1023 1296 1408 1380 exemplum
1456 1298 1631 1379 regis

431 1389 639 1453 eterni
682 1389 870 1470 quasi
918 1387 1203 1449 minores
1248 1387 1343 1449 eis
1391 1386 1632 1467 quibus

433 1476 739 1559 regendis
800 1484 1074 1558 presunt
1138 1474 1502 1538 efficiantur
1566 1480 1635 1533 et

435 1564 730 1628 ministri.
1253 1561 1465 1625 Lectio
1493 1560 1635 1643 viij.

434 1654 727 1785 Nam
757 1650 1064 1714 nimirum
1101 1670 1367 1713 necesse
1391 1658 1530 1713 est:
1566 1656 1638 1711 ut

617 1742 710 1802 sic
753 1740 924 1801 bene
971 1739 1320 1821 agentibus
1357 1758 1477 1820 per
1517 1736 1639 1799 hu-

440 1826 830 1892 militatem8
878 1828 1010 1889 sint
1041 1826 1242 1890 socii:
1292 1822 1641 1907 quatinus⁸

437 1923 669 1980 eontra
700 1914 1226 1996 delinquentium
1256 1915 1491 1977 vitium
1526 1932 1643 1994 per

443 2003 657 2067 zelum
700 2002 962 2083 justicie
1008 2003 1142 2065 sint
1179 2003 1420 2065 erecti:
1467 2010 1540 2063 ut
1574 2008 1642 2063 et

444 2092 636 2159 bonis
682 2092 748 2154 in
800 2091 980 2153 nullo
1030 2109 1101 2152 se
1153 2089 1526 2172 preferant:
1576 2096 1643 2151 et

443 2200 598 2242 cum
677 2198 1030 2260 pravorum
1107 2178 1302 2260 culpa
1377 2176 1642 2257 exigit:

448 2276 850 2350 potestatem
873 2266 1169 2349 protinus
1193 2267 1292 2329 sui
1317 2266 1645 2347 prioratus

447 2362 830 2437 agnoscant.
1313 2352 1528 2416 Lectio
1561 2352 1646 2415 ix.

447 2444 629 2576 N
630 2462 668 2505 e
717 2442 893 2505 enim
942 2440 1334 2524 presidentis
1389 2442 1648 2504 animus

632 2530 717 2593 ad
749 2529 1103 2593 elationem
1152 2528 1500 2611 potestatis
1532 2547 1650 2590 sue

451 2618 889 2683 delectatione
933 2618 1263 2699 rapiatur:
1310 2626 1486 2680 recte
1533 2636 1652 2699 per

449 2707 785 2791 quendam
890 2706 1259 2787 sapientem
1362 2705 1650 2768 dicitur:

459 2794 756 2859 Ducem⁴
809 2802 877 2856 te
923 2794 1450 2857 constituerunt:
1514 2792 1649 2855 noli

453 2882 730 2949 extolli:
789 2882 905 2945 sed
958 2891 1102 2945 esto
1153 2882 1218 2944 in
1279 2881 1407 2944 illis
1462 2882 1650 2962 quasi

455 2990 624 3033 unus
694 2990 784 3033 ex
860 2970 1006 3034 illis.
1134 2969 1347 3052 Igitur
1420 2968 1655 3032 fratres

454 3059 716 3141 gravius
776 3078 1254 3141 nonnunquam
1329 3056 1657 3138 delinqui-

457 3160 611 3209 tur:
685 3148 740 3208 si
813 3148 984 3210 inter
1073 3166 1413 3228 perversos
1504 3145 1655 3227 plus

457 3234 783 3315 equalitas
815 3255 1018 3316 quam
1060 3232 1408 3316 disciplina
1438 3243 1657 3297 custo—

457 3322 691 3386 diatur.

462 3413 529 3486 ds
572 3408 740 3471 Alia
787 3408 1086 3491 expositio
1127 3410 1470 3472 secundum
1538 3410 1660 3483 Jo-

457 3497 780 3561 hannem.²⁵

461 3587 617 3719 ln
669 3584 782 3647 illo
829 3592 1172 3666 tempore:
1221 3583 1418 3648 Dixit
1468 3584 1661 3665 Jesus

573 3671 911 3755 discipulis
955 3673 1134 3735 suis:
1186 3672 1337 3736 Hoc
1385 3682 1485 3735 est
1516 3693 1662 3754 pre-

462 3769 731 3843 ceptum
785 3780 1050 3825 meum:
1099 3770 1172 3824 ut
1225 3760 1664 3841 diligatis-in-

465 3850 729 3913 vicem:
805 3848 974 3911 sicut
1050 3848 1256 3911 dilexi
1331 3869 1467 3912 vos
1575 3849 1665 3912 Et

465 3937 734 4019 reliqua.
848 3935 1100 4000 Omelia
1159 3937 1330 4000 beati
1373 3936 1673 4019 gregorii

450 4035 629 4107 pape.
1308 4025 1523 4089 Lectio
1553 4026 1668 4107 vij.

465 4115 886 4248 precepta
960 4132 1118 4194 ergo
1194 4111 1525 4176 dominica
1601 4122 1669 4176 et

621 4200 831 4263 multa
861 4209 1015 4264 sunt
1039 4210 1107 4265 et
1138 4220 1358 4265 unum.
1453 4200 1673 4266 Multa

571 4336 588 4367 ¹
621 4352 828 4400 regum:
863 4337 929 4388 G.

565 4404 588 4437 ⁴
619 4403 868 4454 Dulcem:
905 4402 988 4454 W.

1327 4339 1348 4369 ²
1379 4336 1739 4387 humanitatem
1768 4356 1779 4386 :
1816 4337 1875 4387 E.

1327 4406 1348 4435 ⁸
1377 4420 1461 4453 xv.
1490 4404 1623 4453 add:
1658 4404 1723 4453 E.
1740 4404 1857 4455 G.S.

2296 310 2343 367 8

1720 426 1875 481 sunt
1948 435 2068 499 per
2138 416 2590 480 diversitatem
2648 415 2939 499 operis:

1719 526 1923 569 unum
2031 506 2097 567 in
2202 506 2426 569 radice
2528 505 2933 569 dilectionis,

1718 594 2024 675 Qualiter
2070 602 2296 656 autem
2346 593 2619 657 dilectio
2664 594 2798 657 ista
2839 594 2937 655 sit

1717 682 2049 746 tenenda:
2107 682 2249 763 ipse
2302 682 2632 745 insinuat:
2691 681 2809 763 qui
2860 682 2933 743 in

1719 770 2049 852 plerisque
2093 769 2451 851 scripture⁶
2480 771 2833 832 sententiis
2863 778 2940 831 et

1722 858 1973 921 amicos
2042 856 2235 937 jubet
2295 858 2479 939 diligi
2542 859 2609 919 in
2670 878 2790 921 se:
2859 868 2936 919 et

1723 947 2023 1009 inimicos
2054 953 2325 1027 propter
2356 966 2443 1008 se.
2537 945 2755 1008 Lectio
2788 945 2934 1027 viij.

1824 1034 1911 1097 lle
1930 1034 2249 1096 veraciter
2266 1033 2659 1097 charitatem
2684 1032 2895 1096 habet
2916 1052 2933 1096 :

1835 1122 1948 1203 qui
1980 1130 2048 1184 et
2077 1122 2365 1184 amicum
2408 1122 2627 1202 diligit
2658 1122 2725 1183 in
2758 1122 2892 1184 deo
2920 1142 2936 1183 :

1726 1219 1794 1274 et
1815 1210 2151 1273 inimicum
2176 1218 2445 1291 propter
2466 1210 2686 1273 deum.
2752 1210 2937 1272 Nam

1728 1307 1884 1362 sunt
1914 1297 2213 1361 nonnulli
2238 1298 2350 1379 qui
2386 1297 2673 1377 diligunt
2704 1298 2939 1379 proxi-

1732 1406 1921 1449 mos:
1977 1385 2095 1448 sed
2144 1405 2262 1467 per
2308 1385 2622 1449 affectum
2689 1405 2941 1467 cogna-

1730 1474 1930 1537 tionis
1963 1482 2030 1537 et
2062 1472 2313 1537 carnis:
2347 1474 2587 1555 quibus
2612 1482 2845 1536 tamen
2872 1474 2940 1535 in

1732 1562 1855 1625 hac
1889 1560 2242 1625 dilectione
2277 1579 2465 1625 sacra
2508 1562 2773 1642 eloquia
2806 1580 2943 1623 non

1736 1651 2213 1715 contradicunt.
2364 1648 2501 1713 Sed
2563 1649 2741 1712 aliud
2840 1657 2945 1711 est

1735 1738 1916 1821 quod
1948 1748 2189 1820 sponte
2221 1737 2628 1819 impenditur
2656 1746 2901 1800 nature
2928 1758 2945 1799 :

1738 1826 1918 1889 aliud
1968 1826 2149 1907 quod
2204 1825 2533 1907 preceptis
2586 1825 2945 1888 dominicis

1739 1936 1828 1977 ex
1860 1914 2179 1977 charitate
2211 1914 2490 1976 debetur
2521 1911 2923 1975 obedientie.

1739 2002 1955 2134 Hi
1987 2003 2295 2064 nimirum
2318 2010 2384 2064 et
2401 2000 2627 2083 proxi·
2654 2000 2829 2084 [Lec.
2856 2002 2947 2063 ix.

1936 2108 2118 2152 mum
2180 2089 2509 2170 diligunt:
2583 2098 2653 2152 et
2716 2098 2979 2175 tamen⁴

1741 2177 1858 2241 illa
1908 2177 2216 2240 sublimia
2262 2176 2636 2241 dilectionis
2691 2178 2952 2258 premia

1744 2286 1877 2328 non
1909 2275 2363 2346 assequuntur.
2440 2265 2617 2346 Quia
2646 2284 2949 2328 amorem

1744 2373 1937 2417 suum
1970 2372 2104 2416 non
2150 2353 2578 2435 spiritualiter
2608 2353 2728 2415 sed
2762 2372 2953 2416 carn-

1746 2443 1937 2505 aliter
1972 2442 2383 2523 impendunt.
2478 2441 2764 2504 Proinde
2799 2460 2953 2504 cum

1748 2530 2056 2593 dominus
2116 2529 2399 2593 diceret:
2462 2528 2590 2592 hoc
2638 2538 2743 2592 est
2807 2549 2955 2612 pre-

1747 2627 2016 2700 ceptum
2068 2636 2333 2680 meum:
2387 2625 2462 2680 ut
2510 2616 2811 2699 diligatis
2858 2618 2959 2679 in-

1748 2707 2000 2769 vicem:
2065 2706 2367 2787 protinus
2414 2705 2717 2769 addidit:
2786 2706 2958 2768 sicut

1750 2793 1957 2857 dilexi
2002 2814 2136 2857 vos,
2229 2793 2338 2857 Ac
2368 2794 2420 2855 si
2456 2802 2681 2875 aperte
2728 2793 2958 2856 dicat:

1752 2882 1865 2944 Ad
1898 2880 2025 2943 hoc
2062 2891 2325 2945 amate:
2373 2881 2458 2944 ad
2504 2881 2687 2963 quod
2734 2881 2961 2944 amavi

1754 2990 1889 3033 vos·
1992 2977 2095 3050 pff.
2186 2970 2288 3032 Te
2352 2970 2593 3032 Deum.
2712 2986 2763 3054 γ
2814 2970 2963 3032 An·

1756 3057 2231 3120 nunciaverunt
2306 3077 2509 3138 opera
2598 3056 2723 3121 dei.
2867 3057 2967 3120 Et

1756 3145 1934 3210 sacta
1964 3145 2109 3226 ejus
2140 3143 2629 3208 intellexerunt.

1760 3238 1823 3311 (Ι
1868 3234 1952 3295 In
1984 3232 2288 3296 laudibus
2314 3241 2422 3296 aii.

1756 3322 2013 3453 Hoc
2046 3330 2146 3384 est
2176 3330 2559 3403 preceptum
2586 3340 2817 3384 meum
2844 3342 2859 3383 :
2895 3328 2970 3384 ut

1934 3409 2225 3490 diligatis
2248 3410 2529 3472 invicem
2554 3409 2724 3472 sicut
2749 3408 2969 3472 dilexi

1754 3517 1893 3561 vos,
1953 3506 2047 3579 pf.
2097 3498 2427 3559 Dominus
2459 3499 2779 3578 regnavit.
2830 3498 2968 3561 Aa.

1762 3586 2089 3667 Majorem
2110 3584 2499 3649 charitatem
2511 3606 2711 3649 nemo
2722 3584 2940 3647 habet
2954 3604 2969 3647 ε

1761 3684 1833 3737 ut
1865 3674 2156 3736 animam
2188 3693 2377 3736 suam
2409 3684 2618 3754 ponat
2647 3675 2801 3755 quis
2847 3692 2973 3755 pro

1761 3762 1991 3825 amicis
2021 3761 2173 3824 suiS.
2247 3770 2347 3842 pff.
2423 3761 2735 3841 Jubilate.
2832 3762 2974 3824 Aa.

1759 3850 1901 3913 Vos
1932 3849 2125 3913 amici
2170 3851 2299 3911 mei
2346 3850 2546 3913 estis:
2594 3850 2645 3913 si
2680 3848 2979 3913 feceritis

1764 3958 1893 4021 que
1954 3937 2246 4019 precipio
2306 3936 2545 4001 vobis:
2622 3938 2789 4001 dicit
2853 3940 2979 4002 do-

1768 4026 2001 4088 minus.
2096 4034 2196 4106 pf.
2289 4026 2474 4088 Deus
2534 4026 2699 4089 deus
2763 4044 2978 4089 meus,

1765 4115 1899 4178 Aa.
1994 4112 2180 4176 Beati
2215 4112 2467 4176 mundo
2512 4114 2755 4177 corde:
2808 4135 2985 4197 quo-

1768 4202 1949 4265 niam
2002 4200 2127 4283 ipsi
2187 4202 2389 4265 deum
2450 4201 2796 4266 videbunt.
2878 4214 2987 4287 pi.

2226 4339 2251 4435 ἱ
2277 4344 2559 4455 ςιιειῑεηυὲᾱε
2594 4338 2753 4457 Ἱλὲἓ
2762 4341 2830 4391 G.
2840 4340 2901 4393 S.

2288 4405 2431 4453 ‘sue'
2454 4421 2487 4455 a
2580 4422 2593 4455 ε
2677 4441 2690 4453 .
2753 4444 2769 4457 .
