3117 4959
1492 239 1596 292 IN
1638 237 1908 292 FESTO

988 349 1122 402 721

450 453 935 519 Salutationem
962 455 1080 518 tibi
1107 455 1469 538 imperator
1492 475 1638 538 pro-

442 543 611 606 ferre
705 563 827 605 nos
900 553 969 607 et
1036 543 1284 607 ordinis
1350 545 1646 626 dignitas

442 639 512 694 et
580 631 852 694 rationis
924 632 1034 695 via
1122 632 1557 715 promovebat
1585 631 1645 695 ²:

440 720 495 780 si
570 717 693 780 hec
768 719 912 800 ipsa
986 739 1116 801 que
1188 719 1476 783 cultibus
1528 719 1645 782 de-

442 825 717 868 monum
800 807 1077 870 exhibes
1156 807 1435 870 creatori
1524 817 1645 871 tuo

440 893 857 974 impenderes
903 917 917 959 :
994 914 1113 977 per
1177 915 1378 978 quem
1454 915 1644 977 reges

442 991 766 1062 regnant:
856 991 924 1046 et
1006 985 1233 1046 omnia
1308 983 1641 1046 elementa

440 1068 826 1133 subsistunt.
917 1071 1031 1134 Re.
1066 1071 1467 1153 Martyrium
1500 1073 1638 1134 siti-

440 1176 604 1218 ens:
650 1157 967 1220 libamina
1016 1161 1256 1222 cesaris
1314 1158 1588 1222 horrens
1625 1180 1640 1223 ε

442 1243 801 1308 Exclamat
834 1244 1168 1310 Christum
1190 1256 1409 1329 preter
1438 1267 1638 1328 quem

440 1332 531 1393 nil
591 1335 1059 1398 venerandum.
1169 1350 1218 1418 y
1289 1336 1640 1398 Demoniis

438 1419 639 1500 plena
669 1430 824 1485 sunt
854 1420 977 1486 hec
1021 1422 1116 1486 ait
1160 1422 1338 1485 idola
1368 1422 1640 1504 templa.

440 1507 815 1572 Exclamat.
1290 1510 1509 1572 Lectio
1542 1510 1637 1592 τῇ,

450 1596 797 1728 Cunque
828 1596 1051 1678 puella
1078 1597 1199 1660 hec
1224 1597 1640 1679 loqueretur²

574 1683 936 1765 imperator
977 1685 1314 1749 admirans
1358 1686 1467 1750 ait.
1562 1685 1636 1749 Si

438 1780 812 1834 nostrorum
855 1772 1397 1856 philosophorum
1444 1793 1638 1856 gym-

436 1859 637 1920 nasiis
690 1880 733 1923 o
777 1860 964 1942 virgo
1010 1862 1375 1925 erudienda
1418 1881 1640 1943 perse-

441 1945 694 2010 disses:
741 1947 1017 2012 deorum
1080 1959 1453 2012 nostrorum
1516 1970 1637 2012 nu-

443 2035 624 2096 mina
642 2035 1009 2099 divinitatis
1029 2036 1281 2100 honore
1293 2057 1502 2101 vacua
1522 2058 1640 2100 ne-

440 2140 778 2203 quaquam
802 2135 1141 2187 astruereS.
1238 2125 1387 2188 Hec
1410 2126 1638 2187 dicens

440 2209 653 2271 accito
698 2210 1073 2273 clanculum
1122 2213 1408 2276 nuncio:
1456 2213 1639 2275 misit

442 2295 665 2358 literas
716 2317 832 2378 per
878 2298 1338 2378 infrajacentes
1369 2301 1639 2381 provin·

442 2385 576 2446 cias
614 2385 696 2446 ad
732 2405 963 2448 omnes
996 2386 1287 2450 rethores
1320 2397 1388 2450 et
1417 2408 1638 2470 gram·

442 2472 757 2536 maticos:
806 2475 1201 2554 promittens
1278 2475 1423 2539 illos
1486 2477 1637 2539 altis

441 2558 801 2623 honoribus
878 2562 1267 2627 donandos:
1332 2565 1389 2626 si
1464 2563 1638 2627 hanc

442 2648 576 2710 suis
696 2650 1167 2713 assertionibus
1256 2661 1634 2733 superatam

444 2736 863 2802 reddiderint.
953 2738 1071 2803 Re.
1120 2739 1269 2803 Hec
1310 2741 1638 2821 quinqua-

440 2843 649 2905 ge.1os
686 2835 979 2889 oratores
1024 2835 1411 2910 superatos:
1462 2827 1639 2891 Diri-

439 2911 539 2993 git
589 2913 673 2974 ad
726 2914 902 2976 celos
962 2934 1194 2977 aurum
1252 2915 1435 2979 velut
1482 2917 1638 2997 igne

442 2999 771 3080 probatos,
908 3019 955 3088 γ
1047 3003 1357 3066 Efficiens
1432 3011 1639 3066 testes

443 3086 597 3150 fidei
624 3108 638 3150 :
670 3109 837 3169 quos
869 3091 1138 3171 pertulit
1168 3090 1408 3155 hostes
1459 3092 1639 3156 Diri-

440 3177 556 3256 git.
634 3176 876 3241 Gloria.
943 3178 1204 3260 Dirigit.
1280 3179 1368 3241 In
1399 3177 1464 3261 ij.
1500 3200 1639 3241 noc-

444 3272 637 3324 turno
678 3273 782 3327 αῆ.
879 3265 1049 3328 Cum
1084 3276 1258 3328 esset
1303 3266 1519 3330 adhuc
1570 3268 1637 3330 in

444 3351 634 3412 annis
682 3352 868 3432 virgo
916 3355 1275 3434 puerilibus
1320 3356 1485 3418 caris
1534 3377 1639 3418 or-

443 3437 604 3500 bata
628 3439 1015 3518 parentibus
1040 3443 1269 3504 mundi
1296 3444 1638 3506 renuncia-

442 3526 540 3586 vit
571 3527 824 3607 opibuS.
900 3537 999 3607 pf.
1050 3529 1411 3594 Eructavit.
1502 3533 1636 3595 Αφῖ.

445 3613 833 3676 Maxentius
896 3617 1098 3679 instat
1172 3619 1414 3700 impius
1474 3620 1637 3682 dum

442 3701 768 3764 idolorum
831 3702 1119 3767 cultibus
1180 3705 1400 3786 puella
1472 3727 1638 3770 voce

443 3789 649 3852 libera
696 3790 817 3854 hec
866 3791 1063 3853 sum³
1112 3793 1356 3857 clamat
1404 3795 1636 3858 demo-

442 3878 594 3940 nia:
642 3888 709 3941 et
741 3879 941 3941 deum
996 3888 1063 3942 te
1112 3880 1375 3946 Christe
1420 3884 1634 3946 solum

442 3966 742 4047 predicat
766 3987 847 4029 os
878 3968 1263 4049 virgineum.
1312 3979 1415 4050 pff.
1452 3972 1636 4034 Deus

442 4064 667 4116 noster
741 4055 1084 4137 refugium.
1219 4057 1353 4120 Αῆ.
1432 4059 1640 4123 Cesar

440 4142 687 4203 electos
778 4155 1099 4208 convocat
1184 4145 1477 4209 rethores
1569 4156 1637 4211 et

436 4231 911 4312 grammaticos
944 4233 1258 4296 adversus
1291 4233 1471 4297 illam
1504 4236 1633 4299 dis-

834 4369 847 4396 ¹
886 4371 1243 4432 premonebat:
1281 4373 1332 4422 S.

830 4433 849 4464 ²
884 4447 1206 4499 sequeretur:
1244 4438 1323 4486 W.

2243 349 2404 403 722

1751 463 2140 536 putaturos:
2201 476 2372 537 quos
2431 454 2718 518 vincens
2777 451 2946 536 virgo
3059 493 3061 536 :

1753 543 2000 608 Christi
2049 543 2249 607 fidem
2281 545 2556 607 docuit:
2605 551 2682 605 et
2713 553 2949 623 marty-

1750 652 1855 694 res
1928 632 2170 714 dignos
2244 631 2374 695 deo
2449 630 2792 694 exhibuit.
2863 639 2952 710 pff.

1753 720 2239 783 Fundamenta.
2359 735 2408 803 γ
2501 719 2758 800 Specie
2829 727 2952 781 tua.

1908 897 2244 978 provincie
2311 895 2556 959 finibus
2581 916 2598 958 :
2683 896 2956 956 nuncius

1745 986 2130 1048 revertitur:
2175 983 2426 1047 ducens
2475 1002 2716 1045 secum
2773 982 2956 1063 quin·
3059 973 3061 1026 ἕ

1747 1073 2074 1152 quaginta
2104 1071 2318 1134 viros:
2365 1070 2480 1151 qui
2529 1091 2604 1132 se
2659 1071 2731 1132 in
2781 1071 2955 1132 omni

1745 1160 2072 1241 sapientia
2122 1159 2354 1221 mundi
2405 1157 2748 1221 excellere
2791 1157 2958 1220 ultra

1745 1266 1980 1310 omnes
2012 1247 2328 1310 mortales
2359 1247 2774 1308 asserebant.
2855 1245 2960 1307 In·
3059 1243 3061 1250 '

1744 1343 1926 1398 terea
1955 1335 2144 1418 virgo
2187 1342 2423 1398 sancta
2474 1334 2604 1396 sub
2653 1334 2960 1396 custodia

1743 1432 2048 1486 servata:
2094 1423 2180 1486 de
2233 1421 2548 1485 conflictu
2605 1422 2790 1502 regis
2846 1422 2960 1482 im-

1744 1512 2135 1591 perterrita:
2183 1509 2418 1572 militie
2479 1529 2598 1572 sue
2665 1528 2954 1589 agonem

1743 1598 2017 1661 domino
2048 1598 2581 1661 commendabat.
2679 1597 2818 1660 Cui
2849 1617 2959 1677 ap-

1749 1687 1969 1766 paruit
2018 1685 2295 1767 angelus
2349 1684 2608 1747 domini
2669 1683 2959 1746 dicens:

1745 1773 2150 1838 Constanter
2195 1773 2410 1853 inquit
2441 1791 2566 1854 age
2595 1781 2802 1852 grata
2833 1772 2960 1834 deo
3059 1845 3061 1854 ἶ

1745 1861 1967 1942 puella
1995 1883 2010 1924 :
2059 1862 2215 1942 quia
2246 1870 2468 1922 tecum
2501 1868 2607 1921 est
2636 1859 2962 1922 dominus
3059 1857 3061 1862 ’

1743 1969 1864 2030 pro
1887 1948 2076 2030 cujus
2097 1948 2347 2011 honore
2367 1946 2740 2010 certamina
2761 1946 2960 2009 inisti.

1751 2037 1906 2120 Ipse
1969 2035 2297 2100 affluentis
2357 2035 2540 2098 verbi
2619 2036 2954 2116 impetum

1745 2123 1980 2188 fundet
2011 2125 2078 2187 in
2103 2143 2178 2187 os
2199 2132 2388 2187 tuum
2415 2145 2428 2188 :
2459 2123 2566 2184 cui
2591 2122 2960 2185 adversarii

1746 2213 2046 2276 resistere
2107 2231 2244 2274 non
2289 2209 2736 2293 prevalebunt
2772 2232 2792 2273 ε
2845 2211 2958 2273 sed

1745 2300 2014 2382 insuper
2043 2320 2162 2381 per
2189 2308 2258 2363 te
2289 2299 2585 2362 conversi
2607 2299 2694 2360 ad
2727 2298 2960 2362 Chris·
3059 2331 3061 2334 ⁴

1745 2396 1930 2450 tum:
1977 2407 2130 2450 cum
2179 2387 2410 2468 palma
2459 2386 2768 2467 martyrii
2827 2389 2961 2448 vite
3059 2429 3061 2450 .

1739 2475 2016 2555 januam
2051 2474 2435 2538 introibunt.
2496 2475 2612 2538 Re.
2647 2475 2711 2538 Ο
2749 2495 2960 2555 quam

1745 2563 1969 2627 felices
2001 2584 2120 2646 per
2147 2573 2216 2626 te
2247 2563 2668 2626 sanctissima
2687 2562 2960 2643 plures:

1745 2650 1933 2733 Quos
1991 2651 2181 2733 jubet
2243 2651 2457 2715 occidi
2511 2671 2632 2732 pro
2680 2650 2964 2714 Christo
3057 2723 3059 2728 .

1743 2741 2048 2803 turbidus
2109 2739 2336 2802 hostis,
2429 2755 2476 2823 y
2543 2739 2718 2802 Cum
2790 2740 2964 2802 duce

1742 2827 2080 2910 porphirio
2113 2827 2188 2890 fit
2221 2836 2473 2910 martyr
2501 2826 2754 2889 cesaris
2791 2847 2966 2890 uxor

1744 2915 1934 2997 Quos
1958 2916 2165 2997 jubet.
2641 2914 2882 2977 Lectio
2909 2937 2962 2976 v.

1741 3005 2121 3137 sedente
2153 3005 2378 3086 itaque
2403 3002 2824 3084 imperatore
2851 3023 2960 3085 pro

1877 3091 2191 3154 tribunali
2239 3114 2253 3154 :
2346 3099 2578 3153 assunt
2655 3101 2960 3154 oratores

1743 3199 2073 3261 pomposo
2147 3179 2529 3261 eloquentie
2603 3176 2793 3242 fastu
2867 3189 2960 3241 tu-

1743 3277 2016 3331 mentes.
2108 3266 2315 3330 Astat
2367 3276 2435 3329 et
2483 3265 2712 3347 puella
2749 3267 2960 3329 fidens
3053 3327 3055 3334 .

1747 3356 1814 3417 in
1847 3355 2140 3419 domino,
2238 3357 2447 3418 Facto
2491 3365 2728 3416 autem
2767 3355 2958 3418 silen-

1744 3443 1879 3507 tio:
1925 3444 2114 3525 virgo
2169 3442 2420 3506 Christi
2481 3463 2820 3506 conversa
2877 3443 2956 3506 ad

1747 3530 1930 3594 illos:
1979 3552 2106 3612 ego
2140 3533 2391 3611 inquit:
2437 3551 2481 3592 o
2513 3531 2822 3593 seniores
2853 3531 2956 3592 sil—

1746 3619 2081 3700 logisticas
2112 3618 2601 3700 disputationes
2621 3618 2954 3701 abrogans

1737 3706 1966 3787 judico
2001 3727 2107 3769 me
2139 3707 2357 3769 intus⁴
2404 3727 2525 3769 vos
2575 3706 2744 3769 nihil
2781 3707 2951 3770 aliud

1743 3796 1909 3858 scire
1938 3817 1952 3859 :
2000 3795 2124 3858 nisi
2171 3814 2324 3856 eum
2357 3794 2471 3876 qui
2503 3804 2608 3857 est
2641 3815 2810 3858 vera
2839 3796 2954 3858 sci-

1746 3885 1928 3946 entia
1957 3892 2025 3945 et
2059 3885 2124 3946 in
2173 3903 2245 3944 se
2289 3883 2711 3945 credentium
2743 3884 2950 3963 gloria

1741 3973 2090 4034 dominum
2153 3990 2378 4033 meum
2428 3971 2666 4051 Jesum
2733 3971 2948 4036 Chris-

1743 4067 1940 4122 tum:
2019 4060 2130 4141 qui
2185 4068 2288 4121 est
2349 4078 2571 4121 rerum
2650 4060 2944 4121 omnium

1743 4148 2137 4229 principium
2188 4147 2336 4209 sons
2387 4157 2456 4210 et
2505 4147 2700 4228 origo
2749 4149 2948 4210 bono-

1743 4256 1940 4298 rum:
1989 4257 2078 4298 ex
2132 4255 2266 4318 quo
2325 4235 2609 4299 omnia:
2691 4235 2760 4298 in
2823 4255 2944 4318 quo

2067 4376 2086 4404 ⁸
2119 4381 2266 4423 sunt:
2301 4373 2450 4424 W.S.

2075 4443 2094 4471 ⁴
2129 4441 2288 4489 inter:
2324 4441 2470 4492 w.s.
