3117 4959
1008 259 1068 312 S.
1122 257 1391 314 HILDE
1441 258 1823 316 VIRGINIS.

705 370 854 425 507

177 478 684 615 Omnipotens
727 476 1142 560 sempiterne=
1159 475 1323 541 deus
1347 497 1362 541 :

182 598 184 601 ·
304 568 418 650 qui
480 566 674 648 hujus
724 566 856 628 diei
915 566 1360 628 venerandam

164 665 602 737 sanctamque
624 653 912 717 leticiam
929 653 946 691 ¹
969 653 1148 716 beati
1168 673 1364 734 apos-

163 744 284 806 toli
347 743 444 806 tui
504 741 944 805 bartholomei
1004 740 1360 804 festivitate

161 831 452 895 tribuisti
481 852 496 894 :
542 831 632 893 da
676 828 946 893 ecclesie
977 837 1091 892 tue
1121 849 1362 910 quesu-

167 940 316 983 mus
347 928 415 983 et
455 937 681 981 amare
730 916 910 999 quod
960 915 1240 980 credidit
1292 924 1362 980 et

167 1008 506 1090 predicare
537 1005 718 1087 quod
761 1003 1002 1068 docuit.
1095 1024 1213 1086 per
1242 1005 1362 1067 do-

169 1097 445 1159 minum.
533 1092 864 1157 Memoria
893 1091 973 1154 de
996 1101 1216 1154 sancto
1245 1112 1364 1154 au·

165 1185 378 1248 domo.
453 1182 579 1246 Ad
601 1190 894 1261 vesperas
908 1188 1013 1243 αῆ.
1087 1179 1362 1260 Juravit.

149 1283 258 1356 psi
319 1271 514 1336 Dixit
544 1269 854 1334 dominus
883 1267 1174 1330 domino·
1229 1267 1362 1330 Αῆ.

171 1360 493 1426 Collocet.
581 1357 679 1420 Et
713 1365 914 1419 cetera
941 1355 1024 1417 de
1045 1353 1372 1418 communi

168 1469 318 1512 cum
369 1446 657 1511 oratione
698 1443 1144 1524 Omnipotens
1193 1462 1367 1505 sem-

167 1538 430 1620 piterne
459 1535 639 1599 deus,
715 1541 794 1594 ut
816 1542 1031 1613 supra.
1114 1531 1364 1593 Memo-

165 1627 280 1689 ria
307 1624 387 1687 de
414 1629 639 1685 sancta
666 1619 869 1683 hilda.
932 1620 1066 1683 Αῆ.
1132 1617 1366 1684 Simile

162 1721 272 1777 est
303 1730 580 1793 regnum
627 1707 918 1771 celorum
965 1725 1225 1788 sagene.
1317 1722 1366 1791 γ

163 1800 448 1865 Diffusa.
566 1795 813 1860 Orati0.
916 1793 1366 1876 Omnipotens

162 1888 572 1970 sempiterne
647 1884 826 1948 deus,
937 1891 1016 1945 ut
1070 1881 1141 1945 in
1199 1901 1366 1944 com-

163 1996 372 2040 mum.

167 2071 238 2143 (1
291 2065 527 2128 Sancte
556 2060 638 2124 H
634 2058 762 2124 ilde
788 2057 1086 2142 virgy'mk.
1148 2058 1288 2121 Lec.
1303 2057 1368 2138 j.

165 2155 470 2287 Ecata
545 2148 796 2212 famula
873 2147 1117 2212 Christi
1182 2145 1368 2209 hilda

323 2237 562 2301 nobilis
612 2245 772 2300 natu
821 2245 964 2298 erat
1003 2234 1141 2297 filia
1189 2234 1367 2298 vide-

170 2330 334 2393 licet
387 2325 650 2406 nepotis
702 2322 1004 2387 hetwini²
1035 2321 1206 2404 regis
1253 2342 1370 2384 no-

171 2417 360 2480 mine
397 2411 708 2476 here-rich.
801 2411 971 2476 Cum
1003 2431 1138 2492 quo
1167 2410 1368 2473 etiam

171 2523 338 2586 rege
415 2502 500 2564 ad
577 2499 1098 2582 predicationem
1189 2496 1370 2560 beati

169 2588 431 2676 paulini
508 2589 702 2670 primi
770 2584 1372 2650 northanhumbro-

171 2700 326 2744 rum
402 2676 695 2760 episcopi
757 2675 957 2739 fidem
1025 2683 1093 2738 et
1153 2694 1372 2737 sacra-

168 2776 408 2832 menta
476 2764 720 2828 Christi
795 2763 1100 2844 suscepit.
1222 2762 1374 2845 Que

168 2876 330 2921 cum
387 2853 615 2917 relicto
662 2851 894 2915 habitu
952 2849 1224 2914 seculari
1281 2850 1373 2912 illi

169 2944 300 3008 soli
331 2941 573 3004 servire
619 2939 1057 3003 decrevisset:
1104 2939 1374 3001 secessit

170 3032 262 3095 ad
319 3029 727 3112 provinciam
775 3027 1194 3092 orientalium
1257 3046 1374 3088 an-

169 3118 455 3202 glorum.
551 3117 717 3180 Erat
770 3117 946 3180 enim
1001 3115 1375 3197 propinqua

171 3207 354 3272 illius
400 3204 611 3286 regis:
687 3204 1068 3268 desiderans
1129 3203 1374 3265 exinde

173 3293 523 3378 quomodo
553 3292 866 3356 derelicta
887 3291 1103 3372 patria
1133 3299 1201 3354 et
1231 3310 1373 3353 orn-

175 3381 378 3446 nibus
431 3401 822 3462 quecunque
869 3380 1192 3442 habuerat
1235 3378 1376 3458 gal-

175 3471 343 3534 liam
390 3469 803 3551 pervenire³z
850 3475 1051 3549 atque
1083 3467 1148 3528 in
1187 3485 1376 3528 mon-

175 3556 424 3622 asterio
500 3555 676 3620 scale
765 3555 1179 3638 peregrinam
1256 3573 1376 3635 pro

174 3646 459 3709 domino
489 3644 761 3708 ducere⁴
792 3644 1019 3706 vitam.
1063 3641 1276 3705 Lectio
1307 3641 1374 3723 ᾔ.

173 3735 477 3868 Nam
512 3741 580 3795 et
611 3733 680 3794 in
710 3732 946 3795 eodem
973 3731 1376 3792 monasterio

371 3840 554 3884 soror
607 3821 811 3901 ipsius
865 3816 1159 3882 hererich
1212 3816 1374 3880 fuit:

177 3919 396 3973 mater
444 3907 672 3971 aldulfi
725 3907 896 3989 regis
958 3905 1374 3969 orientalium

175 3996 532 4078 anglorum
624 3994 1035 4078 regularibus
1111 3992 1376 4056 subdita

176 4085 567 4166 disciplinis
659 4083 868 4163 Cujus
913 4082 1210 4145 emulata
1256 4101 1377 4142 ex-

177 4173 476 4255 emplum
518 4180 584 4236 et
629 4172 776 4254 ipsa
821 4171 1161 4252 proposito
1191 4189 1379 4251 pere-

285 4321 301 4350 ¹
345 4318 1053 4435 ‘m’aqddsselssigks'RN.S.

522 4453 542 4482 ⁰
573 4451 840 4501 strenihale
867 4469 878 4500 ε
916 4449 1041 4499 R.S.

325 4534 484 4584 VOL.
521 4533 593 4583 11.

1216 4318 1236 4346 ²
1267 4313 1508 4365 hethwini
1534 4333 1546 4363 τ
1586 4313 1650 4364 N.

1974 372 2131 429 308

1459 477 1765 558 grinandi
1816 497 2064 542 annum
2118 486 2336 543 totum
2392 474 2457 542 in
2508 499 2663 562 pro-

1458 564 1669 629 vintia
1723 565 1982 647 prefata
2021 575 2278 630 retenta
2308 575 2429 632 est.
2521 568 2657 630 De—
2707 601 2717 608 ·

1459 653 1615 716 inde
1664 654 1751 717 ab
1797 655 2041 718 aidano
2094 656 2408 738 episcopo
2439 655 2506 717 in
2540 675 2657 736 pa-

1459 742 1655 804 triam
1718 751 2064 806 revocata:
2132 745 2387 825 accepit
2436 742 2653 806 locum

1461 829 1653 892 unius
1673 828 1925 894 familie
1957 831 2041 893 ad
2066 829 2653 912 septentrionalem

1460 916 1728 998 plagam
1752 919 1967 999 tygri⁵
1986 913 2275 982 fluminis
2299 941 2315 983 :
2340 918 2451 982 ubi
2477 939 2655 982 anno

1462 1024 1597 1067 uno
1672 1007 2109 1069 monasticam
2200 1007 2407 1070 vitam
2492 1027 2653 1070 cum
2752 1025 2757 1032 ·

1460 1093 1690 1174 paucis
1742 1093 1935 1156 sociis
1984 1094 2243 1176 agebat.
2338 1096 2495 1158 Post
2532 1093 2656 1158 hec

1461 1177 1639 1243 facta
1668 1189 1769 1243 est
1800 1180 2141 1245 abbatissa
2166 1183 2230 1245 in
2254 1183 2655 1246 monasterio

1462 1267 1643 1348 quod
1692 1279 1967 1332 vocatur
2023 1269 2359 1334 heorthen.
2483 1271 2655 1335 Cum

1463 1375 1623 1437 ergo
1652 1354 1908 1437 aliquot
1938 1377 2148 1420 annos
2194 1357 2345 1421 huic
2391 1378 2658 1421 monas-

1461 1443 1631 1507 terio
1692 1453 2032 1524 preesset:
2106 1446 2387 1528 contigit
2453 1447 2657 1509 etiam

1463 1550 1613 1594 eam
1646 1533 1975 1613 suscipere
1997 1533 2435 1597 ordinandum
2471 1554 2657 1597 mon-

1463 1618 1778 1682 asterium
1842 1620 1908 1682 in
1972 1619 2119 1684 loco
2195 1621 2308 1704 qui
2385 1630 2661 1684 vocatur

1464 1705 1875 1770 strenshale.⁶
2313 1709 2536 1772 Lectio
2564 1711 2663 1791 iij.

1476 1796 1709 1926 Cum
1760 1803 1985 1858 autem
2036 1795 2149 1859 illa
2196 1797 2425 1860 multis
2469 1799 2659 1860 annis

1593 1882 1746 1945 huic
1823 1885 2225 1947 monasterio
2317 1895 2609 1966 preesset
2646 1907 2661 1948 ε

1465 1969 1716 2053 placuit
1734 1971 1848 2053 pio
1868 1971 2184 2052 provisori
2199 1972 2427 2036 salutis
2440 1983 2661 2036 nostre

1466 2058 1610 2139 ejus
1672 2059 1964 2122 animam
2020 2059 2222 2142 longa
2274 2061 2661 2125 infirmitate

1466 2146 1681 2209 carnis
1713 2148 2096 2212 examinari.
2164 2150 2479 2213 Percussa
2506 2169 2663 2212 vero

1469 2233 1763 2298 febribus
1794 2255 1912 2316 per
1955 2256 2079 2298 sex
2126 2257 2380 2302 annos:
2427 2238 2663 2300 eadem

1471 2322 1778 2385 molestia
1810 2343 1941 2385 non
1993 2326 2299 2388 cessabat
2349 2326 2665 2389 laborare.

1471 2409 1779 2492 Septimo
1832 2431 1989 2494 ergo
2040 2433 2215 2475 anno
2247 2434 2363 2476 sue
2396 2414 2666 2477 infirmi-

1467 2499 1627 2561 tatis
1658 2499 1745 2562 ad
1778 2498 1955 2562 diem
1988 2503 2285 2580 pervenit
2317 2501 2665 2565 ultimum:

1471 2596 1540 2650 et
1614 2587 1786 2649 circa
1859 2586 2288 2669 gallicantum
2350 2587 2667 2672 percepto

1469 2675 1713 2738 viatico
1787 2695 1975 2738 sacro
2068 2686 2295 2740 sancte
2369 2697 2667 2741 commu-

1473 2762 1731 2825 nionis:
1779 2761 1949 2825 inter
1995 2764 2198 2826 verba
2246 2765 2561 2828 orationis
2599 2775 2669 2828 et

1473 2848 1954 2913 exhortationis
1988 2849 2121 2913 leta
2154 2860 2435 2915 mortem
2459 2854 2625 2916 vidit
2652 2875 2669 2917 ι

1473 2938 1683 3000 immo
1756 2938 1843 3001 de
1919 2948 2131 3001 morte
2206 2941 2509 3003 transivit
2580 2941 2665 3005 ad

1472 3027 1721 3088 vitam:
1797 3045 1917 3108 per
1989 3047 2143 3088 eum
2204 3029 2317 3110 qui
2379 3029 2543 3091 vivit
2601 3037 2671 3093 et

1474 3121 1709 3194 regnat
1804 3114 1871 3175 in
1970 3113 2191 3177 secula
2296 3115 2665 3180 seculorum

1474 3221 1687 3264 amen.
1786 3200 2005 3266 Cetera
2033 3201 2113 3264 de
2130 3205 2454 3266 communi
2475 3207 2673 3268 unius

1473 3288 1762 3370 virginit
1792 3309 1916 3351 non
1949 3292 2275 3370 marzfymlr.
2599 3371 2607 3376 .

1477 3379 1539 3454 (Ι
1593 3377 1829 3440 Sancti
1852 3378 2019 3460 Rufi
2046 3380 2377 3458 martyris.
2424 3380 2670 3444 Oratz'0.

1641 3464 1835 3528 desto
1865 3466 2131 3529 domine
2170 3467 2669 3550 supplicationi·
2740 3517 2745 3522 .

1642 3551 1767 3616 bus
1828 3555 2109 3618 nostris:
2175 3565 2249 3619 ut
2308 3557 2487 3620 beati
2549 3557 2671 3621 rufi

1477 3641 1785 3722 martyris
1805 3643 1901 3705 tui
1922 3643 2502 3708 intercessionibus
2513 3667 2672 3709 con-

1475 3727 1810 3793 fidentes:
1888 3751 2009 3793 nec
2071 3732 2267 3795 minis
2319 3734 2672 3798 adversan-

1475 3817 1684 3880 tium:
1731 3837 1851 3880 nec
1894 3818 2033 3880 ullo
2076 3821 2545 3884 conturbemur
2576 3822 2676 3884 in-

1474 3924 1668 3967 cursu
1701 3925 1820 3987 per
1848 3906 2211 3971 dominum.
2384 3909 2603 3971 Lectio
2616 3911 2676 3990 j.

1477 3995 1927 4123 Regressus
1971 4003 2074 4056 est
2105 3995 2305 4076 igitur
2334 3996 2420 4057 ab
2453 3997 2677 4059 emilia

1625 4081 1709 4143 ad
1754 4100 2115 4144 ravennam
2164 4082 2400 4144 beatus
2447 4084 2679 4166 appol-

1479 4166 1778 4231 linaris⁷:
1831 4169 2011 4231 rufus
2067 4171 2381 4251 patricius
2432 4173 2679 4235 adduci

1973 4315 1993 4344 ¹
2026 4315 2301 4378 perveniret
2329 4334 2341 4364 :
2379 4317 2578 4368 R.N.S.

1792 4383 1812 4410 ⁸
1846 4377 1957 4443 tigri
1986 4399 1997 4430 ε
2035 4381 2086 4430 S.

1798 4447 1816 4476 ⁷
1849 4446 2187 4510 appolinaris:
2226 4448 2352 4498 RS.

2279 4531 2321 4578 L
2383 4531 2427 4578 L
