3117 4959
1067 250 1127 303 S.
1183 249 1548 303 FABIANI
1592 248 1715 303 ET
1752 248 2282 304 SEBASTIANI.

1002 359 1142 415 133

423 464 698 530 locum:
775 485 861 529 ne
920 463 1089 527 forte
1151 484 1390 547 corpus
1451 485 1626 527 vano

424 563 718 617 servetur
795 554 1062 617 honore.
1199 553 1378 615 Dum
1465 573 1625 634 ergo

425 642 627 705 verba
703 640 959 704 finierat
993 663 1008 705 :
1093 650 1375 704 mortem
1451 640 1625 704 letus

427 731 694 811 aspexit
721 752 738 793 :
785 740 987 812 atque
1019 750 1224 812 regna
1254 730 1627 811 penetravit

426 818 709 881 celestia.
807 818 944 882 Ubi
992 838 1146 880 cum
1187 819 1432 881 sanctis
1476 838 1625 881 om·

428 906 622 969 nibus
654 915 887 988 regnat
909 906 976 969 in
1001 904 1222 969 secula
1251 906 1623 969 seculorum

427 1013 640 1057 amen.
736 994 956 1059 Cetera
973 995 1052 1057 de
1077 996 1400 1057 communi
1427 994 1627 1057 unius

423 1081 801 1163 confessoris
831 1103 956 1146 non
973 1081 1314 1164 pontificis.

429 1174 494 1247 <s
545 1172 784 1234 Sancte
798 1170 1011 1252 prisce
1041 1171 1327 1253 virgines
1354 1179 1417 1232 et
1445 1190 1624 1232 mar-

429 1259 608 1339 tyris.
1375 1258 1621 1322 Oratio,

425 1350 624 1478 Da
654 1366 1012 1429 quesumus
1043 1346 1464 1428 omnipotens
1508 1346 1626 1409 de·

583 1455 658 1497 us
693 1456 708 1498 :
785 1444 860 1498 ut
948 1436 1061 1517 qui
1131 1436 1325 1498 beate
1417 1435 1629 1515 prisce

429 1524 736 1603 martyris
783 1532 898 1587 tue
951 1522 1256 1587 natalitia'
1297 1522 1629 1587 colimus:

427 1619 497 1673 et
549 1631 772 1673 annua
838 1610 1234 1675 solennitate
1295 1610 1627 1675 letemur.

429 1708 498 1761 et
557 1699 777 1762 tante¹
839 1698 993 1761 fidei
1041 1698 1459 1781 proficiamus
1506 1720 1627 1761 ex·

425 1787 687 1868 emp10:
734 1806 852 1869 per
883 1787 1244 1851 dominum.
1336 1786 1553 1850 Lectio
1566 1808 1625 1868 J.

439 1874 939 2007 Celebrantes
1012 1896 1172 1957 ergo
1246 1875 1627 1939 veneranda

655 1972 882 2026 sancte
945 1964 1153 2045 prisce
1213 1964 1482 2044 virginis
1558 1972 1627 2025 et

429 2051 738 2132 martyris
785 2049 991 2115 festa:
1037 2051 1199 2114 libet
1230 2052 1296 2113 in
1331 2052 1626 2115 medium

427 2137 724 2201 conferte
769 2140 1054 2220 quedam
1087 2140 1172 2201 de
1203 2138 1345 2221 ejus
1378 2148 1621 2220 marty·

429 2226 525 2288 rio
555 2225 861 2307 glorioso,
954 2227 1163 2290 Beata
1211 2246 1366 2290 vero
1415 2227 1629 2309 prisca

428 2313 671 2377 nobilis
746 2334 1020 2377 romana
1093 2316 1290 2378 tertio
1364 2316 1627 2379 decimo

426 2402 622 2465 etatis
647 2422 764 2465 sue
788 2421 964 2465 anno
980 2403 1164 2485 jussa
1183 2413 1284 2465 est
1302 2423 1343 2466 a
1365 2402 1629 2466 claudio

429 2491 828 2573 imperatore
860 2492 924 2553 in
958 2490 1210 2573 templo
1234 2491 1629 2573 appollinis²

429 2578 817 2642 sacrificare.
909 2578 1062 2663 Qua
1093 2589 1370 2645 orante:
1417 2580 1482 2642 in
1516 2599 1629 2643 eo-

427 2667 583 2729 dem
647 2665 904 2748 templo
964 2677 1359 2731 terremotus
1414 2668 1629 2732 factus

429 2763 568 2817 est:
616 2763 684 2818 et
731 2755 961 2820 civitas
993 2776 1352 2820 concussa:
1399 2767 1466 2820 et
1512 2778 1629 2839 ap-

429 2842 612 2924 pollo
631 2844 656 2881 ³
672 2845 910 2907 cecidit
929 2854 997 2908 et
1017 2844 1465 2908 comminutus
1485 2855 1627 2909 est:

427 2940 496 2993 et
527 2942 762 3013 quarta
809 2953 959 3015 pars
1005 2933 1237 3015 templi
1270 2954 1463 2996 ruens
1508 2953 1627 3014 op-

425 3022 665 3101 pressit
680 3022 1169 3085 multitudinem
1186 3030 1625 3104 peccatorum.

424 3109 776 3239 Deinde
807 3111 1152 3192 expoliata
1181 3119 1248 3172 et
1285 3108 1526 3192 [Lectio
1557 3109 1624 3190 ij.

583 3218 734 3262 cesa
800 3209 868 3261 et
929 3199 995 3260 in
1066 3218 1326 3261 carcere
1404 3198 1628 3261 clausa

425 3304 546 3365 per
575 3293 786 3348 totam
823 3296 1086 3349 noctem
1111 3284 1437 3367 hymnum
1472 3306 1629 3349 can-

427 3373 617 3434 tabat
653 3392 668 3435 :
733 3382 799 3435 et
875 3374 1251 3436 visitatione
1327 3374 1629 3455 angelica

428 3458 800 3523 confortata
831 3470 946 3523 est.
1015 3461 1449 3525 Postmodum
1483 3464 1629 3545 pin-

425 3548 712 3629 guedine
731 3548 1004 3629 adipum
1019 3548 1293 3611 ferventi
1313 3560 1631 3631 peruncta

427 3645 545 3699 est.
641 3636 951 3701 Secundo
1027 3638 1328 3699 uncinis⁴
1404 3636 1629 3701 ferreis

426 3734 575 3789 toto
619 3744 893 3806 corpore
939 3725 1273 3807 dissipata.
1369 3725 1630 3790 Dehinc

429 3813 849 3876 ferocissimis
875 3813 1103 3876 bestiis
1121 3814 1448 3895 exposita.
1482 3823 1629 3877 tan-

428 3904 584 3964 dem
618 3900 954 3965 carnifices
981 3901 1210 3964 tandiu
1235 3922 1465 3965 carnes
1486 3901 1631 3983 ejus

429 3998 771 4052 raserunt:
850 3989 1062 4053 donec
1123 3990 1210 4053 ad
1271 4010 1424 4053 ossa
1484 4012 1629 4073 per-

427 4076 836 4141 venerunt:⁶
885 4086 954 4141 et
1002 4078 1096 4141 sic
1149 4077 1229 4143 a⁶
1279 4080 1626 4142 tormentis

428 4174 786 4231 cessarunt.
1286 4167 1499 4231 Lectio
1529 4168 1626 4250 iij.

636 4365 836 4414 'ante:
872 4364 924 4415 S.

634 4435 652 4464 ⁴
687 4431 863 4481 uncis.
899 4432 961 4482 G.

1131 4366 1151 4395 ²
1184 4363 1470 4429 appolinis:
1504 4364 1569 4415 E.

1134 4434 1154 4464 ὓ
1185 4440 1454 4483 evenerunt
1478 4448 1490 4483 2
1519 4432 1575 4483 S.

1628 4364 1865 4432 apollinis
1888 4380 1900 4416 :
1934 4362 2095 4416 G.W.

2256 358 2392 413 184

1746 467 2015 596 Tunc
2076 464 2435 547 imperator
2500 463 2705 545 jussit
2780 480 2931 527 eam

1892 553 2044 635 igne
2103 552 2420 617 consumi.
2533 552 2670 617 Sed
2703 552 2937 635 pluvia

1728 661 1971 723 magna
2020 642 2103 705 de
2151 642 2295 704 celo
2341 641 2556 705 sacta:
2605 642 2781 723 ignis
2813 661 2932 703 ex-

1725 732 1972 793 tinctus
2004 738 2120 793 est.
2170 729 2361 793 Tunc
2390 750 2655 794 comam
2690 730 2933 811 capitis

1724 818 1868 900 ejus
1894 818 2090 899 jussit
2122 818 2261 881 radi
2288 839 2302 882 :
2349 819 2417 881 in
2450 838 2583 899 qua
2610 817 2935 881 credebat

1730 908 2059 988 magicam
2090 916 2302 969 artem
2334 907 2711 969 consistere.
2772 905 2935 967 Post

1725 993 1845 1059 hec
1892 994 2158 1058 inclusit
2202 1014 2351 1057 eam
2396 995 2463 1057 in
2508 994 2807 1075 templo:
2859 1002 2933 1055 ut

1724 1082 1813 1146 ibi
1874 1082 2051 1146 fame
2101 1081 2431 1146 deficeret.
2526 1082 2654 1145 Die
2702 1097 2933 1145 autem

1727 1172 1922 1235 tertio
1984 1172 2315 1253 ingressus
2374 1171 2540 1234 vidit
2614 1168 2933 1232 ancillam

1730 1258 2033 1323 Christi:
2122 1278 2253 1341 que
2312 1257 2615 1340 angelico
2690 1257 2936 1320 solatio

1727 1346 1940 1410 suerat
1973 1345 2300 1410 relevata:
2332 1354 2401 1409 et
2420 1346 2671 1409 idolum
2708 1344 2937 1425 dejec-

1728 1444 1873 1500 tum
1898 1443 1967 1498 et
1990 1434 2497 1497 comminutum.
2594 1433 2689 1497 Et
2720 1434 2935 1496 iratus

1728 1522 2059 1587 claudius·
2086 1522 2281 1603 jussit
2312 1541 2462 1585 eam
2487 1523 2713 1603 capite
2745 1530 2937 1584 trun-

1727 1612 1877 1675 cari.
1917 1610 2222 1677 Ceterade
2239 1612 2567 1673 communi
2582 1610 2786 1672 unius
2796 1608 2941 1671 vir·

1715 1698 2315 1781 gim'setmartyrts.
2345 1698 2581 1763 Sancti
2589 1697 2943 1780 germani-

1723 1788 1787 1850 ci
1817 1789 2128 1867 martyris
2144 1785 2364 1850 omnia
2382 1796 2459 1849 ut
2486 1787 2556 1849 in
2584 1786 2937 1850 communi.

1730 1881 1794 1954 ff
1844 1875 2233 1939 Sanctorum
2266 1885 2637 1955 martyrum
2652 1873 2943 1955 fabiani

1723 1975 1787 2027 et
1811 1964 2054 2029 sebasti
2068 1963 2179 2027 eni.

1726 2052 1887 2186 Si
1942 2054 2013 2115 in
2058 2053 2235 2133 sesto
2291 2060 2661 2113 sanctorum
2754 2070 2938 2113 mar-

1857 2149 2075 2220 tyrum
2118 2138 2400 2219 fabiani
2446 2148 2511 2201 et
2564 2138 2935 2202 sebastiani

1726 2228 2051 2292 dominica
2110 2228 2182 2290 in
2254 2226 2729 2308 septuagesima
2794 2247 2937 2289 eve-

1728 2316 1907 2379 nerit
1922 2337 1945 2379 .·
1976 2314 2362 2397 anticipetur
2374 2314 2629 2396 fistum
2652 2337 2675 2377 .·
2720 2322 2785 2377 ct
2794 2314 2938 2397 fiat

1730 2404 1802 2467 in
1846 2404 1953 2467 die
1994 2402 2262 2467 sabbati.
2358 2402 2445 2465 Si
2485 2422 2633 2465 vero
2676 2402 2750 2465 in
2786 2402 2939 2483 ses-

1731 2501 1793 2556 to
1848 2501 2063 2555 sancte
2118 2490 2374 2573 agnetis
2428 2490 2751 2554 evenerit.
2748 2514 2761 2527 ·
2788 2491 2937 2571 ses·

1729 2590 1869 2643 tum
1972 2590 2188 2643 sancte
2282 2577 2539 2661 agnetis·
2625 2578 2767 2663 fiat
2862 2578 2937 2640 iu

1728 2668 2013 2731 crastino
2062 2667 2277 2731 sancti
2318 2666 2640 2731 vincentii.
2690 2676 2755 2729 et
2794 2666 2941 2749 fiat

1730 2777 2043 2820 memorza
2088 2756 2167 2819 de
2202 2764 2427 2819 sancta
2472 2754 2937 2819 emerenciana.

1736 2846 2015 2923 Quando
2042 2856 2108 2908 et
2134 2866 2207 2909 ex
2250 2844 2485 2927 quibus
2532 2844 2752 2907 causis
2800 2853 2937 2907 usta

1713 2934 1901 3014 festa
1946 2932 2213 2997 debeant
2260 2931 2614 3015 anticipari
2640 2931 2750 2995 vel
2792 2930 2937 3011 dif-

1714 3022 1952 3103 ferri:
2043 3020 2192 3085 vide
2261 3029 2465 3101 supra
2540 3020 2613 3082 in
2688 3040 2937 3101 magna

1730 3108 1992 3173 rubrica
2040 3119 2190 3173 ante
2244 3108 2591 3172 historiam
2640 3108 2937 3171 Domine

1730 3218 1814 3261 ne
1846 3198 1911 3259 in
1945 3198 2059 3261 ira.

1733 3290 1797 3363 ff
1844 3285 1967 3349 Ad
2007 3295 2299 3367 vesperas
2334 3284 2482 3365 Cap.
2540 3282 2769 3348 Sancti
2820 3304 2943 3365 per

1730 3374 1951 3439 fidem.
1998 3373 2112 3438 Re.
2149 3374 2315 3435 Erat
2338 3391 2605 3454 nanque
2627 3372 2945 3451 Hymnus

1732 3463 2130 3529 Sanctorum
2163 3461 2431 3524 meritis,
2523 3476 2571 3543 γ
2605 3459 2945 3522 Exultent

1723 3550 1903 3633 justi.
1996 3549 2081 3611 In
2156 3568 2380 3630 evang.
2440 3558 2549 3611 αῆ.
2631 3548 2942 3629 Insignes

1732 3638 2022 3720 preconii
2055 3635 2232 3701 alme
2264 3646 2378 3699 tue
2409 3635 2741 3699 nobilitati
2774 3656 2945 3700 con-

1729 3735 1971 3789 sonant
1989 3745 2185 3789 voces
2209 3746 2224 3788 :
2258 3725 2713 3789 collaudantes
2732 3724 2947 3787 verbo

1730 3814 2010 3897 supplici
2056 3832 2547 3897 prosequamur.
2639 3813 2795 3876 Ave
2845 3813 2947 3877 in-

1734 3904 1886 3967 clite
1911 3912 2165 3983 martyr
2187 3923 2200 3965 :
2221 3900 2611 3983 angelorum
2634 3921 2947 3965 consors:

1731 3992 2184 4073 apostolorum
2248 3991 2516 4053 socius:
2580 3990 2951 4071 propheta-

1734 4100 1878 4141 rum
1912 4080 2241 4143 concivis:
2289 4088 2358 4141 et
2405 4088 2778 4159 martyrum
2836 4098 2953 4141 co-

1733 4168 1967 4231 heres:
2043 4176 2272 4231 sancte
2348 4165 2731 4230 sebastiane
2792 4187 2949 4231 cum

2308 4364 2330 4393 ⁸
2362 4363 2551 4427 apolo:
2586 4362 2651 4413 E.

2312 4430 2333 4461 ‘
2365 4445 2457 4495 pro
2485 4428 2714 4481 ‘a’adz
2754 4432 2809 4483 S.
