3117 4959
214 584 374 658 IN
430 584 798 659 FESTO
863 582 1312 659 SANCTI
1370 585 1877 659 ANDREE
1941 584 2537 663 APOSTOLJ.

655 811 758 867 83

51 924 54 928 ’
110 914 206 995 ¹11*
227 915 321 981 In
329 915 510 997 festo
525 917 740 981 sancti
749 916 1020 982 Andree
1033 916 1316 999 apostoli.

110 1004 174 1069 S
175 1004 208 1067 i
281 1005 540 1085 ‚testum
613 1005 828 1069 sancti
909 1003 1177 1069 Andree
1245 1004 1316 1069 in

98 1092 336 1177 prima
379 1092 703 1157 domz'nica
747 1091 1068 1159 adventus
1107 1112 1322 1157 evene-

108 1181 208 1243 rit
231 1201 260 1245 .·
292 1180 744 1261 transferatur
761 1199 961 1263 usque
981 1180 1052 1245 in
1061 1180 1320 1263 feriam

105 1266 463 1333 secundam
493 1278 558 1333 et
581 1268 691 1333 die
713 1266 974 1333 sabbati
978 1268 1324 1353 jq'unetur

109 1355 393 1437 vigilia.
388 1378 402 1393 ·
429 1363 495 1421 et
502 1354 646 1439 fiat
654 1356 1000 1421 servitium
1017 1355 1321 1421 desancto

113 1442 508 1511 Saturnino,
555 1452 618 1507 et
643 1443 850 1509 mis-sa
875 1443 956 1508 de
979 1442 1218 1527 vigilia
1245 1442 1318 1508 in

109 1531 332 1597 eodem
392 1530 705 1597 sabbato:
745 1540 810 1596 et
865 1530 937 1595 in
997 1530 1322 1596 dominica

107 1618 379 1683 babebit
395 1620 656 1683 omnino
684 1630 976 1701 vespems
1001 1640 1202 1684 suas:
1229 1618 1320 1682 si-

103 1707 252 1771 cuti
298 1706 592 1771 habebit:
629 1708 695 1771 si
721 1706 793 1770 in
819 1705 1096 1771 secunda
1129 1706 1322 1789 feria

89 1796 360 1879 fistum
405 1815 548 1895 qus
591 1794 915 1861 evenerit:
956 1816 1102 1859 cum
1149 1796 1322 1859 anti-

87 1880 346 1969 phanis
371 1883 515 1947 suis
528 1882 864 1966 propritk:
893 1884 1050 1965 quia
1065 1884 1320 1967 festum

99 1972 254 2055 q‘us
281 1972 522 2054 duplex
546 1981 653 2035 est.
705 1980 770 2035 et
803 1970 1088 2053 psalmis
1114 1970 1322 2035 domi-

99 2059 454 2123 nicalibus.
498 2059 619 2122 sed
653 2079 798 2121 cum
841 2058 1128 2123 oratiane
1171 2059 1318 2123 Ma-

92 2146 447 2230 jestatem.
504 2146 602 2211 Et
604 2146 733 2230 fiet
758 2148 1070 2211 memoria
1097 2146 1179 2211 de
1201 2146 1322 2211 ad-

101 2244 312 2298 ventu
341 2255 486 2299 cum
515 2244 623 2300 αῆ.
675 2234 786 2298 Ne
813 2236 1054 2299 timeas
1083 2244 1149 2297 et
1173 2254 1320 2297 ora-

99 2322 290 2387 tione
318 2322 569 2387 Excita
597 2322 884 2388 domine.
919 2332 985 2386 et
1007 2323 1322 2386 memoria

97 2410 188 2473 de
213 2410 526 2474 αόηιίνιαἸ
553 2432 698 2475 cum
727 2410 1078 2494 antiphona
1109 2411 1320 2475 Beata

95 2518 180 2563 es
213 2498 452 2561 maria.
497 2498 650 2563 Fiet
671 2498 871 2563 etiam
901 2498 1212 2563 memoria
1240 2498 1320 2561 de

93 2585 526 2666 martyribus
575 2585 879 2652 Cri-canto
923 2597 989 2651 et
1043 2586 1268 2650 Baria
1293 2606 1318 2649 .·

91 2674 178 2737 in
226 2673 489 2755 primis
545 2674 822 2755 vespera
893 2676 974 2737 de
1041 2673 1318 2758 apostolo

87 2760 376 2845 quando
407 2762 662 2841 festum
700 2762 972 2844 apostoli
997 2763 1316 2845 transfer-

87 2858 227 2913 tur
254 2850 332 2913 in
361 2850 741 2915 crastinum.

89 2942 172 3016 ‘l'
217 2937 337 3001 Et
361 2938 686 3003 sciendum
714 2949 816 3003 est
831 2960 858 3002 .·
887 2938 1063 3021 quod
1083 2938 1154 3003 in
1184 2958 1318 3001 om·

81 3026 314 3089 nibus
371 3026 627 3107 vigiliis·
660 3025 991 3107 festorum
1051 3025 1318 3107 vigilus*

75 3112 490 3178 habentium
511 3136 537 3177 .·
555 3115 694 3178 sive
707 3114 846 3177 sint
863 3114 942 3176 de
960 3114 1318 3195 temporali.-

73 3202 248 3265 sive
277 3201 364 3264 de
388 3200 630 3265 sanctis
642 3224 665 3264 .·
692 3213 936 3284 semper
953 3202 1050 3265 ad
1055 3202 1318 3283 primas

79 3299 414 3371 vesperas
433 3288 692 3353 dikatur
709 3290 918 3353 oratio
937 3288 1019 3353 de
1042 3289 1278 3371 vig-ilia
1291 3311 1315 3352 .·

73 3376 521 3457 ητζςτ“]ε.ςίκηε
550 3376 916 3459 differatur.
945 3387 1010 3440 et
1035 3387 1187 3441 tunc
1211 3376 1314 3439 di·

71 3475 302 3530 catur
345 3464 556 3529 oratio
599 3464 680 3528 de
721 3464 830 3529 die
845 3488 870 3530 .·
899 3474 1313 3548 preterquam

77 3555 172 3617 in
207 3551 460 3634 vigilia
489 3553 863 3617 nativitatis
905 3553 1080 3617 beate
1106 3552 1316 3616 marie

71 3640 448 3723 virginis:
491 3639 607 3704 ubi
629 3641 724 3703 ad
732 3640 996 3723 primas
1024 3651 1314 3724 vesperas

68 3729 359 3795 dicitur
399 3727 610 3791 oratio
654 3728 734 3791 de
769 3728 884 3793 die.
963 3728 1056 3793 Si
1095 3739 1311 3792 autem

65 3816 304 3897 infra
321 3814 675 3879 adventum
703 3815 816 3880 hoc
824 3815 1080 3898 festum
1102 3838 1312 3882 evene-

59 3905 244 3969 r':zt
319 3924 448 3967 non
506 3904 754 3969 dicetur
794 3907 1110 3988 psalmus,
1192 3900 1310 3970 Te

57 3994 334 4059 deum.
383 4012 492 4055 nec
521 3992 795 4058 Gloria'
777 4014 842 4056 m
874 3995 1172 4059 excelsis.
1205 4015 1314 4058 nec

63 4083 208 4146 Ite
243 4082 457 4144 missa
488 4090 603 4145 est.

62 4175 160 4249 ἦ
213 4169 324 4232 Et
367 4169 727 4232 notandum
771 4168 946 4251 quod
983 4168 1172 4251 infra
1215 4190 1310 4232 oc-

57 4270 302 4323 tavas
331 4256 548 4319 sancti
571 4256 805 4319 andree
817 4256 944 4339 fiet
968 4257 1312 4321 servitium

265 4394 494 4459 ‘Incipit
520 4396 786 4460 proprium
821 4397 875 4447 de
906 4398 1091 4447 sanctis
1111 4403 1318 4463 tempore

51 4462 362 4529 hyemali’
376 4462 511 4510 add:
545 4462 609 4512 E.
626 4462 682 4511 G.
692 4462 743 4512 S.

1988 814 2087 869 84

1418 918 1500 982 de
1521 927 1739 983 sancto
1765 918 2017 983 andrea
2028 916 2222 999 feria
2252 929 2492 1002 quarta
2523 919 2633 983 vel

1419 1006 1649 1089 quinta
1700 1004 1839 1070 nis-i
1881 1004 2276 1088 impediatur
2305 1018 2433 1089 per
2456 1028 2621 1071 com-

1420 1094 1937 1159 memorationem
1968 1094 2144 1157 beate
2168 1094 2491 1177 virginis:
2520 1096 2631 1159 vel

1405 1192 1532 1265 per
1573 1181 1829 1262 festum
1894 1180 2195 1248 Criranti
2254 1192 2320 1246 et
2390 1182 2619 1248 Darie.

1419 1268 1607 1334 Aliis
1664 1289 1816 1335 vero
1854 1269 2068 1351 feriis·
2126 1269 2314 1352 infra
2362 1279 2623 1335 octavas

1419 1356 1667 1422 dil-etur
1690 1356 1771 1421 de
1794 1356 2079 1422 adventu
2094 1379 2122 1421 .·
2151 1356 2291 1423 nisi
2315 1358 2622 1443 impedia-

1425 1454 1540 1509 tur
1561 1464 1646 1509 ex
1666 1447 1885 1511 causis
1913 1444 2245 1527 predictis.
2292 1444 2351 1511 S
2352 1445 2384 1509 i
2408 1445 2479 1509 in
2506 1446 2621 1511 do-

1421 1529 1671 1597 minica
1720 1530 1831 1597 bec
1871 1532 2107 1615 vigilia
2134 1533 2416 1599 evenerit
2430 1554 2457 1597 .·
2482 1534 2625 1618 fiat

1421 1618 1731 1685 memoria
1777 1620 1859 1685 de
1898 1630 2115 1685 sancto
2157 1620 2503 1687 saturnino
2530 1620 2628 1685 ad

1423 1718 1725 1791 vesperas
1750 1717 1812 1772 et
1832 1708 1859 1747 ⁸
1885 1708 2265 1773 manninas.

1426 1801 1490 1874 1[
1536 1795 1585 1860 I
1580 1818 1625 1859 n
1652 1795 1893 1879 vigilia
1918 1797 2135 1861 sancti
2174 1795 2413 1861 andree
2437 1808 2621 1879 apos-

1423 1884 1543 1949 toli
1566 1884 1666 1948 ad
1686 1884 2051 1949 matutinas
2070 1884 2381 1949 desancto
2400 1894 2621 1949 satur-

1421 1973 1578 2037 nino
1636 1973 1898 2037 dicatur
1915 1995 1940 2037 .·
1996 1973 2065 2037 si
2120 1972 2195 2037 in
2240 1973 2349 2036 die
2379 1972 2628 2054 finali

1419 2060 1707 2125 evenerit
1728 2069 1796 2123 et
1816 2080 1963 2123 cum
1994 2070 2301 2125 nocturno
2321 2070 2387 2124 et
2412 2060 2623 2126 tn‘bus

1420 2146 1793 2214 lectionibus
1863 2148 1946 2212 de
2012 2148 2414 2227 martyribus
2430 2170 2456 2213 .·
2518 2169 2617 2211 re-

1419 2236 1755 2317 sponsoria
1770 2245 1834 2300 et
1850 2245 2054 2300 cetera
2080 2258 2204 2319 que
2228 2246 2615 2318 sequuntur.-

1419 2334 1777 2395 sumantur
1790 2323 1872 2388 de
1884 2326 2213 2389 communi
2226 2325 2425 2387 unius
2442 2344 2621 2388 mar-

1420 2412 1589 2491 tyris
1612 2432 1759 2475 cum
1788 2410 2077 2476 oratione
2105 2411 2290 2476 Deus
2331 2412 2445 2494 qui
2477 2431 2619 2477 nos

1422 2505 1486 2578 1[
1516 2500 1568 2565 I
1560 2521 1604 2562 n
1622 2499 1861 2581 vig-ilia
1874 2500 2089 2563 sancti
2100 2499 2338 2564 andree
2348 2500 2624 2582 apostoli

1416 2587 1516 2651 ad
1566 2598 1857 2671 ‘ves-peras
1910 2600 2103 2671 super
2156 2588 2452 2673 psalmos
2505 2587 2619 2669 fe-

1416 2675 1629 2739 riales.
2218 2674 2615 2757 Antiphona.

1437 2766 1725 2901 Unus
1778 2782 1865 2827 ex
1912 2762 2173 2827 duobus
2234 2764 2348 2846 qui
2408 2763 2641 2844 secuti,

1600 2860 1757 2915 sunt
1846 2851 2191 2915 dominum
2282 2859 2425 2914 erat
2499 2870 2616 2914 an-

1418 2938 1613 3005 dreas
1666 2939 1868 3002 frater
1914 2940 2215 3021 symonis
2246 2939 2415 3021 petri
2446 2937 2613 3005 all’a.

1415 3027 1552 3092 Αῆ.
1586 3027 1886 3109 Dignum
1938 3027 2063 3090 sibi
2095 3026 2403 3090 dominus
2434 3046 2617 3089 corn-

1417 3116 1681 3197 putavit
1714 3123 2075 3197 martyrem
2105 3134 2305 3196 quem
2350 3113 2615 3178 vocavit

1418 3202 1799 3284 apostolum
1849 3204 2011 3266 dum
2066 3210 2240 3265 esset
2301 3202 2367 3264 in
2430 3202 2611 3266 mari.

1417 3289 1723 3373 alleluya.
1813 3292 1947 3355 Αῆ.
1996 3290 2258 3354 Dilexit
2296 3289 2614 3354 andream

1413 3378 1727 3442 dominus
1786 3378 1854 3442 in
1922 3378 2193 3443 odorem
2268 3378 2615 3442 suavitatis

1415 3466 1723 3549 alleluya.
1810 3468 1943 3531 Αῆ.
2008 3466 2319 3531 Andreas
2368 3466 2612 3531 Christi

1413 3554 1743 3619 famulus:
1790 3556 2029 3637 dignus
2066 3555 2195 3619 deo
2224 3554 2567 3637 apostolus
2594 3574 2645 3619 t,

1411 3662 1768 3725 germanus
1801 3644 2013 3724 petri:
2060 3650 2127 3705 et
2182 3642 2249 3705 in
2302 3642 2609 3724 passione

1411 3731 1644 3795 socius,
1734 3731 1865 3795 Αἰὶ.
1916 3729 2050 3813 Qui
2094 3731 2614 3812 persequebatur

1406 3818 1663 3901 justum
1694 3840 1707 3883 ε
1753 3818 2123 3882 demersisti
2156 3838 2309 3881 eum
2341 3818 2611 3883 domine

1414 3908 1480 3970 in
1513 3906 1895 3970 infernozet
1909 3907 1982 3969 in
2014 3906 2195 3989 ligno
2228 3906 2437 3969 crucis
2467 3904 2612 3969 dux

1406 3994 1570 4077 justi
1602 3994 1797 4059 fuisti.
2224 3992 2613 4076 Capitulum.

1426 4084 1711 4217 Corde
1762 4082 2054 4147 creditur
2104 4082 2190 4146 ad
2238 4081 2615 4163 justitiam:

1555 4192 1670 4235 ore
1728 4181 1955 4235 autem
2017 4169 2343 4234 confessio
2390 4169 2467 4232 fit
2528 4170 2614 4234 ad

1414 4259 1715 4324 salutem.
1810 4259 1993 4322 Dicit
2022 4258 2198 4321 enim
2240 4258 2565 4340 scriptura
2601 4278 2615 4321 :

1714 4399 1735 4429 ⁸
1764 4396 2009 4446 dominica
2028 4410 2045 4444 :
2078 4396 2147 4446 E.
2161 4396 2218 4445 G.

1712 4465 1733 4497 ⁸
1772 4463 1894 4513 ‘a‘d'
1920 4462 2050 4511 add:
2084 4463 2224 4513 E.G.
