3117 4959
678 247 787 303 IN
833 245 1141 304 VIGILIA
1198 245 1561 304 OMNIUM
1601 245 2132 304 SANCTORUM.

691 355 841 410 6⁴7

156 461 410 546 recepit
440 461 525 526 ad
556 461 827 526 laudem
865 459 1123 526 domini
1154 459 1361 524 nostri

157 553 321 635 Jesu
354 550 621 617 Christi.
688 547 908 616 Cetera
934 548 1017 612 de
1040 545 1368 612 communi

160 640 365 704 unius
394 637 723 718 martyr-125.

165 732 231 806 Ι
280 727 372 792 Si
414 725 652 808 vigilia
700 725 831 788 ista
878 723 989 788 die
1040 723 1365 787 dominica

160 815 425 879 eveniat
440 837 465 878 .·
491 813 635 897 fiat
659 823 915 878 tantum
946 812 1259 876 memoria
1286 811 1369 874 de

163 913 459 984 martyre
479 925 505 966 .·
545 913 609 966 et
636 911 838 965 totum
866 900 1207 965 servitium
1228 898 1367 962 diei

144 991 293 1077 fiat
334 991 413 1054 de
454 988 795 1053 domim'm.
902 989 1002 1052 Et
1054 987 1367 1051 similiter

142 1080 293 1163 fiat
346 1079 428 1142 de
480 1076 779 1142 omnibus
835 1075 1088 1159 vigiliis·
1142 1075 1367 1139 diebus

157 1166 511 1232 domimi-225
556 1164 1063 1247 contingentibus
1110 1173 1367 1244 excepta

159 1253 407 1337 vig-ilia
436 1254 811 1318 nativitatis·
836 1253 905 1316 si
930 1252 1003 1317 in
1040 1252 1366 1316 dominica

155 1344 513 1425 contingat.

165 1437 239 1510 (s
284 1432 371 1495 In
400 1429 639 1512 vigrlia
666 1423 959 1493 omnium
984 1437 1371 1492 sanctorum.

158 1519 299 1584 Ad
318 1533 613 1600 vesperas
1002 1514 1372 1597 antiphona.

308 1606 551 1671 audem
580 1605 782 1670 dicite
810 1605 941 1670 deo
970 1613 1200 1668 nostro
1229 1622 1373 1666 om-

308 1715 431 1760 nes
458 1695 670 1759 sancti
692 1692 875 1775 ejus:
905 1701 974 1756 et
993 1692 1107 1774 qui
1124 1691 1376 1756 timetis

161 1783 376 1848 deum
406 1782 627 1866 pusilli
674 1789 744 1845 et
788 1781 1012 1863 magni
1058 1779 1373 1862 quoniam

164 1871 483 1954 regnabit
541 1870 855 1934 dominus
910 1871 1076 1932 deus
1150 1874 1377 1930 noster

164 1960 601 2040 omnipotens
644 1957 1056 2040 gaudeamus
1086 1964 1155 2019 et
1185 1954 1375 2019 exul-

164 2057 397 2113 temus
442 2057 512 2112 et
542 2047 779 2110 demus
806 2045 1090 2127 gloriam
1121 2043 1201 2106 ei.
1267 2051 1371 2125 pff.

166 2136 487 2200 Laudate
546 2134 750 2218 pueri.
864 2133 1001 2196 Αἰῐ.
1050 2131 1373 2198 Sanctum

167 2233 281 2288 est
330 2242 561 2286 verum
602 2221 826 2286 lumen
874 2229 940 2283 et
984 2217 1377 2283 admirabile

168 2311 563 2376 ministrans
611 2310 827 2373 lucem
880 2307 1007 2372 hiis
1057 2307 1171 2390 qui
1224 2327 1375 2390 per-

170 2408 567 2464 manserunt
612 2399 681 2462 in
733 2415 949 2479 agone
998 2394 1377 2461 certaminis

168 2487 505 2570 recipiunt
551 2507 592 2550 a
645 2484 912 2550 Christo
954 2482 1376 2567 splendorem

168 2575 659 2657 sempiternum
734 2575 805 2637 in
896 2593 1031 2654 quo
1113 2572 1379 2636 assidue

170 2663 407 2728 felices
478 2660 785 2726 letantur.
903 2669 1005 2741 pf.
1072 2660 1379 2724 Laudate

171 2751 529 2816 dominum
589 2769 823 2813 omnes
880 2755 1131 2830 gentes
1244 2747 1377 2811 Ar'i.

174 2839 499 2904 Gaudent
546 2839 613 2901 in
668 2836 823 2901 celis
868 2837 1089 2899 anime
1119 2845 1375 2900 sancto-

170 2947 331 2992 rum
390 2924 505 3008 qui
565 2924 809 2990 Christi
874 2923 1155 3005 vestigia
1226 2931 1383 2986 sunt

172 3014 432 3080 secuti:
476 3023 545 3077 et
592 3014 751 3096 quia
799 3032 922 3094 pro
966 3011 1109 3093 ejus
1154 3029 1381 3074 amore

172 3102 575 3185 sanguinem
606 3121 799 3164 suum
833 3100 1183 3163 fuderunt:
1230 3098 1381 3162 ideo

172 3210 339 3256 cum
384 3189 649 3255 Christo
681 3187 1052 3271 regnabunt
1100 3188 1167 3251 in
1213 3195 1383 3249 eter-

172 3298 365 3344 num.
457 3286 558 3358 pi
636 3276 873 3340 Lauda
930 3275 1155 3339 anima
1216 3294 1383 3338 mea.

174 3368 320 3431 Αῆ.
367 3364 743 3448 Fulgebunt
768 3363 931 3445 justi
962 3372 1030 3426 et
1062 3373 1383 3445 tanquam

174 3453 471 3519 scintille
546 3454 613 3516 in
675 3452 1073 3515 arundineto
1138 3451 1384 3514 discur-

178 3550 339 3607 rent
363 3540 760 3622 judicabunt
804 3539 1108 3603 nationes
1139 3548 1207 3602 et
1241 3557 1385 3619 reg-

176 3629 451 3696 nabunt
500 3629 569 3691 in
632 3637 953 3692 eternum.
1042 3635 1146 3707 pff.
1210 3627 1386 3689 Lau-

176 3721 350 3784 date
394 3717 737 3780 dominum
786 3715 1105 3798 quoniam
1152 3715 1383 3778 bonus.

174 3807 327 3872 Aa.
376 3804 441 3870 O
471 3824 673 3887 quam
715 3803 1078 3884 gloriosum
1110 3811 1213 3866 est
1243 3821 1385 3883 reg-

178 3913 353 3959 num
386 3892 453 3956 in
472 3913 605 3974 quo
627 3911 779 3954 cum
804 3891 1072 3957 Christo
1091 3891 1390 3972 gaudent

178 4000 427 4047 omnes
474 3981 686 4044 sancti
734 3980 957 4043 amicti
1004 3977 1190 4042 stolis
1219 3977 1389 4041 albis

180 4077 562 4152 sequuntur
652 4087 899 4149 agnum
993 4085 1390 4150 quocunque

181 4159 357 4222 ierit.
389 4165 491 4237 pf.
517 4156 754 4219 Lauda
772 4154 1185 4219 hierusalem.
1242 4152 1391 4233 Cap.

340 4263 457 4308 cce
498 4263 627 4325 ego
666 4242 993 4324 johannes
1020 4242 1157 4306 vidi
1189 4261 1391 4322 ange·
1414 4261 1431 4270 ·

342 4331 481 4395 lum
542 4332 1011 4394 ascendentem
1089 4329 1175 4392 ab
1242 4337 1389 4392 ortu

185 4419 353 4486 solis
382 4420 739 4484 habentem
774 4419 1035 4502 signum
1068 4419 1173 4482 dci
1206 4417 1337 4481 vivi
1375 4438 1389 4480 ε

1969 354 2124 410 6⁴8

1462 469 1531 524 et
1558 459 1874 524 clamavit
1891 481 2055 524 voce
2079 479 2321 543 magna
2345 469 2660 544 quattuor

1461 545 1718 629 angelis
1748 539 1989 630 quibus
2019 550 2251 616 datum
2283 559 2386 613 est
2423 567 2660 612 nocere

1462 644 1634 700 terre
1664 645 1734 698 et
1765 637 1930 700 mari
1949 639 2216 702 dicens:
2242 637 2449 701 nolite
2462 657 2662 700 noce

1462 744 1531 787 re
1564 732 1735 788 terre
1753 733 1822 788 et
1847 725 2011 788 mari
2031 744 2249 807 neque
2271 725 2660 789 arboribus:

1461 811 1896 894 quoadusque
1927 813 2267 895 signemus
2297 833 2522 876 servos
2552 814 2662 876 dei

1461 901 1670 962 nostri
1723 901 1794 963 in
1840 900 2164 965 frontibus
2208 921 2456 966 eorum.
2546 901 2690 964 Re:

1466 987 1771 1051 Laudem
1795 989 1996 1052 dicite
2025 989 2156 1053 deo
2179 997 2408 1053 nostro
2425 1009 2662 1052 omnes

1462 1075 1675 1138 sancti
1705 1075 1888 1156 ejus:
1934 1085 2002 1140 et
2033 1079 2146 1158 qui
2177 1077 2428 1141 timetis
2459 1079 2661 1140 deum

1464 1163 1687 1247 pusilli
1731 1174 1801 1228 et
1847 1167 2118 1246 magni:
2163 1167 2480 1247 quoniam
2519 1185 2664 1246 reg-

1465 1251 1653 1315 nabit
1672 1251 1980 1316 dominus
2004 1253 2168 1316 deus
2198 1261 2424 1317 noster
2451 1254 2664 1316 omni-

1468 1349 1724 1422 potens.
1759 1339 2186 1404 Gaudeamus
2206 1351 2273 1405 et
2285 1343 2668 1404 exultemus

1469 1437 1538 1490 et
1569 1428 1805 1490 demus
1850 1428 2130 1510 gloriam
2176 1430 2256 1492 ei.
2345 1445 2394 1513 γ
2439 1429 2668 1492 Genus

1471 1515 1758 1578 electum
1789 1535 1953 1597 gens
1983 1525 2216 1579 sancta
2245 1517 2530 1599 populus
2561 1537 2668 1581 ac-

1473 1604 1852 1686 quisitionis
1904 1623 2231 1668 memores
2296 1625 2668 1668 memorum

1473 1691 1746 1754 laudate
1833 1691 2052 1756 deum.
2225 1691 2671 1756 Gaudeamus,

1476 1779 1707 1844 Gloria
1734 1781 1924 1862 patri.
1979 1779 2422 1844 Gaudeamus.
2469 1781 2672 1861 Hym.

1486 1866 1820 2000 Christe
1895 1867 2277 1949 redemptor
2369 1869 2669 1932 omnium

1615 1974 1935 2020 conserva
1964 1963 2114 2018 tuos
2143 1955 2432 2020 famulos
2476 1956 2672 2019 beate

1474 2063 1740 2124 semper
1765 2044 2036 2124 virginis
2080 2044 2382 2127 placatus
2427 2045 2674 2108 sanctis

1474 2132 1796 2214 precibus.
1863 2131 2077 2194 Beata
2107 2151 2372 2214 quoque
2404 2133 2673 2213 agmina

1472 2217 1818 2283 celestium
1914 2219 2263 2302 spirituum
2361 2221 2675 2304 preterita

1474 2308 1811 2390 presentia
1881 2306 2102 2370 sutura
2177 2308 2356 2371 mala
2429 2308 2674 2390 pellite.

1494 2395 1700 2460 Vates
1728 2395 1936 2458 eterni
1984 2394 2226 2478 judicis
2257 2397 2675 2479 apostolique

1476 2482 1732 2546 domini
1791 2482 2181 2566 suppliciter
2251 2485 2677 2566 exposcimus

1476 2570 1714 2634 salvari
1773 2572 2008 2634 vestris
2073 2571 2395 2653 precibus
2485 2575 2678 2636 Mar-

1477 2667 1660 2740 tyres
1692 2659 1800 2722 dei
1823 2658 2052 2741 inclyti
2082 2679 2097 2722 :
2137 2659 2676 2740 confessoresque

1480 2745 1680 2810 lucidi
1751 2747 1986 2810 vestris
2069 2746 2478 2811 orationibus
2555 2767 2679 2810 nos

1480 2833 1648 2898 ferte
1743 2835 1811 2896 in
1909 2833 2278 2898 celestibus
2419 2833 2678 2900 Chorus

1480 2930 1859 2988 sanctarum
1891 2923 2218 3003 virginum
2267 2921 2681 2986 clericorum·
2715 2965 2732 2972 -

1480 3030 1614 3092 que
1643 3010 1942 3072 omnium
1988 3008 2184 3073 simul
2231 3029 2384 3072 cum
2433 3011 2681 3073 sanctis

1482 3096 1790 3161 omnibus
1819 3105 2158 3162 consortes
2191 3097 2434 3162 Christi
2464 3097 2683 3161 facite.

1488 3185 1775 3250 Gentem
1837 3184 2090 3248 auferte
2157 3184 2480 3267 perfidam
2541 3205 2680 3248 cre-

1484 3273 1786 3336 dentium
1847 3273 1932 3335 de
1993 3271 2232 3336 finibus
2285 3283 2360 3336 ut
2416 3273 2685 3337 Christo

1483 3360 1718 3425 laudes
1835 3359 2096 3424 debitas
2227 3361 2684 3443 persolvamus

1484 3450 1800 3513 alacriter.
1898 3448 2124 3514 Gloria
2168 3449 2340 3532 patri
2387 3451 2685 3531 ingenito

1484 3537 1760 3619 ejusque
1857 3537 2200 3619 unigenito
2301 3558 2434 3601 una
2529 3557 2682 3600 cum

1484 3634 1718 3689 sancto
1747 3625 1982 3707 spiritu
2031 3625 2097 3687 in
2145 3627 2550 3708 sempiterna
2581 3647 2686 3688 se-

1485 3712 1650 3776 cula.
1733 3712 1978 3777 Arnen.
2056 3729 2102 3798 y
2150 3714 2472 3777 Mirabilis
2504 3715 2686 3778 deuS.

1486 3801 1572 3864 In
1619 3820 1840 3881 evang.
1886 3810 1994 3864 an.
2042 3801 2230 3864 Beati
2277 3803 2436 3865 estis
2475 3803 2687 3864 sancti

1489 3888 1598 3951 dei
1618 3908 1850 3951 omnes
1869 3890 1982 3971 qui
2003 3890 2333 3952 meruistis
2349 3899 2689 3952 consortes

1490 3976 1632 4039 fieri
1663 3976 2005 4039 celestium
2051 3978 2369 4039 virtutum
2425 3986 2492 4038 et
2541 3997 2688 4057 per-

1488 4064 1616 4127 frui
1689 4063 2010 4126 claritatis
2067 4062 2328 4146 gloria:
2405 4064 2688 4146 ideoque

1491 4170 1840 4234 precamur
1911 4153 2015 4214 ut‘
2064 4171 2390 4214 memores
2479 4153 2686 4214 nostri

1492 4240 1897 4303 intercedere
1946 4239 2310 4321 dignemini
2343 4259 2464 4321 pro
2495 4239 2689 4302 nobis

1492 4328 1579 4391 ad
1611 4325 1956 4390 dominum
1989 4327 2188 4390 deum
2222 4335 2538 4392 nostrum.
2584 4335 2688 4407 pf.

1494 4413 1900 4498 Magnificat.
2438 4414 2686 4479 Oratio.
