3117 4959
1131 260 1194 320 S.
1245 260 1668 320 MARGARE
1673 260 1849 316 THE
1908 259 2287 321 VIRGINIS.

992 373 1149 429 393

462 479 672 545 Visne
702 477 994 544 libamen
1017 479 1146 544 diis
1169 476 1660 544 immortalibus

465 568 701 632 litare:
761 587 850 630 an
903 586 1023 650 pro
1087 567 1333 632 Christi
1394 568 1492 632 tui
1541 586 1660 630 no-

465 657 646 719 mine
668 675 820 718 cum
841 655 1166 719 dedecore
1191 654 1356 719 mori
1379 656 1403 720 ?
1452 655 1664 720 Beata

465 752 840 826 margareta
859 743 1218 825 respondit.
1244 744 1372 807 Pro
1393 743 1663 808 Christo

464 833 626 894 totis
668 830 916 894 viribus
966 830 1146 894 malo
1197 831 1406 895 occidi
1455 851 1659 914 quam

463 918 770 982 obscenis
845 917 1256 982 simulachris
1329 920 1518 983 vanis
1592 926 1662 984 et

463 1007 678 1070 surdis
709 1006 994 1070 cervices
1026 1027 1209 1070 meas
1240 1006 1573 1070 inclinare.

653 1182 906 1246 diaboli
959 1180 1199 1246 furenti
1251 1183 1478 1245 animo
1522 1191 1659 1245 tor-

464 1278 640 1333 tores
673 1269 1023 1334 inclamat:
1070 1270 1206 1335 Cur
1252 1269 1466 1352 inquit
1499 1269 1657 1333 boni

462 1357 784 1421 hactenus
805 1356 1084 1420 ministri
1105 1376 1326 1421 moras
1347 1358 1610 1421 nectitis
1632 1357 1657 1422 ?

461 1445 917 1510 Atrocissimis
957 1465 1190 1508 carnes
1239 1445 1384 1526 ejus
1433 1445 1659 1527 flagris

462 1533 832 1615 discerpite.
925 1532 1260 1615 Satagunt
1328 1553 1487 1615 ergo
1547 1541 1657 1598 tu-

463 1621 626 1684 midi
701 1619 976 1703 implere
1043 1619 1231 1703 jussa
1304 1619 1603 1703 magistri
1638 1641 1655 1687 τ

462 1709 1008 1792 expoliatamque
1074 1718 1434 1790 martyrem
1495 1708 1653 1772 diris

462 1796 755 1861 lacerant
785 1795 1149 1860 tormentis,
1240 1797 1452 1860 Beata
1482 1817 1657 1860 mar-

460 1884 738 1966 garetha
767 1885 1092 1967 aspiciens
1115 1883 1180 1947 in
1200 1885 1416 1948 celum
1436 1884 1614 1948 dixit
1638 1903 1655 1951 ε

465 1973 545 2034 In
575 1981 645 2035 te
675 1972 943 2035 domine
985 1971 1240 2054 speravi
1268 1993 1283 2036 z
1331 1991 1464 2035 non
1495 1991 1655 2036 con-

461 2059 702 2123 fundar
745 2059 812 2122 in
860 2069 1180 2123 eternum.
1276 2059 1510 2124 Uritur
1555 2061 1653 2124 in·

459 2155 643 2210 terea
672 2147 892 2210 hostia
928 2147 1035 2210 dei
1081 2148 1148 2210 in
1195 2147 1469 2211 odorem
1502 2167 1654 2211 sua-

457 2235 682 2298 vitatis
733 2235 1098 2298 visibilibus
1145 2233 1468 2298 flammis:
1529 2235 1649 2300 sed

460 2320 766 2385 invisibili
809 2321 1227 2405 refrigeratur
1269 2343 1416 2386 rore
1461 2323 1653 2406 spiri·

459 2409 798 2474 tussancti.
1339 2411 1558 2475 Lectio
1590 2433 1649 2476 v.

471 2498 972 2630 considerans
1037 2517 1197 2579 ergo
1255 2497 1651 2562 furibundus

579 2584 792 2666 judex
823 2585 1143 2666 virginem
1193 2605 1325 2648 non
1371 2606 1649 2667 gravare

460 2673 802 2737 incendia:
848 2673 932 2736 ad
980 2673 1110 2738 alia
1156 2673 1392 2736 iterum
1436 2675 1650 2738 diver-

457 2761 619 2825 titur
663 2769 1071 2844 argumenta.
1160 2760 1506 2825 Afferatur
1545 2762 1651 2826 in-

457 2849 602 2932 quit
631 2869 852 2931 cuppa
882 2869 1057 2930 aqua
1082 2847 1374 2930 repleta:
1421 2849 1488 2912 in
1512 2869 1650 2932 qua

457 2937 882 3018 demergatur
911 2936 1032 3000 hec
1079 2936 1416 3019 sacrilega.
1518 2937 1652 3000 Mi-

456 3026 643 3088 nistri
679 3046 836 3089 vero
881 3025 1062 3088 dicta
1107 3032 1493 3106 perpetrant
1536 3025 1647 3107 ju-

455 3111 707 3176 bentis:
780 3119 850 3176 et
903 3111 1149 3194 junctis
1211 3113 1518 3176 manibus
1578 3121 1648 3177 et

455 3201 736 3282 pedibus
783 3202 998 3282 capite
1043 3200 1394 3265 deorsum:
1439 3202 1649 3283 preci-

454 3288 706 3369 pitatur
752 3288 820 3350 in
869 3287 1288 3369 profundum.
1379 3287 1647 3370 Sponsa

456 3374 703 3440 Christi
736 3375 801 3437 in
835 3375 994 3456 ipsis
1025 3374 1334 3438 fluctibus
1367 3377 1645 3458 precipi-

451 3471 644 3526 tata:
724 3481 952 3544 preces
1041 3461 1213 3525 fudit
1288 3463 1645 3528 devotione

451 3549 884 3612 sanctissima.
969 3547 1324 3630 Completa
1355 3569 1645 3632 namque

451 3637 747 3700 oratione
777 3656 792 3699 t
823 3635 1046 3699 subito
1068 3635 1301 3698 solutis
1333 3639 1643 3702 manibus

449 3734 518 3788 et
601 3723 882 3806 pedibus
971 3722 1218 3804 prodiit
1291 3743 1382 3786 ex
1456 3724 1641 3789 fonte

449 3811 1013 3894 cunctipotentem
1045 3809 1342 3874 laudans,
1430 3813 1645 3876 Lectio

467 3904 742 4033 Tunc
788 3908 1184 3964 terremotus
1229 3898 1364 3962 sac·
1409 3899 1639 3983 [sexta.

613 3999 722 4052 tus
767 3997 868 4052 est
916 4006 1236 4069 magnus:
1281 3996 1351 4051 et
1387 4009 1522 4052 vox
1553 3991 1640 4053 de

446 4077 604 4140 celis
678 4097 798 4160 per
870 4076 1098 4158 ampla
1171 4075 1341 4139 aeris
1414 4079 1641 4158 spacia

445 4166 725 4230 auditur.
779 4164 1211 4230 Constanter¹
1239 4171 1419 4228 certa
1439 4164 1641 4229 beata

446 4252 908 4336 margaretha:
953 4251 1112 4335 quia
1151 4252 1369 4316 omnis
1399 4251 1639 4318 chorus

773 4390 788 4421 ¹
831 4387 1002 4438 ‘esto’
1024 4387 1162 4438 add=
1197 4387 1338 4438 ΚΝ.

2276 373 2431 430 894

2980 0 3065 402 l

1760 489 2143 547 sanctorum
2175 488 2365 545 tuum
2410 477 2825 562 prestolatur
2853 475 2965 542 ad-
3062 457 3065 484 ³

1760 578 2038 633 ventum
2068 591 2086 634 ε
2154 578 2231 633 ut
2290 567 2617 651 precipias
2684 564 2967 649 perhen-

1762 676 1918 722 nem
1980 656 2277 740 palmam
2353 656 2680 720 laborum.
2810 653 2967 718 Post

1759 743 1884 808 hec
1934 745 2345 808 truculentus
2387 743 2606 825 judex
2656 750 2966 805 sanctam

1757 833 2081 914 virginem
2116 832 2471 915 capitalem
2510 829 2711 911 jubet
2742 830 2971 892 subire

1760 923 2207 984 sententiam:
2254 919 2455 983 fidem
2494 917 2754 983 Christi
2788 917 2863 979 in
2892 937 2969 980 ea

1758 1009 2207 1072 invincibilem
2238 1005 2721 1090 prospectans,²
2814 1004 2973 1086 Sep-

1759 1097 1927 1159 tima
1946 1097 2127 1161 lectio
2142 1097 2223 1159 de
2235 1093 2615 1177 expositione
2632 1091 2975 1173 evangelii

1754 1184 2097 1248 secundum
2131 1183 2501 1247 mattheum.
2596 1181 2973 1246 Simileest

1756 1291 2034 1354 regnum
2095 1270 2388 1337 celorum
2462 1269 2787 1334 thesauro
2851 1269 2971 1332 ab·

1754 1359 2076 1426 scondit0.
2200 1357 2454 1426 Omelia
2513 1366 2591 1420 ut
2654 1357 2733 1421 in
2800 1377 2971 1419 com-

1756 1447 1959 1512 muni.
2560 1444 2793 1508 Lectio
2822 1445 2969 1525 viij.

1751 1538 2064 1667 Ducta
2093 1553 2249 1598 vero
2278 1534 2479 1598 beata
2525 1532 2969 1614 margaretha

1908 1632 2105 1686 extra
2136 1622 2472 1686 civitatem
2520 1621 2897 1702 impetrata
2924 1641 2967 1684 a

1753 1709 2153 1791 spiculatore
2166 1709 2383 1774 malco
2393 1709 2627 1773 orandi
2650 1709 2967 1772 licentia:

1755 1797 1950 1861 flexis
2003 1799 2283 1880 genibus
2331 1797 2547 1861 oravit
2595 1796 2959 1860 dominum

1753 1887 2021 1951 dicens:
2069 1886 2353 1968 Respice
2405 1885 2609 1967 igitur
2652 1883 2961 1965 piissime

1753 1983 1975 2056 pater:
1999 1983 2067 2039 et
2084 1982 2336 2056 presta:
2356 1982 2432 2036 ut
2450 1973 2503 2034 si
2525 1971 2675 2053 quis
2694 1972 2960 2053 suppli-

1750 2061 1855 2125 cia
1894 2083 2025 2146 que
2056 2081 2178 2143 pro
2206 2070 2326 2125 tuo
2372 2061 2645 2123 nomine
2674 2059 2963 2123 viriliter

1750 2151 1989 2232 pertuli
2022 2149 2353 2231 scripserit
2372 2156 2491 2211 aut
2520 2147 2802 2230 legerit:
2846 2147 2957 2211 vel

1750 2238 1881 2300 mei
1904 2237 2290 2301 memoriam
2309 2235 2568 2300 fecerit:
2593 2235 2955 2298 criminum

1750 2343 2017 2388 suorum
2050 2330 2507 2408 promereatur
2533 2323 2825 2387 veniam.
2858 2323 2961 2387 Et

1748 2412 1968 2476 adhuc
1998 2422 2157 2494 peto
2184 2433 2199 2478 ε
2246 2421 2322 2475 ut
2352 2412 2467 2494 qui
2492 2410 2847 2475 ecclesiam
2880 2411 2952 2475 in

1749 2500 1879 2564 mei
1912 2499 2197 2564 nominis
2238 2500 2491 2563 honore
2518 2499 2642 2563 tibi
2672 2499 2955 2562 dedim-

3059 2577 3065 2590 A
3062 2531 3065 2538 .
3061 2507 3065 2514 .
3062 2493 3065 2496 l
3062 2471 3065 2480 -
3057 1899 3065 2450 -..——-—-—-.-.—-——.-——.-.l—.

1747 2589 1957 2653 verit:
2002 2589 2408 2672 adipiscatur
2454 2587 2777 2669 quicquid
2834 2607 2955 2668 pe-
3059 2593 3065 2620 ²

1748 2675 1940 2739 tieret
1972 2676 2134 2740 utile
2152 2697 2271 2739 sue
2292 2674 2536 2739 saluti:
2578 2684 2649 2738 et
2666 2675 2957 2738 descen-

1747 2763 1868 2827 dat
1914 2783 2115 2846 super
2157 2762 2337 2826 illam
2386 2764 2666 2826 domum
2712 2781 2957 2826 conse-

1748 2849 1955 2915 cratio
1986 2850 2484 2934 spiritussancti.
2596 2849 2826 2912 Lectio
2857 2850 2953 2915 ix.

1746 2939 1992 3070 His
2022 2961 2063 3003 a
2102 2947 2391 3021 martyre
2437 2936 2674 3001 dictis:
2718 2937 2957 3002 subito

1935 3026 2110 3090 facta
2142 3035 2297 3090 sunt
2326 3026 2623 3089 tonitrua
2654 3045 2955 3106 magna:

1746 3121 1815 3176 et
1844 3114 2155 3177 columba
2184 3115 2272 3177 de
2300 3112 2446 3177 celo
2478 3111 2683 3176 missa
2718 3113 2956 3194 tetigit

1746 3221 1895 3266 eam
1956 3202 2231 3266 dicens:
2294 3201 2505 3265 Beata
2558 3220 2627 3263 es
2692 3199 2951 3264 Christi

1743 3309 1991 3370 sponsa
2009 3287 2430 3372 margaretha
2450 3310 2467 3354 ε
2487 3307 2619 3371 que
2636 3289 2949 3352 omnium

1744 3376 2160 3459 compateris
2284 3377 2462 3440 Ecce
2542 3375 2724 3439 enim
2816 3396 2952 3457 que

1745 3466 2046 3546 petisti⁸z
2096 3485 2307 3546 usque
2359 3464 2425 3528 in
2477 3461 2680 3528 finem
2734 3464 2949 3527 seculi

1743 3553 1863 3616 tibi
1897 3552 2199 3617 Christus
2230 3551 2573 3616 concessit.
2663 3552 2846 3615 Veni
2878 3553 2947 3615 in

1744 3641 2035 3723 requiem
2076 3641 2286 3722 patrie
2333 3640 2611 3703 celestis.
2706 3639 2949 3721 Spicu-
3061 3653 3065 3696 3

1742 3726 1914 3791 lator
1954 3749 2112 3792 vero
2160 3728 2530 3790 maximam
2582 3726 2692 3790 dei
2736 3727 2949 3790 virtu-
3061 3755 3065 3790 t

1742 3823 1879 3879 tem
1913 3816 2320 3898 perlustrans
2349 3815 2524 3879 circa
2554 3835 2747 3879 eam:
2798 3835 2947 3897 per-

1739 3911 1963 3966 cutere
1993 3923 2144 3966 eam
2176 3902 2409 3967 renuit.
2504 3901 2631 3968 Cui
2681 3923 2945 3984 marga·

1740 3991 1967 4056 retha:
2016 3991 2089 4056 Si
2138 3991 2265 4054 hoc
2319 4011 2517 4072 agere
2565 3990 2947 4054 distuleris:

1739 4087 1999 4161 partem
2039 4098 2299 4142 mecum
2346 4078 2593 4141 habere
2640 4097 2777 4141 non
2826 4099 2945 4160 po-

1739 4168 1915 4231 teris,
1967 4166 2067 4230 At
2093 4166 2202 4229 ille
2226 4167 2472 4230 timens
2496 4165 2679 4229 dixit
2704 4166 2947 4228 Domi-

1740 4274 1823 4318 ne
1848 4273 1932 4317 ne
1955 4263 2211 4318 statuas
2238 4254 2396 4317 mihi
2422 4253 2549 4316 hoc
2570 4263 2941 4336 peccatum.
3062 4261 3065 4274 ²

1883 4391 1903 4420 ²
2000 4397 2291 4456 rspectans:
2330 4389 2533 4442 RN.S.

1211 4454 1231 4483 ⁸
1269 4459 1284 4482 ¹
1305 4459 1354 4504 et
1379 4469 1476 4519 que
1501 4469 1603 4504 non
1622 4455 1791 4520 petisti
1809 4455 1823 4480 ’
1857 4457 1921 4506 ad
1984 4475 1997 4506 z
2034 4456 2153 4507 RN
2176 4455 2231 4507 S.
