3117 4959
570 257 679 312 IN
716 257 987 316 FESTO
1035 259 1099 314 S.
1148 256 1629 314 MICHAELIS
1669 259 2237 316 ARCHANGELI.

682 367 830 423 579

142 475 357 538 enixa
411 482 513 537 est
550 495 564 537 :
609 475 725 556 qui
786 496 827 538 a
885 475 1355 558 spiritusancto

142 582 274 644 per
305 562 633 626 medicine
666 572 877 626 artem
926 565 1146 628 edocti
1202 574 1356 628 sunt

146 671 387 714 curare
416 670 685 714 ornnem
708 651 1195 717 infirmitatem:
1220 673 1355 716 non

146 737 375 802 solum
428 739 491 800 in
544 738 926 803 hominibus
978 742 1097 803 sed
1152 741 1353 804 etiam

152 827 227 888 in
243 826 579 907 jumentis
639 826 787 890 Hec
808 829 1007 909 igitur
1032 828 1121 891 illi
1143 829 1353 892 sancti

149 915 477 977 facientes
500 935 515 978 :
538 933 579 976 a
599 914 783 978 nullo
808 917 1055 998 aliquid
1084 918 1355 998 recipie·

152 1003 343 1066 bant.
1038 1005 1256 1068 Lectio
1287 1005 1353 1086 ej.

146 1091 355 1222 Eo
384 1096 684 1171 tempore
716 1100 1021 1155 matrona
1064 1093 1354 1174 quedam

314 1179 581 1242 nomine
611 1178 907 1260 palladia
923 1179 1157 1246 clinica
1174 1188 1317 1244 erat
1340 1201 1355 1244 :

148 1285 293 1347 que
340 1266 428 1329 ab
480 1265 609 1328 illis
655 1277 883 1332 curata
912 1277 1029 1332 est.
1123 1268 1214 1331 Et
1246 1287 1357 1331 oc-

148 1354 341 1417 culte
412 1363 646 1417 sancto
721 1355 1037 1418 damiano
1111 1356 1353 1419 obtulit

146 1441 665 1506 munusculum:
728 1445 909 1526 quod
972 1444 1081 1507 ille
1139 1465 1352 1508 sacra-

150 1530 404 1593 mentis
485 1530 885 1595 terribilibus
960 1534 1354 1598 constrictus

148 1618 466 1700 suscepit.
560 1619 653 1682 Et
688 1619 839 1683 ideo
885 1621 1178 1702 precepit
1208 1641 1354 1683 cos-

150 1725 307 1768 mas
338 1725 421 1768 ne
452 1725 689 1787 corpus
734 1708 879 1788 ejus
925 1729 1057 1772 una
1090 1728 1239 1771 cum
1272 1728 1353 1771 eo

144 1793 559 1875 sepeliretur.
637 1795 717 1856 In
749 1797 984 1859 eadem
1010 1805 1205 1860 nocte
1236 1817 1353 1879 ap-

147 1882 380 1963 paruit
438 1881 749 1946 dominus
807 1904 1033 1947 cosme
1086 1883 1351 1948 dicens:

148 1969 387 2052 Quare
444 1971 537 2033 sic
605 1971 863 2036 locutus
937 1993 1008 2035 es
1082 1981 1353 2055 propter

148 2077 445 2120 munus:
490 2059 670 2140 quod
718 2058 919 2123 frater
950 2069 1102 2124 tuus
1134 2081 1354 2124 susce-

146 2146 313 2227 pit?
378 2146 535 2209 Non
583 2148 905 2211 mercedis
958 2150 1173 2231 gratia
1232 2149 1351 2212 sed

140 2252 275 2316 per
304 2253 549 2296 nomen
580 2253 803 2298 meum
836 2236 1177 2318 adjuratus
1212 2257 1351 2300 sus·

144 2321 351 2404 cepit.
1006 2325 1225 2388 Lectio
1256 2324 1353 2406 iij.

140 2409 559 2540 Audiens
610 2410 811 2491 igitur
862 2431 1084 2492 preses
1130 2413 1347 2476 lisias¹

322 2498 529 2560 vitam
583 2508 961 2562 sanctorum
1015 2520 1239 2564 cosme
1284 2511 1353 2565 et

143 2585 495 2648 damiani:
538 2588 801 2650 vocavit
848 2607 963 2650 eos
1024 2589 1111 2652 ad
1166 2609 1238 2652 se
1283 2599 1353 2652 et

142 2674 387 2737 dixit:
455 2673 783 2739 Accedite
846 2671 916 2738 et
988 2677 1351 2740 sacrificate

144 2761 285 2825 diis
364 2763 621 2825 nostris
735 2762 961 2827 Sancti
1026 2775 1349 2847 martyres

144 2850 491 2913 dixerunt.
542 2849 735 2913 Idola
764 2870 936 2915 vana
965 2853 1164 2916 surda
1196 2873 1350 2916 ceca

144 2947 222 3000 et
255 2946 447 3000 muta
476 2957 610 3000 non
639 2939 1082 3004 adorabimus,
1158 2942 1350 3006 Tunc

144 3026 349 3107 penis
376 3026 857 3107 torquebantur
888 3029 1297 3092 multimodis
1334 3050 1349 3094 :

145 3113 273 3176 sed
308 3113 473 3176 illesi
506 3116 884 3179 manebant.
972 3117 1182 3198 Jussit
1227 3119 1348 3200 igi-

144 3210 263 3263 tur
337 3203 561 3265 venire
635 3213 952 3284 quattuor
1024 3207 1295 3269 nomina
1326 3205 1351 3244 ²

144 3288 487 3353 militum:
533 3291 645 3372 qui
677 3301 942 3355 sanctos
988 3292 1096 3356 dei
1141 3295 1347 3376 sagit-

144 3385 393 3441 tarent.
487 3377 578 3440 Et
609 3399 761 3442 cum
791 3400 1025 3443 omnes
1070 3383 1349 3463 sagittas

144 3485 311 3528 suas
342 3467 883 3548 expenderunt³z
916 3468 1077 3532 nihil
1108 3490 1347 3534 nocue-

144 3563 311 3616 runt
358 3555 639 3618 sanctis:
682 3556 802 3618 sed
833 3565 1009 3620 retro
1036 3578 1351 3621 converse

144 3641 627 3706 interfecerunt
699 3643 1083 3726 plurimam'
1138 3645 1349 3709 homi-

144 3751 317 3793 num
350 3731 865 3796 multitudinem.
926 3733 1350 3799 Accedentes

140 3838 316 3881 vero
373 3819 709 3883 carnifices
754 3841 770 3882 :
839 3823 1061 3903 capita
1120 3843 1347 3886 eorum

142 3915 685 3988 amputaverunt.
822 3909 1067 3992 Sicque
1138 3914 1350 3975 sancti

144 4003 481 4076 martyres
542 3997 799 4060 animas
858 4019 1011 4061 suas
1066 4001 1133 4063 in
1188 4021 1352 4082 pace

146 4083 599 4148 reddiderunt.
650 4105 769 4167 per
804 4107 957 4150 eum
1017 4089 1131 4169 qui
1191 4089 1353 4152 vivit

142 4181 219 4235 et
262 4182 499 4254 regnat
560 4174 625 4236 in
676 4173 914 4238 secula.
996 4174 1218 4240 Cetera
1275 4177 1357 4240 de

142 4261 481 4325 communi
505 4262 954 4343 plurimorum
985 4275 1353 4347 martyrum

142 4359 257 4414 etc.

146 4491 161 4520 ¹
202 4488 397 4553 lysias:
432 4489 501 4539 N.

662 4492 683 4522 ²
716 4506 807 4554 pro
837 4491 1069 4545 ‘nomina
1086 4491 1100 4514 ’
1124 4491 1260 4541 milia
1284 4509 1295 4541 ε
1333 4491 1400 4541 Ν.

1961 367 2123 422 580

1456 479 1520 552 ([
1574 475 1810 538 Sancti
1837 473 2166 537 michaeli&
2193 471 2584 554 archangeli.

1465 563 1592 626 Aa'
1617 573 1911 643 vesperas
2282 561 2652 642 antiphona.

1452 651 1814 783 Excelsi
1847 649 2018 731 regis
2041 648 2248 713 filium
2270 647 2654 713 collaudant

1604 739 1778 802 cives
1809 739 1992 801 celici
2029 759 2044 801 :
2091 756 2288 820 quem
2337 736 2653 800 cherubin

1453 834 1523 889 et
1569 825 1878 908 seraphin
1925 835 2194 888 sanctus
2237 824 2652 907 proclamant

1452 914 1682 978 seduli.
1743 913 2009 978 Psalmi
2020 913 2297 994 feriales
2324 913 2459 977 Αῆ.
2525 912 2652 977 Cui

1452 1002 1553 1065 sol
1589 1003 1745 1066 luna
1769 1003 2148 1065 deserviunt
2165 1020 2286 1083 per
2307 1010 2610 1082 tempora
2635 1021 2652 1064 :

1454 1092 1568 1172 qui
1631 1090 1880 1154 resides
1940 1110 2139 1172 super
2198 1087 2524 1152 thronos:
2580 1097 2652 1151 et

1446 1179 1708 1260 judicas
1783 1178 2199 1260 equitatem:
2275 1176 2438 1240 assis
2498 1195 2652 1239 nos-

1452 1269 1572 1330 tris
1617 1266 1920 1348 precibus
1981 1267 2130 1348 pius
2183 1283 2261 1327 ac
2308 1263 2648 1346 propitius.

1452 1355 1585 1418 Aa.
1666 1353 2042 1436 Prepositus
2103 1352 2389 1434 paradisi
2445 1353 2650 1432 janue

1449 1452 1771 1524 cetusque
1789 1441 2128 1523 angelicus
2147 1461 2224 1503 ac
2249 1439 2648 1521 patriarcha-

1452 1550 1598 1593 rum
1661 1529 1852 1594 cunei
1911 1548 2062 1592 cum
2111 1529 2344 1590 ceteris
2398 1527 2648 1590 civibus

1452 1620 1753 1701 supernis
1785 1617 1976 1682 nobis
2005 1625 2354 1699 precentur
2382 1615 2646 1678 veniam

1452 1727 1495 1770 a
1541 1707 1832 1769 domino,
1951 1705 2084 1769 Aa.
2165 1704 2444 1768 Summa
2506 1703 2648 1766 laus

1452 1794 1664 1859 dulcis
1695 1793 1984 1857 melodia
2034 1803 2104 1856 te
2154 1791 2478 1854 condecet
2531 1810 2650 1872 per

1452 1883 1737 1946 orbitam
1753 1903 1888 1964 quo
1908 1878 2354 1944 centrichorus
2374 1879 2648 1941 resultat

1453 1972 1754 2052 gaudens
1773 1969 1890 2033 tali
1910 1969 2122 2032 socio:
2142 1988 2302 2031 arva
2320 1967 2648 2050 plaudunt

1452 2069 1521 2122 et
1567 2059 1847 2122 reboant
1893 2056 2023 2120 leta
2077 2065 2270 2119 tanto
2317 2055 2562 2118 nuncio
2605 2075 2648 2117 o

1453 2147 1735 2211 michael
1782 2144 2070 2210 celorum
2121 2144 2454 2226 preposite
2497 2161 2650 2204 nos-

1448 2244 1587 2298 tras
1616 2255 1812 2298 voces
1842 2233 2118 2314 suscipe.
2175 2233 2308 2295 Αῆ.
2359 2230 2650 2293 Domine

1449 2325 1618 2386 deus
1636 2321 1918 2386 sabaoth
1938 2320 2234 2384 omnium
2245 2319 2647 2401 dignitatum

1452 2413 1871 2494 dispensator
1931 2416 2130 2491 atque
2193 2407 2514 2488 largitor:
2561 2406 2650 2468 da

1451 2500 1644 2565 nobis
1676 2498 1939 2562 famulis
1959 2498 2090 2560 tuis
2109 2495 2287 2559 beati
2310 2494 2648 2558 michaelis

1451 2587 1830 2669 archangeli
1893 2585 2326 2665 omniumque
2385 2591 2648 2646 sancta-

1450 2697 1596 2739 rum
1649 2675 1990 2738 celestium
2037 2673 2356 2735 virtutum
2386 2689 2650 2750 semper

1449 2765 1618 2828 tueri
1651 2763 1990 2846 presidiis:
2014 2769 2084 2822 et
2103 2778 2332 2822 eorum
2363 2758 2644 2839 gloriam

1449 2853 1537 2915 ad
1608 2851 1872 2915 laudem
1935 2849 2032 2911 tui
2085 2847 2296 2909 sancti
2358 2845 2644 2908 nominis

1448 2950 1842 3004 venerantes
1891 2937 2182 3018 ipsorum
2233 2933 2494 3015 gaudiis
2539 2932 2644 2994 sac

1448 3049 1596 3092 esse
1627 3027 1996 3110 participes
2253 3020 2642 3100 Capitulum.

1603 3125 1826 3180 actum
1881 3121 1984 3176 est
2032 3109 2310 3193 prelium
2355 3109 2420 3170 in
2453 3108 2644 3172 celo:

1604 3203 1884 3267 michael
1933 3208 1999 3262 et
2045 3196 2266 3280 angeli
2303 3194 2446 3277 ejus
2494 3215 2643 3278 pre-

1450 3294 1783 3357 liabantur
1811 3311 1962 3354 curn
1993 3288 2280 3352 dracone
2309 3305 2324 3349 ε
2356 3293 2426 3349 et
2441 3285 2643 3347 draco

1448 3382 1829 3465 pugnabat:
1863 3387 1930 3442 et
1961 3374 2180 3458 angeli
2205 3373 2384 3454 ejus:
2417 3380 2485 3435 et
2508 3391 2642 3435 non

1448 3469 1912 3553 prevaluerunt
1941 3483 2192 3546 :neque
2217 3463 2522 3525 inventus
2541 3469 2643 3522 est

1449 3558 1634 3622 locus
1694 3577 1922 3620 eorum
1985 3551 2269 3635 amplius
2338 3550 2405 3612 in
2483 3547 2641 3612 celo,

1449 3648 1565 3710 Re.
1641 3645 1743 3709 Te
1801 3652 2104 3708 sanctum
2167 3638 2513 3703 dominum
2575 3637 2643 3700 in

1450 3735 1733 3799 excelsis
1795 3732 2072 3796 laudant
2132 3747 2364 3791 omnes
2425 3724 2643 3806 angeli

1451 3824 1780 3888 dicentes:
1814 3821 1914 3884 Te
1944 3820 2137 3883 decet
2161 3817 2304 3878 laus
2336 3822 2403 3876 et
2433 3813 2647 3875 honor

1452 3913 1739 3976 domine.
1817 3926 1866 3996 γ
1912 3905 2249 3974 Cherubin
2281 3920 2546 3985 quoque
2577 3909 2646 3962 et

1452 4000 1758 4082 seraphin
1792 4007 2060 4061 sanctus
2091 3991 2542 4074 proclamant:
2576 3996 2646 4050 et

1452 4089 1672 4152 omnis
1733 4086 2016 4151 celicus⁴
2080 4079 2244 4145 ordo
2305 4079 2643 4140 dicentes:

1454 4179 1555 4242 Te
1588 4176 1796 4239 decet.
1833 4211 1840 4218 ·
2317 4165 2644 4244 Hymnus·

1475 4263 1710 4398 Tibi
1797 4260 2058 4364 §hriste
2135 4253 2450 4356 splendor
2530 4272 2646 4355 pa-

1621 4363 1740 4416 tris
1782 4359 1922 4415 vita
1978 4355 2187 4412 Virtus
2231 4344 2528 4406 cordium
2575 4360 2645 4404 in

1579 4493 1598 4522 ⁸
1630 4489 1964 4554 expenderent
1993 4505 2004 4536 :
2041 4485 2114 4536 N.
2281 4487 2301 4516 ⁴
2333 4483 2538 4534 celitus:
2575 4479 2641 4534 N·
