3117 4959
1433 230 1492 284 S.
1543 229 1783 284 SIXTI
1822 229 2065 284 PAPE.

1035 339 1192 394 453

509 444 833 509 cimiterio
853 443 1376 510 lindisfurnensis
1400 446 1674 511 ecclesie
1694 469 1709 512 :

511 534 578 595 in
612 535 790 615 regia
817 554 974 596 vero
998 535 1264 598 civitate
1288 554 1524 598 manus
1554 556 1707 599 cum

514 622 797 684 brachiis
857 622 1204 686 condidit:
1281 624 1365 686 ad
1438 623 1705 687 laudem

509 710 765 772 domini
790 713 995 772 nostri
1027 711 1185 788 jesu
1214 711 1476 775 Christi.
1551 712 1710 776 Tres

511 797 742 859 ultime
811 799 1100 861 lectiones
1176 799 1258 862 de
1333 801 1713 880 expositione

507 886 831 966 evangelii
879 886 951 950 Si
1007 888 1154 968 quis
1207 888 1350 950 vult
1397 897 1550 970 post
1600 909 1707 951 me

509 975 747 1036 venire.
847 975 1098 1038 Omelia
1135 985 1210 1039 ut
1253 975 1322 1038 in
1367 978 1706 1041 communi.

517 1061 740 1126 Cetera
782 1062 878 1124 ad
915 1064 1278 1126 matutinas
1304 1071 1370 1126 et
1393 1065 1589 1127 horas
1630 1066 1712 1129 de

507 1171 832 1212 commum
893 1150 1091 1212 unius
1150 1155 1467 1232 martyris
1491 1175 1514 1216 .·
1560 1174 1706 1217 cum

509 1241 809 1302 oratione.
932 1238 1380 1320 Omnipotens
1463 1243 1708 1324 sempi-

508 1335 714 1390 terne.
836 1331 899 1405 (Ι
965 1327 1300 1391 Memoria
1355 1328 1438 1392 de
1489 1341 1708 1393 sancto

493 1424 694 1498 petro.
783 1415 918 1480 Αῇ.
1010 1415 1315 1499 Cumque
1390 1418 1703 1481 vidisset.¹

509 1502 632 1567 Ad
673 1513 962 1584 vesperas
1011 1512 1115 1568 aii.
1211 1505 1341 1587 Qui
1395 1525 1502 1568 me
1551 1527 1706 1571 con-

510 1591 762 1654 fessus:
814 1600 877 1655 et
930 1601 1122 1654 cetere
1175 1593 1517 1673 antiphone
1561 1617 1707 1658 cum

493 1679 780 1762 psalmis
837 1679 1212 1760 serzalibus.
1336 1681 1559 1747 Cetera
1630 1683 1712 1746 de

507 1768 832 1830 communi
886 1788 1030 1830 cum
1082 1769 1373 1832 oratione
1412 1773 1706 1854 propria.

513 1860 576 1934 (1
613 1855 708 1918 M
703 1855 946 1918 emoria
973 1857 1053 1918 de
1083 1858 1495 1939 martyribus.
1572 1861 1633 1922 A
1645 1869 1707 1926 ἢ.

511 1944 826 2008 Gaudent
857 1944 921 2005 in
955 1945 1129 2009 celiS.
1221 1962 1267 2030 y
1315 1947 1661 2012 Exultent.

508 2035 784 2164 Deus
836 2033 949 2114 qui
1010 2035 1374 2116 conspicis:
1425 2035 1707 2119 [Oratio.

665 2121 823 2201 quia
853 2141 940 2182 ex
972 2121 1154 2185 nulla
1195 2134 1420 2188 nostra
1464 2126 1708 2188 virtute

509 2206 931 2270 subsistimus
959 2230 974 2274 :
1021 2211 1313 2274 concede
1342 2213 1706 2295 propitius:

511 2304 585 2358 ut
618 2296 1082 2361 intercessione
1127 2297 1304 2362 beati
1341 2301 1502 2364 sixti
1535 2321 1708 2363 mar-

509 2383 675 2464 tyris
706 2385 801 2446 tui
848 2393 1050 2468 atque
1099 2387 1429 2469 pontificis
1476 2400 1709 2454 contra

511 2472 738 2535 omnia
767 2473 1044 2536 adversa
1076 2477 1466 2540 muniamur.
1545 2478 1710 2542 Alia

509 2560 720 2623 oratio
775 2560 896 2623 sub
959 2584 1093 2626 una
1165 2565 1551 2628 conclusione
1620 2565 1717 2628 ad

513 2659 806 2730 vesperas
834 2660 897 2713 et
925 2652 1299 2716 matutinas.
1461 2653 1709 2718 Oratio.

513 2739 786 2888 Deus
817 2739 930 2820 qui
963 2760 1083 2802 nos
1107 2740 1414 2803 concedis
1447 2751 1710 2804 sancto-

669 2847 815 2889 rum
860 2837 1224 2909 martyrum
1271 2838 1534 2892 tuorum
1569 2830 1711 2893 feli-

515 2915 761 2978 cissimi
782 2925 850 2978 et
868 2916 1119 2998 agapiti
1133 2917 1442 2980 natalicia
1463 2919 1711 2984 colere·

514 3004 604 3066 da
678 3004 870 3066 nobis
931 3005 996 3066 in
1058 3014 1285 3068 eterna
1347 3004 1567 3070 leticia
1625 3008 1712 3071 de

515 3111 742 3154 eorum
791 3093 1108 3156 societate
1154 3095 1462 3175 gaudere.
1553 3096 1714 3178 per.²

522 3183 585 3254 (ἶ
633 3180 962 3242 Memoria
983 3181 1063 3244 de
1076 3192 1295 3245 sancto
1310 3193 1510 3265 petrO.
1575 3184 1709 3248 Ait.

519 3267 718 3332 Solve
745 3269 1035 3348 jubente.

522 3359 585 3433 π
631 3355 657 3392 ⁸
683 3355 1072 3420 Sanctorum
1132 3367 1498 3439 martyrum
1555 3359 1721 3423 sixti

501 3451 673 3526 pape
688 3463 712 3504 .·
740 3443 1122 3523 filicissimi
1141 3469 1164 3509 .·
1209 3457 1272 3508 et
1299 3449 1566 3529 agapiti.

628 3552 669 3592 n
695 3530 807 3593 illo
832 3539 1132 3614 tempore
1161 3554 1176 3598 :
1211 3533 1452 3616 [Lectio
1468 3538 1713 3618 prima.

629 3619 876 3682 Decius
950 3640 1136 3684 cesar
1209 3632 1277 3685 et
1345 3623 1717 3688 valerianus

518 3705 848 3790 prefectus
897 3707 1231 3789 jusserunt
1279 3711 1405 3774 sibi
1461 3714 1716 3776 sixtum

519 3795 903 3878 episcopum
936 3818 1087 3860 cum
1113 3797 1288 3862 clero
1308 3820 1429 3865 suo
1452 3821 1718 3883 presen-

520 3885 688 3947 tari:
767 3894 836 3948 et
897 3886 1071 3951 dixit
1133 3888 1217 3951 ad
1280 3908 1431 3951 eum
1495 3890 1719 3954 decius

516 3993 745 4038 cesar.
815 3974 999 4057 Ergo
1057 3976 1354 4042 sacrifica
1413 3978 1583 4042 diis:
1654 3987 1720 4042 et

623 4113 638 4144 ¹
673 4113 875 4162 Abhinc
897 4129 1049 4180 usqne
1067 4114 1223 4179 adju-⁸.
1259 4113 1430 4179 Magn.
1469 4113 1526 4163 in
1548 4119 1719 4163 octava

519 4179 572 4228 S.
591 4181 733 4232 Petri
750 4181 918 4229 omnia
940 4197 1033 4230 om.
1060 4181 1125 4231 R.
1147 4188 1194 4229 et
1213 4180 1320 4230 Ν..
1317 4196 1328 4206 ·
1362 4181 1539 4230 retinet
1558 4181 1613 4230 S.
1644 4181 1719 4230 ita

515 4252 684 4297 tamen
705 4253 765 4294 ut
785 4246 919 4296 Festo
945 4247 1112 4296 Trans
1217 4247 1430 4296 rationis
1462 4247 1548 4295 hoc
1568 4247 1719 4296 seroi-

516 4315 650 4362 tium
676 4313 810 4376 quod
836 4314 1065 4378 sequitur
1115 4314 1168 4364 S.
1207 4314 1367 4364 Mart.
1407 4314 1566 4372 Sixti,
1588 4313 1721 4376 ὀνκ]

514 4385 856 4444 postponatur.

620 4449 640 4476 ²
672 4444 869 4493 Abhinc
903 4461 1052 4510 usque
1081 4445 1152 4494 ad
1174 4448 1188 4472 ⁶
1212 4445 1398 4495 Oratio.
1473 4445 1614 4495 Deus
1636 4444 1721 4509 qui

2326 339 2480 394 454
3029 345 3032 410 1

1810 458 1957 511 esto
1978 448 2281 530 princeps
2300 446 2733 509 sacerdotum.
2790 445 2940 528 Quod
3030 495 3032 506 ,

1810 538 1865 600 si
1898 558 2031 599 non
2064 537 2333 600 feceris:
2374 545 2445 597 tu
2470 534 2595 596 eris
2618 534 2941 615 exemplum
3030 605 3032 608 Α

1809 627 2128 689 omnium.
2221 624 2457 688 Sixtus
2509 623 2838 704 episcopus
2874 643 2944 684 re-

1806 715 2116 794 spondit:
2153 712 2302 793 Ego
2326 709 2715 773 sacrificium
2738 730 2946 792 semper

1806 801 2013 864 offero
2071 802 2201 863 deo
2263 819 2455 861 meo:
2536 808 2607 862 et
2665 797 2791 859 filio
2841 799 2946 876 ejus

1805 889 1966 970 Jesu
2002 889 2282 954 Christo.
2375 888 2567 950 Tunc
2598 887 2823 948 beatus
2846 889 2949 948 six-

1807 987 1915 1040 tus
1980 985 2369 1059 contempto
2442 985 2757 1057 precepto
2822 975 2951 1036 decii

1805 1066 2045 1129 ductus
2090 1073 2192 1128 est
2239 1066 2305 1126 in
2359 1064 2732 1127 custodiam
2784 1064 2952 1143 priva-

1806 1164 1945 1218 tam
1978 1174 2129 1218 cum
2159 1153 2421 1215 duobus
2450 1152 2589 1214 suis
2620 1151 2955 1214 diaconibus

1806 1242 2185 1306 felicissimo
2206 1251 2273 1304 et
2291 1241 2582 1322 agapitO.
2614 1239 2693 1302 L.
2712 1237 2954 1300 secunda

1803 1332 2162 1464 Sanctus
2251 1330 2561 1411 agapitus
2656 1328 2955 1409 episcopus

1928 1419 2202 1481 tradidit
2309 1416 2774 1480 archidiacono
2864 1435 2955 1478 suo
3030 1461 3032 1464 Α

1806 1507 2129 1590 laurentio
2160 1526 2393 1570 omnes
2418 1504 2767 1568 facultates
2788 1503 2954 1565 eccle-

1805 1597 1939 1658 sie:
1987 1605 2056 1657 et
2104 1596 2244 1676 ipse
2287 1594 2538 1657 clericis
2587 1602 2661 1654 et
2706 1591 2957 1673 pauperi-

1807 1683 1932 1746 bus
1963 1684 2283 1764 erogabat
2323 1691 2519 1765 prout
2563 1682 2801 1761 cuique
2827 1699 2957 1760 opus

1804 1780 1963 1835 erat.
2087 1772 2246 1834 Post
2316 1769 2439 1833 hec
2498 1769 2732 1846 decius
2788 1767 2959 1829 surore

1808 1859 2043 1941 plenus
2078 1859 2253 1922 dixit
2298 1858 2384 1921 ad
2430 1856 2868 1921 valerianum:
2904 1855 2956 1918 Si

1805 1948 1931 2011 iste
2005 1947 2355 2029 episcopus
2436 1946 2782 2008 extinctus
2856 1962 2957 2004 non

1806 2035 2041 2098 suerit:
2089 2054 2222 2097 non
2254 2035 2377 2097 erit
2406 2035 2613 2096 timor
2646 2032 2803 2096 aliis,
2858 2031 2958 2092 Va·
3030 2109 3032 2112 Α

1806 2123 2091 2186 lerianus
2123 2121 2507 2205 respondit:
2558 2121 2799 2203 Capite
2820 2130 2959 2182 trun·

1805 2227 2005 2275 cetur.
2100 2211 2548 2274 Felicissimus
2594 2219 2667 2272 et
2702 2208 2962 2311 agapitus
3029 2187 3032 2290 1

1806 2299 2332 2381 responderunt:
2381 2299 2443 2362 O
2508 2299 2733 2361 miseri
2782 2299 2832 2360 si
2876 2315 2961 2358 au·
3028 2297 3032 2376 1

1806 2388 2007 2452 diatis
2038 2389 2291 2450 monita
2321 2387 2529 2469 patris
2558 2387 2807 2449 vestri:
2846 2404 2965 2448 eva-
3027 2379 3032 2492 1

1805 2477 1979 2540 detis
2027 2484 2361 2538 tormenta
2406 2485 2687 2538 eterna:
2734 2495 2852 2556 que
2878 2491 2965 2534 vos
3029 2497 3032 2558 1

1806 2573 2115 2646 torquere
2206 2563 2472 2627 habent.
2620 2563 2966 2626 Valerianus
3028 2563 3032 2636 ¹}

1806 2653 2001 2716 dixit.
2080 2652 2259 2734 Quid
2291 2652 2404 2714 diu
2436 2653 2681 2714 vivunt
2706 2653 2846 2713 isti
2884 2649 2967 2747 qui
3030 2655 3032 2726 f

1808 2750 2143 2804 tormenta
2162 2740 2354 2803 nobis
2373 2741 2795 2821 promittunt.
2814 2739 2881 2800 L.
2899 2736 2969 2818 iij.

1829 2830 2104 2961 Tunc
2136 2829 2407 2891 adducti
2426 2837 2585 2890 sunt
2608 2829 2770 2891 soris
2794 2845 2969 2888 muros

1977 2925 2167 2998 porte
2186 2916 2421 2999 appie:
2441 2918 2763 2998 cepitque
2780 2917 2972 2977 beatus
3027 2839 3032 3028 1

1810 3005 2026 3068 sixtus
2046 3005 2265 3068 dicere
2284 3005 2368 3067 ad
2390 3005 2730 3087 templum
2752 3005 2975 3066 martis:
3028 3001 3032 3084 1

1817 3094 2136 3156 Destruat
2189 3102 2257 3156 te
2312 3093 2621 3157 Christus
2670 3094 2841 3155 filius
2880 3089 2974 3151 dei
3025 3087 3032 3182 1

1815 3181 1909 3244 Et
1968 3182 2191 3244 subito
2249 3181 2489 3244 cecidit
2560 3181 2795 3264 aliqua
2864 3197 3032 3276 pars
3029 3191 3032 3228 ¹

1812 3269 2087 3352 templi:
2120 3278 2188 3333 et
2210 3270 2629 3332 comminuta
2662 3279 2785 3332 est.
2826 3269 2979 3330 Tunc
3029 3231 3032 3366 1

1813 3357 2060 3421 milites
2090 3367 2394 3421 sanctum
2441 3359 2839 3440 episcopum
2878 3357 2979 3418 six·
3030 3367 3032 3414 i

1816 3457 1959 3510 tum
1994 3447 2439 3510 felicissimum
2472 3467 2755 3530 quoque
2776 3456 2843 3509 et
2860 3463 2981 3526 aga

1816 3535 2065 3618 pitum⁴
2100 3535 2523 3598 duxeruntin
2546 3536 2804 3600 clivum
2835 3551 2981 3598 mon·
3027 3477 3032 3616 1

1817 3625 1901 3688 tis
1932 3632 2088 3686 ante
2130 3624 2458 3706 templum
2506 3627 2789 3689 martis:
2835 3633 2893 3685 et
2916 3618 2979 3682 lb!
3027 3619 3032 3744 1

1815 3711 2125 3776 decollati
2174 3722 2373 3778 sunt:
2428 3721 2497 3776 et
2544 3734 2585 3776 a
2652 3707 3032 3777 christianis

1819 3802 1885 3864 in
1930 3801 2165 3865 eadem
2210 3802 2318 3864 via
2362 3800 2654 3883 sepulti.
2706 3805 2981 3882 regnante
3029 3763 3032 3860 1

1819 3891 2095 3953 domino
2172 3898 2397 3952 nostro
2470 3889 2635 3970 Jesu
2708 3887 3032 3954 Christo:

1822 3979 1935 4060 qui
2002 3977 2164 4041 vivit
2229 3987 2297 4040 et
2368 3986 2605 4058 regnat
2674 3977 2746 4040 in
2806 3973 2981 4040 secula

1817 4114 2017 4163 beatum
2044 4114 2243 4162 Petrum
2261 4112 2276 4135 '
2296 4113 2377 4162 col.
2408 4121 2509 4176 457
2530 4114 2715 4163 omnia
2734 4129 2827 4164 om.
2848 4125 2868 4161 .·
2892 4111 2941 4160 R.

1920 4183 1941 4212 ⁸
1970 4181 2071 4230 Hic
2107 4179 2246 4243 apud
2278 4179 2332 4229 S.
2374 4180 2597 4229 addenda
2618 4189 2764 4230 sumt.
2815 4177 2980 4228 ‘Eda-

1820 4244 1901 4296 die
1918 4245 1930 4268 ’
1989 4248 2069 4309 [sc.
2120 4247 2177 4295 in
2220 4245 2299 4294 die
2338 4245 2472 4293 Festi
2520 4247 2556 4294 7
2566 4238 2979 4310 ransfigumtimiv]

1828 4317 1843 4341 ⁸
1860 4320 2142 4362 sanctorum
2167 4318 2451 4374 martyrum
2464 4311 2477 4333 '
2504 4311 2609 4362 &a
2646 4321 2709 4362 ut
2730 4313 2825 4363 hic.

1924 4382 1943 4410 ⁴
1974 4377 2199 4446 gapitum
2227 4396 2239 4427 ε
2276 4377 2327 4428 S.
