3117 4959
882 259 943 312 S.
994 257 1343 313 RICARDI
1388 257 1509 312 DE
1554 258 1982 314 HAMPOLE.

718 365 871 420 789

188 467 542 528 Matutinus.
626 469 1057 528 Invt’taton‘um.
1156 471 1385 546 Regem

190 566 489 606 summum
544 547 731 607 seculi
784 546 983 608 venite
1032 550 1387 608 adoremus:

190 625 436 686 Ricardi
473 625 565 686 sui
613 627 817 686 famuli
858 629 1064 687 laudes
1109 629 1389 687 decante-

188 723 333 764 mus,
364 713 457 782 pff.
484 704 701 765 Venite
720 707 1067 766 exultemus.
1107 708 1167 765 Y
1162 717 1385 783 mpnus.

190 787 453 890 Pange
494 784 695 875 lingua
736 784 1031 876 graciosi{
1089 785 1347 845 hominis
1366 784 1391 820 ²

296 882 665 940 preconium,
731 883 831 942 pn,
901 884 1051 941 pun,
1118 863 1389 941 preciosi,

190 942 449 1002 odientis
465 942 699 1016 vicium,
718 943 879 1016 celsi,
902 943 1107 1018 sancti,
1132 942 1389 1021 gloriosi,

188 1021 377 1082 felicis
403 1041 512 1099 per
534 1022 843 1098 premium.
900 1024 1157 1082 Florem
1184 1021 1393 1082 mundi

189 1112 655 1162 marcescentem
698 1103 957 1162 habebat
1003 1101 1390 1179 contemptui,

188 1199 430 1240 carnem
517 1181 657 1241 fecit
736 1181 1109 1242 fatiscentem
1177 1183 1391 1241 servire

187 1259 437 1336 spiritui,
505 1261 791 1320 mundam
858 1279 1093 1337 semper
1157 1279 1397 1320 servans

186 1349 455 1399 mentem
483 1341 647 1399 bono
674 1341 877 1400 datam
902 1339 1079 1398 actui.
1187 1341 1393 1399 Scam-

188 1437 336 1476 num
392 1416 505 1477 sibi
556 1419 695 1478 lecti
762 1421 945 1492 locuS,
998 1429 1067 1478 ut
1118 1419 1205 1478 sic
1256 1417 1396 1496 vigil

188 1499 357 1556 fieret
385 1519 401 1556 z
440 1499 625 1556 fames
666 1516 907 1574 quoque
948 1497 1061 1558 sibi
1088 1517 1286 1571 cocus,
1318 1516 1396 1556 ne

187 1577 333 1654 gula
360 1588 789 1637 succresceret:
816 1576 1060 1637 odiosus
1086 1576 1197 1636 fuit
1220 1579 1395 1654 iocus

188 1653 297 1731 qui
327 1654 472 1714 boni
500 1655 651 1730 quid
687 1655 997 1716 minueret.
1079 1658 1253 1716 Dum
1294 1657 1396 1715 de-

186 1745 331 1794 vota
358 1733 693 1809 meditatur,
732 1734 953 1811 rapitur
994 1734 1055 1794 in
1094 1734 1347 1812 jubilum
1378 1755 1393 1794 ε

186 1831 346 1872 vana
399 1825 615 1872 cuncta
666 1814 1007 1888 detestatur,
1054 1825 1287 1890 reputat
1333 1812 1395 1873 in

188 1890 523 1950 nichilum:
586 1903 745 1952 totus
803 1895 939 1953 Deo
992 1895 1395 1953 conformatur

188 1969 385 2031 vitans
438 1970 561 2030 vite
613 1970 901 2032 nubilum.
1022 1975 1167 2032 Deo
1235 1971 1397 2032 Patri

187 2048 465 2110 Genitori
521 2051 668 2123 lauS,
724 2062 783 2110 et
839 2053 965 2127 ejus
1020 2051 1261 2122 Genito,
1318 2051 1393 2110 sit

184 2127 415 2205 spirato
459 2129 724 2189 Creatori
765 2131 957 2190 honor
995 2130 1119 2207 pari
1147 2129 1352 2190 debito
1382 2151 1395 2190 ε

188 2206 298 2284 qui
354 2207 619 2268 Ricardo
665 2209 988 2269 confessori
1042 2211 1236 2269 celum
1292 2210 1397 2269 dat

184 2305 303 2363 pro
332 2285 559 2346 merit0.
632 2290 843 2347 Amen.
927 2291 1009 2348 In
1025 2291 1223 2365 primo
1248 2290 1395 2348 Noc-

182 2373 381 2426 turna.
464 2371 561 2426 aii.
607 2369 681 2425 In
710 2368 839 2444 lege
866 2379 1089 2426 sancta.
1164 2369 1261 2426 Ps.
1290 2363 1395 2446 [72]

184 2447 415 2504 Beatus
440 2445 543 2505 vir.
624 2451 717 2506 aii.
765 2449 840 2505 In
881 2448 1011 2524 lege
1036 2457 1241 2506 sancta
1271 2448 1395 2505 Do-

184 2522 341 2582 mini
398 2523 687 2585 Ricard'us
756 2525 1089 2599 meditatur,
1160 2537 1221 2586 et
1286 2543 1397 2584 suo

184 2612 403 2662 saneto
428 2602 658 2662 nomini
684 2615 847 2664 totus
887 2604 1209 2664 dedicatur.
1294 2611 1392 2664 at’z.

186 2683 267 2740 In
297 2693 519 2742 monte.
600 2685 703 2742 Pr.
746 2680 863 2763 [ij.]
945 2686 1145 2758 Quare
1186 2686 1400 2744 fremu-

184 2770 383 2820 erunt.
462 2771 561 2819 an.
607 2764 683 2821 In
712 2775 916 2822 monte
958 2762 1077 2822 Dei
1116 2763 1397 2823 constitu-

184 2849 287 2898 tus
332 2839 627 2900 Ricardus
667 2841 1027 2916 sublimatur,
1058 2842 1135 2901 ab
1177 2841 1396 2903 insultu

185 2937 432 2994 semper
482 2930 645 2979 tutus
696 2939 835 2980 cum
892 2921 1111 2981 sanctis
1166 2923 1393 2981 letatur.

183 3006 289 3056 an.
354 2999 689 3076 Susceptor.
772 3001 872 3058 Pr.
910 2997 1049 3081 [iifl]
1134 3000 1399 3060 Domine

184 3075 344 3154 quid
400 3077 783 3155 multiplicati.
908 3089 1005 3137 an.
1076 3081 1399 3156 Susceptor-

184 3173 337 3216 suus
367 3157 663 3216 Dominus
688 3157 885 3234 ipsum
922 3158 1198 3218 exaltavit
1224 3181 1237 3217 ε
1278 3157 1397 3218 vite

184 3253 297 3294 sue
327 3235 613 3295 terminus
638 3247 900 3296 eternam
942 3235 1259 3297 inchoavit.
1346 3239 1397 3312 Ῠ

180 3313 433 3374 Amavit
487 3334 623 3374 eum
682 3315 981 3375 Dominus
1043 3327 1102 3376 et
1169 3315 1399 3376 ornavit

183 3411 350 3451 eum.
408 3394 575 3453 Stola
593 3394 777 3470 glorie
804 3394 999 3454 induit
1026 3414 1175 3455 eum.
1224 3397 1399 3456 Pater

180 3483 413 3532 noster.
498 3474 577 3532 Et
619 3492 696 3532 ne
742 3493 869 3534 nos.
954 3475 1111 3550 Jube
1153 3474 1399 3534 domine

182 3550 563 3611 benedicere.
652 3551 1085 3613 Benedictione
1112 3565 1401 3629 perpetua

180 3628 515 3690 benedicat
541 3650 652 3690 nos
682 3633 859 3692 Pater
885 3641 1135 3691 eternus
1184 3635 1397 3692 Amen.

183 3709 495 3816 Sanctus
526 3709 642 3769 Dei
670 3710 956 3770 heremita
984 3710 1087 3769 Ri-
1118 3709 1331 3792 [Lectio
1339 3714 1395 3788 j.

282 3789 501 3847 cardus
528 3787 589 3847 in
620 3788 761 3848 villa
786 3791 865 3849 de
893 3791 1210 3850 Thornton
1233 3792 1403 3867 juxta

184 3865 524 3944 Pikering‚³
564 3869 961 3928 Eboracensis
1004 3868 1278 3941 diocesiS,
1307 3889 1404 3928 ac-

184 3945 353 4024 cepit
406 3965 513 4006 sue
562 3946 1015 4026 propagacionis
1068 3947 1401 4026 originem.⁴

292 4108 309 4138 3
459 4109 471 4120 .
535 4108 547 4122 .
575 4126 587 4138 ‚
1063 4110 1075 4121 .
1201 4109 1213 4122 .
1240 4129 1252 4140 ⁸

198 4210 210 4222 .
290 4175 315 4208 ⁸
343 4109 549 4238 git-iffi?
564 4109 841 4240 P1ffering’
885 4111 1227 4240 addeltilffyrda
1240 4147 1252 4160 ⁰
1271 4109 1399 4225 liter

186 4239 457 4384 hafff'rhe
482 4307 696 4357 Lin001n
728 4307 843 4358 MS.
877 4307 1055 4372 begins
1090 4307 1208 4357 here
1247 4315 1300 4357 to
1334 4308 1397 4357 be

189 4371 643 4489 legxflghisoendas
668 4457 681 4490 ε
706 4441 789 4502 L„
820 4440 918 4490 and
945 4441 1003 4490 B.
1020 4440 1193 4504 prima
1217 4455 1389 4489 manu.

332 4531 499 4584 VOL.
549 4533 625 4586 11.

1985 367 2138 422 790

1490 469 1807 547 Oportuno
1843 481 2044 531 autem
2087 481 2354 548 tempore
2382 471 2460 532 de
2487 489 2693 548 paren-

1489 559 1616 608 tum
1643 549 1929 610 industria
1968 550 2196 627 positus
2237 562 2327 611 est
2367 552 2447 610 ad
2495 551 2694 610 literas

1488 627 1934 689 addiscendas⁶
2040 631 2318 706 Cumque
2385 629 2692 690 adultioris

1490 706 1662 767 etatis
1729 709 1910 782 fieret,
1967 708 2246 786 magister
2290 710 2558 769 Thomas
2613 709 2692 769 de

1492 785 1706 846 Nevile
1725 785 1750 824 ⁶
1791 786 1934 846 olim
1974 788 2426 849 archidiaconus
2466 790 2694 848 Dunol-

1490 865 1712 925 mensis
1755 865 1960 943 ‚ipsum
2015 868 2266 926 honeste
2321 866 2588 927 exhibuit
2627 866 2692 926 in

1491 943 1871 1005 universitate
1899 945 2148 1020 Oxonie,
2180 946 2282 1005 ubi
2309 947 2484 1006 valde
2521 947 2698 1023 profi-

1492 1023 1656 1083 ciens
1711 1023 1772 1083 in
1827 1025 2027 1085 studio
2081 1024 2288 1102 pocius
2337 1024 2695 1085 desideravit

1492 1102 1726 1179 plenius
1753 1114 1813 1163 et
1852 1104 2202 1180 profundius
2243 1103 2430 1164 imbui
2471 1106 2700 1164 theolo-

1492 1181 1638 1259 gicis
1665 1201 1828 1242 sacre
1855 1183 2151 1259 Scripture
2181 1183 2482 1256 doctriniS‚
2513 1202 2695 1260 quam

1493 1260 1796 1337 physicis⁷
1823 1273 1927 1322 aut
1964 1262 2242 1322 secularis
2288 1261 2534 1323 scientie
2583 1263 2692 1321 dis-

1495 1339 1746 1417 ciplinis,
1835 1343 2096 1401 Demum
2123 1341 2360 1401 decimo
2385 1359 2551 1401 nono
2577 1340 2698 1401 vite
2723 1379 2726 1382 ψ

1495 1438 1600 1479 sue
1643 1438 1822 1492 anno,
1870 1420 2252 1480 considerans
2301 1433 2536 1497 tempus
2577 1419 2700 1479 vite

1494 1498 1758 1558 mortalis
1790 1498 2096 1571 incertum,
2141 1511 2200 1559 et
2241 1499 2558 1558 terminum
2585 1509 2698 1558 tre-

1494 1578 1862 1637 mebundum
1891 1577 2145 1637 maxime
2189 1577 2282 1637 his
2328 1577 2432 1654 qui
2468 1579 2562 1638 vel
2602 1597 2700 1636 va-

1495 1668 1634 1716 cant
1661 1657 1852 1716 carnis
1881 1655 2148 1728 lasciviiS,
2177 1659 2271 1716 vel
2300 1658 2492 1717 solum
2533 1657 2698 1716 labo-

1494 1747 1626 1795 rant
1668 1754 1778 1813 pro
1825 1735 2142 1812 querendis
2187 1734 2432 1808 diviciis,
2483 1747 2542 1796 et
2587 1755 2698 1812 pro

1494 1813 1586 1874 his
1602 1817 1628 1853 ⁸
1682 1817 1924 1875 student
1977 1813 2132 1874 dolis
2185 1825 2366 1891 atque
2421 1812 2686 1888 fallaciiS,

1494 1894 1766 1954 fallentes
1803 1905 2002 1953 tamen
2045 1893 2300 1953 maxime
2329 1894 2698 1970 semetipsos,

1496 1972 1776 2050 cogitavit
1806 1976 1940 2033 Deo
1970 1971 2291 2049 inspirante
2332 1972 2578 2049 provide
2619 1974 2700 2032 de

1496 2052 1694 2128 seipso
1721 2070 2055 2112 memorans
2104 2071 2211 2112 sua
2257 2051 2578 2111 novissima
2619 2071 2698 2111 ne

1495 2143 1874 2208 peccatorum
1902 2130 2129 2207 laqueis
2157 2142 2477 2208 caperetur.
2559 2133 2700 2189 Pro-

1493 2209 1637 2269 inde
1681 2209 1870 2270 dum⁹
1917 2211 1995 2270 de
2043 2209 2281 2270 Oxonia
2325 2209 2574 2270 redisset
2621 2209 2701 2270 ad

1496 2290 1744 2348 domum
1773 2300 2098 2366 paternam,
2127 2308 2248 2348 una
2287 2289 2516 2349 dierum
2555 2290 2700 2348 allo-

1496 2380 1670 2428 cutus
1698 2379 1788 2428 est
1829 2376 2090 2428 sororem
2131 2387 2296 2428 suam
2342 2387 2460 2444 que
2503 2367 2699 2443 ipsum

1497 2461 1700 2507 tenera
1765 2447 2088 2507 affeccione
2155 2447 2377 2508 dilexit.
2501 2449 2698 2520 Soror,

1497 2526 1706 2603 inquit,
1763 2526 1946 2585 michi
1999 2526 2232 2600 dilecta,
2303 2528 2452 2585 duas
2513 2527 2700 2585 habes

1495 2605 1744 2678 tunicaS,
1775 2623 1955 2664 unam
1983 2606 2196 2676 albam,
2241 2607 2484 2666 alteram
2525 2605 2704 2680 grise-

1496 2683 1670 2758 am‚¹⁰
1697 2703 1846 2760 quas
1873 2683 2047 2743 avide
2073 2684 2452 2760 concupisco.
2522 2685 2700 2760 Rogo

1495 2774 1556 2822 te
1611 2763 1886 2838 quatinus
1941 2762 2084 2822 velis
2139 2782 2238 2822 eas
2292 2761 2476 2821 michi
2540 2774 2706 2838 grate

1497 2843 1784 2914 conferre,
1840 2853 1900 2901 et
1951 2840 2206 2901 crastina
2272 2840 2371 2900 die
2423 2841 2503 2899 ad
2556 2841 2705 2899 illud

1496 2939 1710 2981 nemus
1735 2919 1996 2979 vicinum
2025 2918 2208 2978 miehi
2253 2918 2550 2991 deferre,¹¹
2582 2937 2707 2979 una

1497 3019 1635 3059 cum
1689 2998 1932 3074 pluviali
1997 2997 2248 3074 capucio
2315 2997 2494 3076 patris
2563 2996 2698 3058 mei.

1498 3077 1730 3138 Annuit
1759 3077 1857 3136 illa
1896 3087 2208 3154 gratanter,
2258 3087 2318 3136 et
2362 3079 2530 3153 juxta
2570 3095 2704 3153 pro-

1498 3157 1678 3218 missa
1693 3159 1772 3217 ad
1789 3156 2014 3216 dictum
2044 3175 2257 3216 nemus
2279 3175 2352 3215 ea
2367 3156 2429 3214 in
2446 3155 2702 3216 crastino

1498 3235 1850 3313 deportavit,
1906 3235 2186 3312 ignorans
2241 3234 2485 3295 omnino
2555 3235 2701 3311 quid

1498 3315 1832 3376 intenderet
1885 3316 2061 3374 frater
2112 3317 2257 3391 eJus.
2370 3315 2460 3375 Ut
2501 3324 2703 3373 autem

1498 3394 1626 3472 ipse
1681 3393 2009 3470 accepisset
2063 3412 2154 3466 ea,
2208 3393 2370 3454 illico
2435 3391 2700 3452 manicas

1498 3473 1688 3552 grisee
1741 3473 1942 3532 tunice
1995 3472 2383 3545 detruncavit,
2441 3486 2501 3533 et
2567 3473 2702 3532 albe

1500 3552 1702 3612 tunice
1740 3553 1998 3612 botones
2023 3549 2071 3588 ¹²
2113 3551 2388 3627 abscidit,
2417 3563 2479 3612 et
2517 3553 2704 3611 modo

1500 3651 1622 3708 quo
1676 3641 1906 3708 poterat
1971 3632 2109 3691 albe
2174 3631 2373 3691 tunice
2439 3630 2705 3690 manicas

1502 3711 1752 3784 consuit,
1771 3721 1837 3770 ut
1859 3729 1967 3770 suo
1983 3708 2030 3746 ¹³
2051 3711 2359 3788 proposito
2379 3709 2709 3786 aliqualiter

1500 3800 1854 3868 aptarentur.
1864 3789 1912 3828 ¹⁴
1996 3791 2291 3866 Deposuit
2311 3788 2486 3866 igitur
2511 3799 2706 3848 vestes

1502 3868 1772 3945 proprias
1839 3867 2054 3944 quibus
2123 3879 2248 3927 erat
2313 3867 2575 3940 indutu&
2647 3876 2706 3926 et

1501 3949 1700 4008 albam
1755 3947 1973 4008 sororis
2025 3946 2287 4006 tunicam
2333 3946 2412 4007 ad
2465 3963 2704 4006 carnem

1569 4112 1590 4140 ⁸
1623 4109 1822 4159 Neville
1848 4128 1860 4158 ι
1885 4109 1944 4159 L.
2142 4114 2160 4140 ⁷
2191 4109 2396 4174 phisicis
2420 4128 2434 4159 ε
2459 4110 2518 4160 L.

1562 4178 1584 4208 ⁸
1614 4176 1746 4224 hiis:
1783 4175 1840 4224 L.
1869 4175 2069 4239 passim.
2139 4177 2160 4206 ²
2200 4175 2348 4224 ‘dum
2369 4175 2384 4199 ’
2403 4191 2504 4224 om.
2535 4175 2594 4224 L.

1565 4243 1606 4339 ζ
1635 4257 1848 4356 ᾗῐιέἒ
1905 4241 1978 4355 ῙῙῙ.
2126 4241 2164 4336 3
2197 4240 2395 4356 §ge-“13
2410 4241 2562 4291 michi
2589 4259 2600 4290 ε
2637 4241 2698 4292 L.

1565 4374 1606 4404 ¹⁴
1635 4341 2024 4436 adaptarentur:
2060 4372 2120 4423 L.
2306 4343 2320 4358 ⁷
2401 4343 2414 4357 ·

2301 4537 2335 4602 3
2390 4537 2432 4584 F
