3117 4959
816 245 882 300 S.
932 244 1294 303 FABIANI
1339 244 1460 298 ET
1503 243 2033 301 SEBASTIANJ.

703 353 845 409 185

2013 355 2149 411 136

183 458 366 525 sociis
408 458 580 523 tuis:
625 457 958 523 intercede
989 478 1112 541 pro
1141 466 1370 521 nostra
1471 466 1853 521 sanctorum
1932 459 2191 524 animos
2282 460 2678 528 confortare.

185 549 602 630 omniumque
651 547 886 611 salute.
962 556 1067 629 pJ.
1105 546 1366 627 Magni—

183 636 350 700 ficat.

181 728 275 857 l
287 724 714 787 nfirmitatem
767 731 1064 786 nostram
1119 722 1368 804 respice

281 816 702 894 omnipotens
777 812 992 874 deus:
1069 820 1136 874 et
1213 812 1370 892 quia

183 902 436 983 pondus
467 901 730 983 proprie
762 900 1040 963 actionis
1091 908 1326 981 gravat
1353 920 1369 963 :

185 990 352 1052 beati
405 988 652 1051 fabiani
703 988 1008 1069 martyris
1039 988 1134 1050 tui
1170 995 1371 1069 atque

183 1076 504 1159 pontificis
537 1077 914 1139 intercessio
931 1075 1218 1157 gloriosa
1249 1095 1370 1137 nos

179 1174 500 1247 protegat.
595 1164 738 1227 Sub
787 1185 924 1227 una
969 1162 1370 1227 conclusione.

175 1256 443 1385 Deus
474 1252 588 1335 qui
618 1252 890 1317 beatum
921 1251 1372 1314 sebastianum

329 1352 686 1423 martyrem
720 1350 910 1403 tuum
943 1340 1184 1402 virtute
1217 1358 1373 1402 con-

177 1431 415 1493 stantie
484 1431 550 1491 in
613 1430 920 1511 passione
994 1428 1368 1490 roborasti:

178 1538 265 1580 ex
297 1518 438 1600 ejus
489 1517 682 1583 nobis
733 1516 1104 1579 imitatione
1153 1515 1371 1578 tribue

176 1626 298 1688 pro
348 1622 574 1669 amore
625 1614 743 1668 tuo
794 1624 1108 1686 prospera
1141 1603 1370 1666 mundi

173 1694 510 1777 despicere
557 1702 624 1757 et
669 1693 853 1756 nulla
897 1692 1040 1773 ejus
1089 1692 1368 1755 adversa

177 1782 572 1846 formidare:
616 1801 751 1864 per.
799 1780 860 1843 A
870 1780 924 1843 d
949 1780 1208 1843 matuti.
1255 1780 1372 1842 In-

175 1874 334 1935 vita.
383 1869 698 1933 Gaudete.
733 1876 832 1949 ps‘:
853 1869 1113 1931 Venite.
1163 1868 1375 1948 Hym-

175 1980 316 2022 nus.
410 1958 660 2021 Eterna
692 1956 954 2021 Christi.
1045 1956 1130 2019 In
1147 1966 1368 2037 przmo

173 2057 480 2109 nocturno
507 2054 616 2109 aii.
701 2044 1134 2109 Sebastianus
1166 2044 1375 2107 medi-

171 2135 588 2198 olanensium
620 2133 902 2215 partium
926 2132 1124 2195 civis:
1170 2150 1368 2214 quem

170 2222 554 2305 perfuderat
584 2222 748 2285 deus
796 2220 1008 2302 gratia
1039 2220 1128 2283 ab
1157 2219 1374 2283 omni-

169 2313 298 2375 bus
347 2309 720 2374 amabatur.
806 2316 906 2391 ps‘:
956 2310 1204 2371 Beatus
1254 2306 1369 2371 vir.

165 2400 305 2463 Aa.
341 2399 506 2462 Erat
526 2397 788 2461 enimin
809 2416 1112 2459 sermone
1136 2416 1373 2459 verax:

168 2490 234 2551 in
279 2486 535 2570 judicio
575 2486 806 2568 justus.
839 2493 940 2568 pff.
988 2483 1212 2566 Quare
1244 2483 1372 2547 fre-

169 2585 501 2639 muerunt.
591 2576 724 2638 Ari.
775 2573 1042 2637 Christo
1073 2572 1372 2654 quotidie

167 2664 479 2729 sedulum
504 2662 870 2726 exhibebat
887 2661 1206 2723 officium:
1230 2668 1374 2723 erat

167 2754 352 2817 enim
385 2771 577 2815 verus
606 2750 713 2813 dei
745 2750 971 2813 cultor.
1049 2756 1151 2829 ps‘:
1198 2748 1371 2813 Cum

169 2842 570 2905 invocarem.
691 2854 738 2923 γ
803 2836 1138 2900 Exultent
1190 2836 1372 2917 justi.

161 2932 292 3065 S
318 2928 706 2992 ebastianus
732 2926 834 2989 vir
863 2924 1064 2989 chris-
1130 2923 1294 3007 [Lec.
1307 2925 1372 3006 j.

325 3014 785 3080 tianissimus:
864 3010 1374 3083 mediolanensi-

161 3126 282 3169 um
316 3106 608 3188 partium
641 3103 843 3166 civis:
876 3100 1268 3164 diocliciano
1303 3108 1373 3163 et

161 3193 589 3257 maximiano
681 3188 1190 3274 imperatoribus
1279 3187 1372 3251 ita

156 3302 360 3348 carus
421 3288 607 3343 erat:
671 3286 746 3341 ut
805 3278 1248 3360 principatum
1311 3276 1372 3339 ei

155 3372 386 3455 prime
403 3367 693 3433 cohortis
717 3366 1050 3429 traderent
1076 3384 1090 3427 :
1139 3374 1204 3427 et
1237 3364 1373 3427 suis

156 3457 640 3541 conspectibus
671 3474 824 3518 eum
873 3473 1142 3536 semper
1181 3452 1376 3533 jube-

159 3556 318 3611 rent
349 3554 585 3609 astare.
635 3544 798 3605 Erat
829 3542 1006 3605 enim
1040 3540 1139 3604 vir
1167 3540 1372 3603 totius

155 3635 538 3718 prudentie.
632 3632 712 3695 In
761 3650 1066 3693 sermone
1124 3648 1373 3692 verax:

153 3725 228 3787 in
307 3722 564 3805 judicio
632 3718 890 3800 justus:
955 3717 1022 3780 in
1097 3716 1376 3779 consilio

151 3811 530 3894 providus:
579 3809 643 3870 in
705 3806 1062 3869 commisso
1107 3804 1322 3867 fidelis
1358 3824 1372 3868 :

151 3902 222 3964 in
263 3902 644 3962 interventu
693 3904 1037 3958 strenuus:
1087 3892 1152 3955 in
1184 3892 1376 3955 boni-

147 3998 305 4053 tate
381 3986 778 4065 conspicuus
829 4004 844 4047 :
941 3982 1006 4044 in
1071 3980 1375 4044 universa

149 4096 428 4139 morum
460 4074 813 4136 honestate
846 4069 1190 4151 preclarus.
1258 4068 1371 4131 Re.

149 4163 606 4229 Sebastianus
654 4158 760 4222 dei
813 4158 1028 4221 cultor
1077 4156 1374 4219 studiose

145 4254 442 4316 curabat
488 4248 616 4312 sub
661 4247 988 4310 absconso
1028 4244 1370 4308 clar.1idis¹

259 4443 272 4471 ¹
311 4435 596 4501 chlamydis
627 4452 640 4483 :
675 4434 738 4483 G.

1123 634 1366 699 Oratio.
1471 634 1785 715 consequi
1806 637 2297 717 sempiternam.

1010 4434 1032 4462 ²
1070 4436 1082 4457 ‘
1101 4438 1202 4479 tam
1221 4428 1234 4452 ⁹
1260 4428 1396 4479 add:
1430 4428 1562 4479 E.G.

1473 545 1681 629 Spem
1758 549 2153 628 promittens
2244 560 2311 613 et
2388 552 2667 633 gloriam

2344 640 2681 725 yChristo

1480 722 1778 805 quotidie
1830 724 2101 789 sedulus
2140 726 2505 791 exhibebat
2536 730 2679 793 offi-

1479 811 1697 874 cium:
1744 819 1811 873 et
1864 812 2367 879 christianorum
2418 818 2679 880 animos

1477 898 1914 963 confortabat.
2008 901 2231 983 Spem.
2365 904 2585 968 Lectio
2609 907 2678 988 ᾔ.

1492 986 1957 1119 Clarissimis
2018 989 2219 1071 igitur
2275 992 2431 1056 viris
2507 1015 2681 1057 mar-

1621 1074 1903 1139 celliano
1992 1086 2059 1140 et
2132 1099 2357 1144 marco
2418 1081 2679 1145 duobus

1479 1162 1761 1243 geminis
1836 1164 2147 1229 fratribus
2236 1189 2357 1250 pro
2432 1170 2679 1235 Christi

1479 1252 1751 1313 nomine
1824 1252 1889 1315 in
1967 1253 2245 1318 vinculis
2305 1260 2683 1321 constitutis

1480 1339 1782 1420 quotidie
1898 1340 2209 1405 solatium
2316 1346 2681 1410 exhibebat

1479 1436 1749 1490 sanctus
1793 1428 2209 1494 sebastianus
2274 1452 2288 1495 :
2363 1443 2432 1497 et
2476 1435 2683 1516 ’ipsis

1479 1534 1683 1596 quam
1745 1516 1944 1579 etiam
2000 1520 2205 1582 servis
2253 1541 2479 1585 eorum
2527 1543 2679 1586 cum

1479 1602 1723 1684 quibus
1752 1605 1919 1666 tenti
1945 1604 2207 1670 fuerant
2236 1629 2252 1672 :
2284 1618 2351 1672 et
2370 1611 2682 1673 omnibus

1481 1690 1546 1753 in
1580 1691 1859 1754 vinculis
1906 1713 2029 1774 pro
2081 1695 2325 1759 Christi
2359 1696 2492 1761 fide
2522 1718 2683 1761 con-

1483 1778 1773 1843 stitutis:
1818 1780 2135 1845 salutaria
2190 1783 2345 1847 fidei
2406 1787 2683 1849 consilia

1487 1867 1946 1931 ministrabat:
2022 1880 2095 1933 ut
2155 1873 2355 1937 seculi
2423 1874 2683 1938 blandi-

1481 1964 1709 2017 menta
1770 1968 2204 2039 respuerent:
2250 1970 2319 2025 et
2380 1982 2683 2027 momen-

1479 2051 1682 2107 tanea
1720 2052 2205 2111 tormentorum
2252 2068 2497 2131 genera
2546 2072 2679 2115 non

1479 2130 1809 2197 timerent.
1900 2134 2015 2197 Re.
2060 2134 2227 2199 Erat
2288 2158 2553 2221 nanque
2612 2140 2681 2203 in

1480 2239 1786 2283 sermone
1874 2242 2081 2285 verax
2136 2243 2154 2288 :
2262 2225 2329 2289 in
2429 2227 2683 2308 judicio

1474 2307 1747 2389 justus:
1802 2308 1869 2371 in
1922 2311 2198 2375 consilio
2250 2316 2565 2395 providus
2616 2317 2682 2379 in

1483 2395 1783 2459 bonitate
1814 2400 2223 2481 conspicuus.
2276 2402 2354 2464 In
2382 2406 2683 2469 universa

1481 2503 1742 2546 morum
1794 2483 2147 2551 honestate
2194 2489 2540 2570 preclarus.
2632 2510 2682 2578 γ

1485 2571 1562 2634 In
1598 2574 1953 2636 commisso
1996 2596 2263 2659 quoque
2306 2578 2517 2643 fidelis
2554 2601 2569 2645 :
2617 2581 2683 2643 in

1481 2659 1853 2723 interventu
1884 2670 2205 2728 strenuus,
2256 2666 2354 2731 In.
2416 2668 2551 2733 Lec.
2587 2669 2685 2751 iij.

1477 2749 1579 2879 l
1591 2750 1769 2829 gitur
1797 2767 1949 2812 cum
1982 2749 2105 2814 hec
2136 2754 2464 2835 quottidie
2494 2777 2688 2821 sanc-

1587 2844 1695 2899 tus
1726 2837 2140 2902 sebastianus
2186 2840 2468 2907 faceret:
2523 2865 2689 2926 qua-

1480 2924 1639 2987 dam
1689 2924 1800 2987 die
1852 2925 2073 2989 subito
2127 2948 2246 3009 per
2295 2950 2493 2993 unam
2551 2933 2687 2995 fere

1479 3012 1715 3075 horam
1747 3012 2103 3094 splendore
2150 3016 2358 3081 nimio
2405 3018 2490 3082 de
2537 3020 2685 3083 celo

1481 3100 1789 3163 veniente
1820 3100 2241 3167 circundatus
2271 3116 2414 3169 est:
2461 3117 2528 3170 et
2560 3109 2685 3172 sub

1483 3188 1631 3269 ipso
1678 3187 2033 3269 splendore
2086 3190 2348 3271 juvenis
2402 3197 2685 3259 amictus

1482 3274 1689 3357 pallio
1790 3278 2267 3343 candidissimo
2377 3286 2687 3367 apparuit

1476 3363 1679 3444 juxta
1738 3384 1909 3429 eum.
2015 3366 2163 3431 Hec
2212 3378 2435 3434 autern
2498 3394 2687 3455 gere-

1482 3452 1727 3515 bantur
1748 3452 1914 3518 insra
1936 3455 2211 3519 domum
2234 3458 2617 3525 nichostrati
2634 3462 2687 3526 ³:

1483 3540 1662 3623 apud
1698 3561 1897 3622 quem
1931 3544 2479 3611 custodiebantur
2514 3570 2687 3613 mar-

1483 3627 1803 3691 cellianus
1834 3638 1903 3693 et
1935 3650 2211 3697 marcus
2259 3634 2389 3717 Qui
2426 3637 2687 3701 nichos-

1485 3724 1697 3779 tratus
1716 3716 1742 3753 ⁸
1773 3716 2065 3783 habebat
2096 3741 2380 3786 uxorem
2414 3727 2684 3788 nomine

1485 3824 1619 3867 zoe.
1666 3803 1790 3867 hec
1843 3817 2067 3870 autem
2122 3818 2277 3873 ante
2308 3832 2429 3873 sex
2474 3820 2686 3877 anno's

1484 3891 1660 3955 facta
1690 3902 1793 3956 est
1839 3904 2069 3960 muta:
2114 3898 2533 3980 prudentiam
2583 3911 2685 3964 ta-

1485 3998 1641 4043 men
1673 3981 1983 4045 audiendi
2017 3992 2085 4046 et
2118 3984 2529 4069 intelligendi
2550 4010 2684 4052 non

1483 4068 1699 4132 solum
1722 4089 1853 4132 non
1881 4070 2221 4137 amiserat:
2250 4078 2686 4141 verumetiam

1485 4165 1552 4219 et
1587 4156 1819 4220 melius
1849 4178 2052 4240 quam
2098 4158 2421 4226 habuerat
2466 4166 2689 4246 prius:

1485 4244 1852 4309 obtinebat.
1947 4248 2063 4311 Re.
2108 4248 2541 4316 Sebastianus
2590 4256 2691 4317 vir

1837 4434 1857 4461 ⁸
1889 4431 2183 4481 nicostratus
2210 4450 2221 4483 :
2256 4436 2317 4485 G.
2350 4439 2548 4500 passim.
