3117 4959
859 300 864 305 ,
900 238 962 292 S.
1012 235 1425 292 LEUFRIDI
1464 237 1693 292 ABBA
1708 237 1761 291 T
1755 235 1852 291 15.

666 345 817 402 828

312 450 505 516 aleria
549 473 701 516 vero
746 461 961 516 mater
989 451 1326 535 supradic-

309 541 553 603 torum¹
607 541 881 623 gervasii
938 550 1007 604 et
1056 541 1327 622 protasii

160 628 301 691 dum
342 628 542 691 nollet
590 630 985 692 manducare
1017 631 1101 692 de
1133 629 1329 691 sacri-

158 715 303 779 ficiis
332 717 655 780 idolorum
704 726 893 780 tanta
942 717 1103 780 cede
1152 737 1331 778 mac-

156 812 283 866 tata
328 813 463 868 est:
530 815 605 868 ut
654 825 801 868 eam
862 805 962 867 sui
1024 805 1331 867 homines

157 892 259 955 vix
287 894 677 956 seminecem
712 893 796 956 ad
829 893 1107 956 domum
1140 913 1329 956 suam

158 981 607 1062 perducerent:
652 990 853 1063 atque
884 982 979 1044 ita
1010 981 1077 1043 in
1109 981 1332 1043 triduo

159 1069 441 1150 migravit
490 1069 579 1131 ad
638 1069 993 1134 Christum.
1099 1069 1329 1132 Sancti

154 1157 337 1237 igitur
392 1167 717 1238 martyres
782 1166 937 1239 post
995 1158 1201 1238 patris
1263 1164 1333 1219 et

158 1245 365 1307 matris
440 1265 673 1307 eorum
760 1254 1042 1308 mortem
1079 1266 1095 1308 :
1186 1264 1330 1308 sese

155 1333 591 1396 concluserunt
615 1334 682 1395 in
702 1353 836 1397 uno
868 1332 1183 1396 cenaculo
1214 1353 1333 1414 per

153 1420 357 1484 decem
438 1441 698 1484 annos:
784 1420 1177 1484 lectionibus
1261 1431 1329 1485 et

152 1509 531 1572 orationibus
563 1517 635 1572 et
675 1508 943 1590 jejuniis
972 1518 1327 1572 vacantes:

152 1607 327 1678 atque
350 1616 526 1660 anno
547 1598 901 1661 undecimo
920 1596 1005 1660 ad
1032 1597 1325 1679 palmam

152 1686 420 1766 martyrii
452 1691 915 1768 pervenerunt.
982 1684 1196 1748 Lectio
1227 1685 1324 1766 iij.

160 1773 367 1895 sum
440 1794 605 1856 ergo
681 1772 1013 1837 astachius
1103 1792 1327 1837 comes

194 1861 776 1943 ‘proficisceretur
856 1861 941 1924 ad
1021 1860 1271 1923 bellum
1309 1883 1323 1923 :

149 1959 545 2013 occurrerunt
612 1951 671 2012 ei
725 1948 1125 2032 templorum
1186 1949 1325 2012 cul-

147 2044 301 2100 tores
329 2057 478 2101 eum
510 2037 971 2102 sacerdotibus
1010 2038 1322 2101 dicentes,

148 2123 209 2187 Si
246 2127 338 2188 vis
384 2128 470 2191 ad
526 2134 853 2208 augustos
908 2135 1171 2189 nostros
1227 2146 1323 2187 re-

144 2213 288 2275 verti
346 2215 602 2279 victor:
657 2212 761 2278 sac
819 2214 1193 2295 gervasium
1256 2223 1325 2276 et

144 2300 529 2380 prothasium
612 2301 994 2365 sacrificare.
1105 2300 1323 2365 Vehe-

148 2401 377 2452 menter
405 2392 589 2454 enim
624 2390 714 2452 dii
748 2391 953 2453 nostri
985 2389 1069 2453 de
1094 2409 1319 2453 eorum

144 2486 507 2560 contemptu
573 2478 896 2541 commoti
971 2486 1126 2541 sunt
1163 2497 1177 2540 ε
1255 2487 1323 2541 et

147 2564 285 2628 dare
315 2567 502 2630 nobis
525 2586 847 2648 responsa
868 2574 1321 2630 contemnunt.

142 2652 421 2718 Audiens
450 2655 578 2718 hec
610 2675 834 2716 comes
880 2654 1175 2736 precepit
1205 2674 1321 2717 eos

140 2741 271 2804 duci
316 2745 400 2806 ad
456 2765 573 2806 se:
624 2752 690 2805 et
744 2745 903 2825 quia
954 2741 1319 2806 sacrificare

141 2830 473 2897 nolebant:
552 2831 775 2914 primo
830 2831 1026 2912 jussit
1086 2850 1317 2911 gerva-

138 2917 287 2980 sium
316 2921 550 2983 tandiu
580 2919 942 3001 plumbatis
976 2919 1119 2982 cedi
1152 2939 1317 2999 quo·

140 3023 321 3087 usque
351 3010 661 3090 spiritum
709 3008 1025 3070 exalaret.
1101 3005 1317 3070 Amo·

139 3099 198 3155 to
226 3096 415 3178 igitur
452 3097 763 3179 gervasio
808 3095 1002 3176 jussit
1048 3094 1315 3177 protha-

138 3181 285 3245 sium
345 3186 564 3266 primo
626 3182 909 3246 fustibus
970 3184 1159 3246 cedi:
1236 3203 1313 3246 ac

136 3269 215 3333 sic
288 3275 583 3354 graviter
666 3292 889 3336 cesum
983 3271 1312 3336 decollari.

138 3356 401 3439 Quidam
427 3382 592 3444 ergo
618 3361 951 3443 philippus
972 3359 1313 3423 christian-

137 3444 371 3511 issimus
400 3451 633 3514 furtim
665 3459 1044 3512 sanctorum
1078 3468 1311 3530 corpo-

135 3553 195 3596 ra
221 3539 465 3618 rapuit:
514 3548 722 3620 atque
753 3557 833 3600 ea
864 3537 929 3600 in
961 3539 1166 3600 domo
1191 3557 1310 3599 sua

134 3625 423 3705 sepelivit.
520 3627 823 3708 Quorum
863 3625 1191 3706 suffragiis
1222 3625 1306 3688 ad

132 3723 404 3778 sanctam
452 3735 686 3778 eorum
734 3714 1121 3777 societatem
1161 3733 1306 3794 per-

132 3799 423 3866 ducamur
499 3802 617 3866 illo
708 3811 1045 3884 prestante
1081 3824 1095 3865 :
1192 3802 1306 3882 qui

130 3887 269 3952 vivit
307 3901 373 3955 et
418 3899 657 3974 regnat
686 3891 753 3953 in
786 3890 1007 3954 secula
1055 3889 1304 3952 seculo-

130 3995 254 4040 rum
290 4000 503 4044 amen.
602 3979 821 4044 Cetera
864 3979 946 4041 de
984 3977 1311 4042 communi

114 4064 529 4141 plurimorum
562 4077 947 4148 martyrum.

130 4155 181 4227 ff
226 4155 453 4219 Sancti
520 4155 875 4238 Leusredi²
933 4153 1188 4218 abbatis
1244 4164 1308 4218 et

122 4242 489 4322 confessoris.
1008 4244 1064 4307 L
1075 4245 1228 4306 ectio
1237 4245 1297 4326 j.

270 4375 283 4407 ⁸
326 4381 339 4405 ⁸
355 4387 621 4444 martyrum
646 4380 658 4403 ’
679 4380 777 4430 add
803 4399 815 4429 :
853 4379 913 4430 R.
924 4379 1055 4430 N.S.

1259 4379 1281 4408 ²
1314 4377 1545 4430 leufridi:
1585 4380 1649 4429 N.
1662 4381 1715 4431 S.

1946 343 2098 400 324

1429 452 1810 585 Salvator
1863 451 2095 514 mundi
2156 449 2270 532 qui
2331 448 2634 513 doctrina

1552 538 1938 622 evangelica
1988 539 2309 602 mundum
2361 537 2630 600 irradia·-

1430 628 1527 690 vit
1551 649 1566 691 :
1599 630 1870 692 beatum
1899 625 2290 690 leufridum⁸
2313 625 2628 688 abbatem

1432 716 1776 797 insigniter
1805 714 2270 778 miraculorum
2293 713 2486 777 donis
2515 714 2630 777 de-

1432 805 1700 867 coravit.
1789 805 1972 868 Nam
2031 805 2206 866 inter
2252 803 2448 884 signa
2499 820 2630 882 que

1428 901 1728 974 gesserat
1802 891 1928 954 hoc
2019 891 2412 973 principium
2489 889 2631 952 fuit.

1434 981 1728 1062 Quidam
1841 980 2042 1062 igitur
2149 977 2628 1042 monachorum

1433 1088 1700 1131 suorum
1733 1078 1924 1131 tanta
1954 1067 2209 1149 antiqui
2246 1066 2456 1129 hostis
2486 1085 2630 1127 ma-

1433 1156 1584 1220 licia
1644 1176 1990 1238 percussus
2049 1165 2203 1219 est:
2270 1164 2347 1219 ut
2407 1155 2630 1217 subito

1432 1244 1702 1308 exalare
1792 1246 2086 1308 animam
2161 1263 2238 1306 se
2315 1243 2628 1307 crederet.

1432 1331 1853 1415 Currensque
1913 1332 1998 1394 ad
2059 1340 2365 1394 sanctum
2407 1331 2626 1394 virum

1429 1421 1580 1484 dei:
1654 1441 1818 1485 voce
1894 1418 2354 1502 lachrymabili
2433 1418 2627 1482 dixit.

1433 1508 1754 1574 Succurre
1829 1519 2020 1590 pater
2091 1527 2394 1571 succurre
2471 1507 2630 1588 quia

1430 1597 1634 1660 modo
1687 1599 1775 1660 ab
1834 1596 1958 1660 hac
2020 1595 2167 1658 luce
2225 1597 2629 1658 discessurus

1426 1704 1593 1748 sum.
1703 1685 1894 1748 Tunc
1946 1684 2047 1746 vir
2095 1684 2204 1746 dei
2257 1681 2434 1746 sacta
2481 1702 2627 1745 ora-

1426 1774 1610 1836 tione
1641 1772 1916 1836 tradidit
1939 1773 1998 1836 ei
2029 1771 2378 1834 baculum:
2425 1790 2624 1852 quem

1427 1881 1628 1924 manu
1660 1861 1968 1944 gestabat
1999 1869 2067 1924 et
2096 1859 2326 1923 statim
2357 1869 2627 1921 sanatus

1425 1958 1541 2012 est.
2311 1946 2524 2011 Lectio
2555 1947 2626 2028 ij.

1422 2036 1682 2168 Alio
1758 2057 2026 2120 quoque
2093 2046 2394 2118 tempore
2453 2036 2625 2098 anti·

1592 2144 1761 2207 quus
1833 2126 2042 2189 hostis
2107 2125 2444 2208 quendam
2505 2122 2624 2186 ho-

1426 2214 1673 2276 minem
1703 2235 1717 2276 :
1765 2223 1993 2278 contra
2023 2213 2235 2276 virum
2267 2212 2374 2275 dei
2407 2212 2624 2274 intan-

1424 2311 1570 2365 tum
1603 2301 1944 2384 instigavit
1974 2311 2048 2365 ut
2071 2321 2224 2364 eum
2249 2299 2620 2363 falsidicum

1424 2390 1806 2471 appellaret.
1864 2390 1990 2455 Cui
2019 2391 2120 2453 vir
2138 2389 2243 2452 dei
2267 2389 2377 2452 ait.
2437 2388 2623 2450 Deus

1416 2476 1672 2558 judicet
1723 2479 1894 2542 inter
1942 2499 2051 2540 me
2103 2486 2172 2541 et
2221 2485 2304 2541 te.
2409 2475 2502 2538 Et
2552 2476 2618 2538 in

1421 2565 1549 2630 hoc
1581 2566 1928 2648 apparebit
1960 2566 2106 2647 quis
2139 2573 2438 2628 nostrum
2479 2563 2619 2644 jus-

1420 2654 1646 2717 ticiam
1681 2656 2042 2736 impugnet.
2137 2653 2209 2718 Si
2244 2652 2445 2715 modo
2475 2671 2622 2714 om·

1421 2762 1538 2804 nes
1585 2742 1820 2806 dentes
1863 2743 2006 2824 ejus
2037 2743 2124 2804 ab
2155 2761 2265 2803 ore
2305 2739 2618 2802 radicitus

1420 2831 1815 2894 ceciderint:
1892 2840 1960 2893 et
2020 2831 2106 2893 sit
2165 2829 2291 2891 hoc
2351 2828 2616 2908 signum

1417 2938 1537 2999 per
1568 2918 1740 2981 illius
1759 2919 2164 3001 progeniem.
2253 2915 2392 2979 Vix
2416 2914 2618 2978 verba

1415 3006 1814 3088 complevit:
1861 3017 1929 3069 et
1975 3005 2237 3088 pondus
2289 3003 2617 3084 condigne

1418 3093 1687 3158 ultionis
1759 3095 1975 3177 ipsum
2039 3102 2108 3156 et
2170 3111 2396 3155 semen
2472 3091 2616 3171 ejus

1416 3183 1755 3264 percussit.
1831 3183 1924 3245 ita
1956 3191 2028 3245 ut
2060 3200 2292 3244 omnes
2325 3178 2409 3242 de
2439 3178 2619 3241 illius

1415 3272 1734 3353 progenie
1779 3271 1916 3335 nati
1970 3271 2095 3333 hac
2147 3267 2614 3332 maledictione

1414 3360 1750 3441 deturpati
1795 3367 1951 3423 sunt
1995 3378 2206 3440 usque
2253 3357 2319 3420 in
2352 3356 2614 3419 hodier-

1414 3467 1572 3510 num
1606 3449 1802 3512 diem.
2268 3444 2484 3508 Lectio
2514 3443 2612 3526 iij.

1565 3547 1670 3601 ost
1744 3537 2092 3600 transitum
2168 3555 2324 3598 vero
2399 3533 2610 3596 sancti

1564 3625 1836 3690 leufredi
1926 3625 2189 3688 abbatis
2226 3646 2240 3688 ε
2334 3621 2608 3704 quidam

1409 3733 1581 3795 pene
1628 3716 1858 3796 viginti
1910 3734 2232 3777 annorum
2282 3731 2476 3774 cecus
2523 3709 2607 3772 ad

1408 3803 1828 3884 sepulchrum
1863 3802 2069 3865 filius⁴
2112 3802 2336 3865 venit:
2385 3800 2609 3878 ibique

1407 3891 1760 3954 sanitatem
1898 3891 2158 3973 recepit.
2297 3887 2606 3970 Quedam

1406 3980 1610 4042 etiam
1690 3981 1936 4043 semina
2017 4000 2176 4042 ceca
2257 3975 2606 4040 candelam

1407 4068 1588 4131 misit
1646 4070 1730 4132 ad
1799 4068 2185 4131 memoriam
2262 4063 2383 4128 viri
2447 4063 2606 4126 dei:

1402 4156 1633 4219 statim
1677 4166 1750 4221 ut
1797 4154 2080 4219 candela
2125 4153 2238 4216 illa
2268 4152 2353 4214 ad
2386 4150 2609 4234 sepul-

1402 4243 1632 4308 chrum
1675 4245 1817 4327 ejus
1863 4263 2142 4308 accensa
2171 4249 2310 4304 est:
2358 4240 2608 4303 semina

1953 4382 1972 4410 ⁸
2005 4377 2281 4429 leufredum
2309 4397 2320 4428 :
2357 4377 2500 4428 R.N.

1143 4448 1159 4478 ⁴
1193 4445 1360 4495 illius:
1402 4447 1525 4497 RS.
