3117 4959
1211 217 1277 272 S.
1329 211 1787 276 SWITHUNI
1824 211 2225 274 episcopt.
2274 239 2279 246 ·

991 322 1150 381 869

471 437 629 494 sunt
688 429 1054 513 piscatores
1112 427 1502 496 hominum:
1547 431 1669 494 do-

471 516 659 581 mino
722 517 987 583 Christo
1045 516 1346 583 dicente:
1423 518 1669 584 Venite

471 615 628 690 post
659 625 807 669 me:
853 604 1092 669 faciam
1129 625 1254 669 vos
1283 604 1424 668 fieri
1455 606 1667 689 pisca-

468 703 651 757 tores
711 693 1076 756 hominum.
1171 693 1415 757 Artem
1475 692 1669 757 vobis

469 801 604 844 non
637 789 862 843 muto:
905 799 1116 862 genus
1145 780 1426 863 piscium
1458 789 1666 846 mut0.

469 867 952 932 Extrahebatis
1005 867 1090 931 de
1145 869 1309 932 mari
1353 869 1538 932 vivos
1578 867 1665 932 ad

475 965 800 1020 mortem:
889 975 1066 1020 nunc
1140 955 1506 1020 extrahetis
1582 957 1669 1020 de

473 1042 699 1108 seculo
713 1051 1008 1106 mortuos
1031 1043 1118 1106 ad
1137 1044 1438 1108 salutem.
1474 1045 1670 1110 Unus

473 1141 616 1194 erat
635 1131 953 1212 piscator:
983 1141 1051 1194 et
1073 1130 1246 1194 alius
1271 1141 1666 1214 persecutor.

470 1218 590 1282 Re.
635 1218 898 1282 Tollite.
1337 1219 1552 1282 Lectio
1580 1220 1665 1302 '‘U'-

633 1315 870 1369 autum
893 1314 1272 1370 meruerunt
1292 1317 1670 1388 persecuto-

635 1413 779 1458 res:
811 1403 881 1458 et
910 1393 1309 1476 piscatores:
1341 1403 1414 1458 ut
1435 1393 1667 1458 fierent

477 1481 946 1564 predicatores
1047 1482 1304 1544 Primus
1335 1483 1401 1544 in
1433 1483 1668 1545 ordine

475 1569 934 1652 apostolorum
967 1569 1217 1633 electus
1249 1579 1354 1634 est
1396 1578 1665 1652 petrus:

475 1657 717 1740 paulus
761 1677 1028 1740 quoque
1069 1657 1466 1720 novissimus
1495 1658 1667 1721 sicut

478 1745 622 1827 ipse
651 1744 738 1808 de
769 1765 839 1808 se
869 1753 1150 1808 testatur
1179 1745 1422 1808 dicens,
1515 1745 1667 1826 Ego

477 1833 658 1896 enim
689 1853 838 1896 sum
869 1833 1184 1896 minimus
1209 1831 1666 1914 apostolorum

474 1920 794 1984 omnium.
833 1919 1471 2002 Quielegitprimum
1489 1941 1506 1984 :
1525 1921 1669 2003 ipse

477 2007 682 2089 elegit
713 2015 780 2070 et
827 2007 1302 2071 novissimum:
1347 2017 1422 2071 ut
1467 2007 1667 2071 simul

477 2103 815 2176 pateretur
843 2095 1096 2177 primus
1139 2104 1206 2158 et
1255 2095 1665 2159 novissimus.

476 2181 594 2245 Re.
666 2183 849 2245 Dum
909 2183 1240 2247 steteritis,
1337 2183 1424 2246 In
1483 2184 1671 2246 tertio

475 2279 780 2332 nocturno
807 2279 914 2334 an.
1007 2270 1295 2333 Domine
1327 2271 1450 2334 iste
1481 2291 1672 2334 sanc-

475 2365 603 2420 tuS.
667 2357 803 2421 Ar‘i.
835 2357 1065 2420 Vitam
1097 2359 1300 2440 petiit.
1364 2361 1499 2423 Αῆ.
1535 2359 1669 2423 Hic

477 2445 776 2526 accipiet.
867 2461 915 2530 γ
963 2445 1432 2528 Magnificavit.
1513 2445 1669 2529 Sep-

475 2531 644 2595 tima
654 2531 850 2595 lecti0¹
863 2532 946 2596 de
959 2534 1336 2614 apos-itione
1351 2534 1675 2615 evangelii

473 2621 820 2683 secundum
852 2621 1197 2685 matheum.
1265 2621 1496 2685 Homo
1525 2622 1670 2703 qui-

475 2707 636 2770 dam
668 2728 960 2790 peregre.
1019 2708 1272 2774 Omelia
1301 2718 1379 2771 ut
1407 2708 1478 2771 in
1505 2729 1673 2770 com-

475 2795 681 2860 muni.
743 2797 858 2862 Re.
906 2795 1203 2862 Amavit.
1275 2796 1494 2860 Lectio
1525 2795 1670 2880 viij.

474 2887 811 3016 Beatus
841 2884 1230 2967 swythunus
1267 2883 1537 2966 gloriosi
1570 2905 1674 2948 re-

621 2973 723 3054 gis
777 2973 1044 3055 eadgari
1097 2972 1506 3054 temporibus
1535 2973 1673 3035 cui-

477 3059 634 3122 dam
691 3062 997 3125 modesto
1045 3059 1236 3124 fabro
1284 3059 1554 3124 ferrario
1602 3060 1669 3123 in

475 3149 1060 3213 nocturnavisione
1071 3150 1408 3232 apparuit:
1433 3148 1673 3231 atque²

474 3233 726 3299 blando
786 3236 912 3300 sibi
971 3255 1275 3300 sermone
1337 3237 1670 3318 precepit:

477 3331 554 3386 ut
595 3323 944 3406 legationis
975 3343 1229 3388 sacram
1249 3325 1275 3363 ³
1309 3323 1671 3388 venerabili

477 3409 789 3492 episcopo
821 3411 1220 3476 athelwoldo
1250 3411 1547 3476 deferret.
1596 3419 1673 3476 ut

477 3517 630 3559 eum
693 3500 1105 3578 quamtotius
1177 3519 1442 3564 summa
1516 3519 1669 3562 cum

478 3585 846 3649 reverentia
924 3586 1011 3650 de
1107 3586 1366 3650 tumulo
1459 3596 1671 3651 trans·

474 3672 688 3736 ferret.
779 3671 912 3754 Qui
943 3673 1209 3754 gavisus
1242 3675 1307 3738 in
1354 3675 1671 3739 domino:

473 3761 694 3842 sagaci
759 3763 1032 3844 agnovit
1109 3763 1431 3827 industria
1499 3762 1671 3828 hanc

471 3847 792 3912 visionem
869 3869 910 3914 a
983 3851 1113 3915 deo
1192 3850 1595 3918 destinatam
1655 3873 1669 3916 :

473 3956 698 4020 regem
730 3937 1100 4021 predictum
1161 3937 1460 4004 concitus
1505 3939 1672 4004 adiit

467 4027 662 4108 eique
693 4027 872 4110 quod
899 4027 1112 4092 fuerat
1142 4027 1541 4110 imperatum
1566 4047 1672 4092 so-

473 4113 673 4179 lerter
745 4114 1051 4180 innotuit.
1171 4115 1290 4181 Re.
1359 4115 1673 4199 Magnifi-

471 4201 663 4266 cavit.
1237 4203 1456 4268 Lectio
1483 4225 1669 4268 nona.

577 4339 591 4368 ¹
627 4337 790 4389 Lectio
808 4339 934 4404 vij..-
969 4339 1042 4390 Ν.
1313 4341 1334 4370 ’
1363 4345 1449 4390 at:
1485 4339 1538 4391 S.

769 4406 794 4438 ⁴
825 4405 976 4455 medie
991 4405 1209 4456 latabnes
1228 4419 1245 4454 :
1277 4405 1332 4457 S.

2279 322 2431 381 870

1770 431 2065 564 Mox
2096 447 2255 513 ergo
2285 431 2415 494 deo
2446 427 2813 511 inspirante
2842 447 2949 494 rex

1969 518 2115 601 ipse
2211 517 2585 584 delectatus
2667 517 2949 600 episcopi

1772 605 2233 670 sermonibus:
2325 615 2392 669 et
2466 605 2679 668 sancti
2754 607 2953 688 patris

1768 694 2173 758 revelatione
2211 713 2228 757 :
2296 703 2371 757 ut
2430 691 2553 756 hec
2614 692 2956 756 translatio

1768 789 2077 863 ageretur
2107 779 2385 845 celerius
2428 789 2743 862 prompta
2778 799 2955 843 man-

1768 868 1953 932 davit
2028 868 2401 932 devotione.
2520 868 2957 931 venerandus

1767 975 1929 1038 ergo
1959 955 2264 1038 pontifex
2310 955 2747 1019 athelwoldus
2772 977 2793 1018 :
2840 955 2958 1018 sin-

1768 1063 1923 1107 cero
1952 1043 2221 1126 gloriosi
2269 1045 2440 1126 regis
2472 1041 2713 1106 affectu
2754 1044 2959 1106 medi-

1768 1139 1967 1195 ante:
2013 1132 2237 1195 devoti
2286 1131 2440 1194 cleri
2470 1139 2540 1194 et
2570 1130 2809 1213 populi
2856 1131 2959 1194 de·

1768 1218 2013 1282 siderio
2073 1219 2596 1282 interveniente:
2654 1227 2959 1281 sanctum

1770 1325 2008 1388 corpus
2038 1305 2459 1370 solicitudine
2480 1315 2715 1368 sancta
2736 1306 2961 1370 inven-

1768 1402 1934 1457 tum.
1963 1403 2033 1457 et
2064 1413 2143 1457 ea
2171 1413 2306 1477 qua
2336 1393 2568 1458 debuit
2598 1395 2963 1456 reverentia

1768 1481 1854 1544 ad
1885 1479 2231 1545 ecclesiam
2263 1479 2617 1545 transtulit.
2663 1481 2749 1544 ad
2778 1481 2965 1562 cujus

1768 1568 2139 1650 ingressum
2195 1569 2411 1632 multa
2456 1569 2776 1631 miracula
2814 1587 2965 1650 ope·

1770 1666 1952 1720 ratus
1998 1665 2102 1720 est
2150 1656 2467 1721 Christus,
2562 1655 2759 1720 Cecis
2792 1658 2962 1719 enim

1769 1743 2033 1826 prebuit
2078 1744 2309 1808 visum.
2344 1743 2601 1808 claudis
2644 1763 2961 1825 gressum.

1770 1832 1976 1895 mutis
2046 1832 2401 1914 loquelam.
2440 1877 2455 1886 -
2476 1833 2571 1894 ita
2644 1841 2725 1894 ut
2804 1831 2963 1894 infra

1769 1917 2114 1984 basilicam
2140 1939 2273 1982 non
2295 1917 2498 2001 aliqui
2520 1918 2966 1982 invenirentur

1768 2006 2081 2088 languidi.

1770 2181 1894 2245 celi
1934 2182 2297 2265 jungamur
2340 2181 2597 2246 civibus
2628 2191 2959 2264 prestante

1770 2270 2047 2334 domino
2083 2278 2311 2334 nostro
2356 2271 2515 2352 Jesu
2562 2268 2841 2334 Christo
2868 2271 2961 2334 eui

1772 2357 1859 2422 sit
1918 2377 2071 2422 cum
2132 2367 2323 2442 patre
2383 2367 2449 2420 et
2497 2358 2965 2440 spiritusancto

1771 2443 1987 2510 honor
2013 2453 2081 2509 et
2110 2446 2323 2528 gloria
2352 2446 2421 2508 in
2452 2445 2677 2509 secula
2718 2447 2965 2508 seculo-

2176 2007 2399 2089 Hujus
2445 2008 2648 2088 igitur
2692 2008 2963 2070 sanctis-
3044 2067 3046 2076 ἰ

1770 2095 1921 2157 simi
1952 2093 2259 2160 swithuni
2278 2095 2531 2158 meritis
2561 2103 2631 2158 et
2664 2096 2961 2176 precibus
3043 2139 3046 2158 .

1774 2553 1937 2597 rum.
2000 2534 2113 2598 Re.
2163 2534 2427 2599 Sancte.
2490 2533 2577 2596 N.
2613 2533 2961 2597 confessor.
3041 2551 3044 2602 ἱ

1756 2629 1858 2702 pf.
1906 2622 2006 2684 Te
2037 2624 2255 2686 deum.

1771 2707 1856 2771 In
1884 2707 2189 2772 laudibus
2216 2717 2323 2772 an.
2415 2708 2597 2771 Ecce
2641 2709 2961 2772 sacerdos.

2340 2637 2385 2708 y
2434 2619 2575 2684 Ora
2606 2641 2731 2702 pro
2762 2622 2965 2684 nobis.
3041 2647 3044 2680 ;

1780 2796 1999 2863 Cetera
2040 2797 2138 2860 ad
2174 2797 2539 2860 matutinas
2564 2805 2633 2858 et
2654 2795 2857 2860 horas
2896 2795 2972 2858 de
3041 2789 3044 2836 ῗ

1771 2885 2097 2947 communi
2122 2886 2323 2948 unius
2349 2883 2739 2964 confes-sonis·
2751 2885 2965 2965 ponti·

1756 2970 1914 3054 ficis
1933 2973 2179 3055 etfiant
2200 2972 2533 3034 memorie*
2550 2972 2633 3034 de
2650 2972 2966 3054 apostolis.
3040 2969 3042 2972 ⁴

1772 3059 1911 3122 An’.
2002 3059 2289 3124 Gloriosi
2350 3059 2703 3141 principes».
2780 3070 2849 3122 et
2898 3060 2974 3122 de

1774 3147 2177 3227 martyribus
2212 3158 2502 3228 processo
2528 3156 2595 3209 et
2620 3146 2971 3210 maninio-

1774 3253 1868 3298 no.
1916 3235 1964 3296 I
1958 3256 2000 3297 n
2029 3235 2322 3298 secundis
2350 3234 2625 3315 vesperis
2650 3235 2740 3297 de
2762 3245 2977 3298 sancto

1772 3321 2103 3386 swithuno
2174 3331 2281 3387 ari.
2405 3321 2581 3386 Ecce
2642 3324 2973 3386 sacerdos.

1772 3421 1966 3491 super
2003 3412 2298 3492 psalmos
2332 3411 2623 3491 feriales
2665 3421 2736 3472 et
2777 3421 2977 3474 cetera

1773 3499 1973 3562 unius
1998 3498 2377 3580 confessoris·
2389 3497 2742 3579 pontificis.
2830 3499 2971 3561 Me-

1774 3587 1987 3650 moria
2016 3587 2097 3648 de
2123 3586 2439 3668 apostolis.
2470 3587 2606 3649 ansi
2662 3585 2792 3648 Isti
2822 3597 2974 3650 sunt

1776 3677 1907 3739 due
1936 3675 2125 3738 olive.
2216 3674 2317 3736 Et
2358 3673 2656 3737 dicentur
2686 3675 2978 3756 predicte

1774 3761 2119 3843 antiphone
2141 3773 2331 3843 super
2363 3762 2659 3843 psalmos
2684 3765 2891 3825 etiam
2918 3759 2978 3824 si

1773 3851 1913 3914 dies
1950 3849 2273 3913 dominica
2304 3849 2373 3912 in
2402 3849 2689 3912 crastino
2732 3851 2977 3912 contin·-

1764 3949 1906 4022 gat.
1996 3938 2097 4001 Et
2122 3937 2321 4002 etiam
2365 3941 2434 4000 si
2470 3937 2611 4000 dies
2652 3937 2975 4001 domt'rdoe

1778 4031 1849 4091 in
1880 4026 2171 4090 crastino
2198 4025 2412 4090 sancti
2440 4025 2730 4088 martini
2752 4026 2977 4108 episco-

1760 4116 1847 4198 pi
1902 4114 2267 4178 turonensi-s·
2322 4113 2615 4178 evenerit.
2688 4114 2981 4178 dicentur

1775 4203 1874 4268 ad
1914 4203 2227 4266 secundas
2277 4211 2571 4282 vesperas
2621 4223 2747 4284 que
2788 4211 2979 4265 mut

1753 4341 1773 4372 ⁸
1806 4354 1899 4406 pro
1930 4343 1943 4366 ⁴
1962 4352 2155 4436 meram
2178 4337 2545 4454 ’ns’ncrangesstm
2570 4338 2837 4388 commissa
2862 4355 2877 4386 ι
2910 4335 2971 4387 Ν.

2120 4409 2179 4454 ‘a
2220 4441 2230 4452 .
2278 4417 2397 4454 θυεμ·
2474 4439 2486 4454 .
