3117 4959
736 229 843 284 IN
882 229 983 286 CA
994 227 1337 286 THEDRA
1393 229 1618 286 SANc
1621 231 1674 286 T
1667 230 1709 285 I
1749 231 2018 288 PETRI.

668 337 805 392 199

148 443 423 530 perferre
465 443 654 526 jussa
698 451 799 508 est
844 444 1143 525 majora:
1212 443 1330 508 sed

149 534 391 614 majora
440 533 499 596 ei
555 554 599 596 a
648 533 776 596 deo
822 532 1125 595 adhibita
1177 540 1332 595 sunt

147 622 438 704 presidia.
522 621 699 684 Nam
725 640 956 682 omnes
976 640 1181 701 penas
1206 620 1331 682 sibi

147 710 355 772 illatas
400 730 481 772 ac
527 710 585 771 si
640 708 869 790 epulas
920 708 1333 772 dulcissimas

147 797 423 879 suscepit
447 796 725 860 oblatas
776 796 1121 877 Siquidem
1146 795 1332 860 flam·

149 907 283 948 mas
312 886 611 966 ignium:
655 893 723 946 et
770 884 973 946 ollam
1014 904 1333 965 superans

147 973 573 1037 ferventem¹z
618 973 890 1036 demum
938 972 1171 1053 capitis
1217 973 1335 1034 de-

147 1061 488 1124 collatione
562 1061 953 1140 martyrium
1025 1079 1331 1123 consum-

147 1151 354 1212 mavit.
438 1149 665 1230 Hujus
688 1148 958 1229 virginis
982 1149 1233 1211 meritis
1264 1157 1333 1211 et

144 1237 437 1320 precibus
479 1236 911 1316 adjuvemur:
958 1245 1033 1299 ut
1069 1235 1331 1301 celestis

143 1326 377 1408 gaudia
403 1325 781 1388 sanctitatis
806 1343 1331 1406 consequamur:

144 1415 281 1496 ipso
352 1424 735 1476 annuente:
831 1413 944 1494 qui
1020 1413 1183 1475 vivit
1263 1423 1331 1476 et

144 1511 365 1583 regnat
395 1502 565 1564 deus
594 1501 664 1564 in
696 1501 917 1564 secula
958 1499 1331 1564 seculorum

144 1611 343 1653 amen.
428 1589 653 1655 Cetera
673 1589 753 1650 de
778 1589 1107 1652 communi
1130 1588 1332 1652 unius

140 1677 413 1760 virgy‘ms
440 1687 505 1741 et
530 1677 865 1754 martyris.

143 1771 202 1844 11·
229 1767 311 1829 In
350 1766 660 1829 cathedra
688 1764 903 1828 sancti
928 1763 1123 1846 petri.
1210 1764 1341 1828 Ad

138 1865 417 1935 vesperas
444 1863 554 1918 aii.
648 1853 868 1936 Quem
900 1855 1147 1916 dicunt.
1236 1853 1337 1916 Et

138 1953 315 2006 cetere
382 1942 735 2023 antiphone
802 1951 1129 2022 sequentes
1184 1961 1330 2004 cum

122 2031 398 2110 psalmis
411 2030 819 2111 ferialibus?
935 2028 1331 2109 Capitulum.

136 2120 457 2248 Petrus
490 2117 840 2201 apostolus
882 2117 1042 2198 Jesu
1084 2117 1330 2181 Christi

278 2207 507 2270 electis
570 2207 847 2269 advenis
907 2206 1329 2286 dispersionis

136 2295 313 2376 ponti
390 2295 647 2376 galatie
728 2294 1087 2374 capadocie
1168 2313 1329 2374 asye

137 2392 200 2446 et
228 2383 545 2446 bithinie⁸
590 2383 954 2446 secundum
1004 2382 1328 2462 prescien-

136 2472 289 2534 tiam
320 2472 428 2535 dei
464 2473 677 2554 patris
708 2471 773 2533 in
806 2468 1327 2533 sanctificatione

134 2561 429 2642 spiritus:
478 2562 545 2623 in
597 2557 977 2622 obedientia
1008 2567 1077 2620 et
1107 2577 1329 2638 asper-

135 2648 310 2711 sione
388 2645 737 2730 sanguinis
827 2647 987 2727 Jesu
1079 2645 1327 2710 Christi

134 2739 335 2816 gratia
366 2737 563 2799 vobis
594 2745 665 2798 et
697 2755 833 2816 pax
864 2755 904 2796 a
936 2735 1063 2796 deo
1105 2731 1327 2796 multi-

136 2824 419 2905 plicetur.
470 2826 595 2890 Re.
650 2823 1115 2906 Quodcunque
1163 2820 1327 2904 liga-

136 2917 335 2979 veris.⁴
1000 2909 1323 2989 Hymnus.

272 3027 379 3070 am
434 3005 620 3068 bone
673 3009 901 3084 pastor
951 3007 1139 3080 petre
1198 2997 1329 3061 cle-

274 3115 461 3158 mens
492 3092 723 3172 accipe
747 3099 905 3152 vota
935 3095 1323 3168 precantum

134 3194 197 3245 et
251 3181 515 3266 peccati
568 3177 831 3243 vincula
889 3174 1141 3238 resolve
1200 3175 1321 3237 tibi

134 3281 455 3352 potestate
522 3268 811 3332 tradita:
878 3285 1011 3346 qua
1068 3262 1323 3326 cunctis

226 3449 241 3478 ¹
274 3446 525 3495 fruentem
550 3461 563 3493 ι
599 3443 653 3492 S.

224 3516 245 3544 ²
281 3517 294 3539 ⁸
316 3513 555 3560 homines
599 3523 706 3558 esse
742 3505 896 3556 filium
937 3501 1155 3552 hominis
1199 3501 1325 3550 dixit

133 3577 267 3644 Iesus
328 3576 593 3642 discipulis
643 3574 741 3623 suis
798 3571 1103 3634 respondens
1158 3577 1327 3632 petrus

135 3647 251 3696 dixit
292 3653 347 3694 tu
386 3661 441 3694 es
485 3643 715 3692 Christus
738 3638 867 3686 filius
889 3637 971 3686 dei
1006 3635 1105 3684 vivi
1140 3643 1189 3683 et
1230 3649 1325 3696 ego

133 3712 239 3762 dico
272 3711 361 3761 tibi
397 3711 523 3775 quia
557 3715 611 3761 tu
642 3723 697 3758 es
731 3713 898 3770 petrus
936 3711 987 3752 et
1017 3717 1163 3765 super
1198 3700 1331 3778 hanc

133 3789 315 3842 petram
338 3775 591 3826 edificabo
614 3771 873 3822 ecclesiam
892 3783 1071 3818 meam.
1136 3767 1327 3842 psaunt

120 3845 333 3907 sert‘ales.
417 3847 509 3892 an.
585 3841 759 3889 Petrus
782 3837 845 3885 ad
869 3851 923 3884 se
946 3847 1167 3882 reversus
1201 3832 1327 3880 dunt

134 3925 257 3960 nunc
279 3911 383 3960 scio
405 3924 527 3958 vere
550 3907 667 3972 quia
689 3903 821 3953 misit
839 3901 1071 3950 dominus
1093 3898 1325 3974 angelum

133 3993 269 4026 suum
291 3986 341 4026 et
360 3975 545 4039 eripuit
585 3988 665 4021 me
689 3971 753 4019 de
777 3983 925 4017 manu
952 3965 1153 4013 herodis
1178 3972 1227 4012 et
1261 3963 1325 4012 de

132 4045 263 4092 omni
298 4040 649 4106 expectatione
684 4035 845 4100 plebis
876 4031 1159 4108 judeorum.
1232 4033 1317 4078 αὖ.

136 4109 345 4159 Domine
390 4108 435 4155 si
482 4115 537 4155 tu
574 4121 627 4153 es
666 4103 784 4166 jube
830 4115 911 4148 me
956 4111 1125 4146 venire
1164 4095 1231 4143 ad
1276 4102 1325 4143 te

133 4191 273 4239 super
306 4189 467 4240 aquas
500 4179 551 4222 et
595 4167 867 4218 extendens
908 4165 1053 4229 Jesus
1090 4161 1131 4226 [⁶
1149 4160 1321 4227 Jesus'

130 4257 227 4294 om.
258 4259 273 4293 ε
343 4241 439 4301 G.]
504 4251 706 4287 manum
794 4227 1127 4296 apprehendit
1208 4241 1323 4276 eum

130 4317 180 4358 et
256 4306 391 4357 dixit
473 4305 618 4369 Jesus
702 4299 899 4348 modice
966 4295 1085 4345 fidei
1170 4307 1323 4358 quare

132 4373 380 4428 dubitasti.
452 4375 538 4422 an.
611 4368 823 4430 Cuuque
868 4362 1073 4414 vidisset
1117 4367 1320 4410 ventum

1940 340 2104 395 200

1436 443 1654 508 celum
1755 443 1964 509 verbo
2054 445 2310 512 claudis
2399 449 2632 531 aperis.

1432 532 1759 612 Hymnus.
1879 533 2129 598 Annue
2191 535 2470 600 Christe.
2584 554 2634 624 γ

1434 620 1762 684 Exaltent
1793 641 1946 685 eum
1979 623 2046 684 in
2078 623 2355 687 ecclesia
2401 625 2630 706 plebis.

1434 707 1525 771 Et
1554 709 1623 771 in
1655 709 1968 773 cathedra
1989 712 2322 774 seniorum
2355 711 2632 777 laudent

1430 816 1603 859 eum.
1691 798 1778 860 In
1828 799 2154 880 evangelio
2197 805 2312 863 ἀῆ.
2400 800 2506 864 Tu
2558 823 2630 864 es

1431 894 1660 964 pastor
1689 885 1910 948 ovium
1946 888 2252 970 princeps
2291 888 2630 970 apostolo-

1432 992 1622 1036 rum:
1707 973 1830 1037 tibi
1889 975 2132 1038 tradite
2193 985 2348 1040 sunt
2410 976 2629 1041 claves

1430 1061 1614 1140 regni
1637 1061 1948 1126 celorum.
2024 1072 2126 1144 ps'.
2219 1064 2628 1146 Magnificat.

1430 1150 1702 1278 Deus
1757 1151 1870 1231 qui
1933 1150 2132 1214 beato
2193 1161 2383 1233 petro
2447 1151 2630 1236 [Ore.

1587 1237 1890 1320 apostolo
1908 1247 2027 1302 tuo
2047 1238 2304 1302 collatis
2334 1240 2630 1305 clavibus

1429 1325 1615 1405 regni
1662 1325 1920 1389 celestis
1966 1325 2218 1408 ligandi
2263 1337 2465 1409 atque
2499 1329 2630 1392 sol-

1428 1413 1630 1475 vendi
1733 1413 2148 1495 pontificium
2252 1417 2628 1482 tradidisti:

1430 1500 1764 1564 concede:
1819 1509 1894 1564 ut
1942 1502 2430 1566 intercessionis
2483 1505 2627 1585 ejus

1428 1587 1684 1651 auxilio
1714 1609 1756 1651 a
1783 1599 2206 1671 peccatorum
2251 1601 2628 1656 nostrorum

1429 1676 1716 1738 nexibus
1749 1676 2117 1741 liberemur.
2194 1677 2328 1760 Qui
2351 1679 2516 1742 vivis
2544 1689 2627 1744 et.

1429 1763 1760 1826 Memoria
1787 1766 1866 1827 de
1895 1765 2036 1828 lxx.
2069 1767 2176 1829 vel
2200 1768 2290 1830 xl.
2325 1767 2634 1830 utralibet

1426 1852 1724 1916 evenerit.
1820 1852 2202 1935 Quocunque
2241 1855 2348 1917 die
2373 1855 2633 1919 sabbati

1426 1940 1886 2022 septuagesima·
1963 1943 2070 2004 vel
2139 1943 2634 2024 quadragesime

1426 2030 1708 2091 evenerit
1734 2028 1918 2092 istud
1940 2030 2194 2111 festum
2225 2031 2395 2094 bcati
2404 2033 2587 2114 petri
2603 2055 2628 2096 .·

1425 2115 1682 2179 habebit
1717 2117 1978 2180 omnino
2021 2119 2294 2180 ultimas
2337 2131 2628 2202 vesperas

1424 2225 1596 2268 suas.
1687 2203 1790 2268 Et
1839 2207 2150 2268 memoria
2193 2207 2322 2288 fiet
2369 2208 2450 2270 de
2495 2209 2622 2272 lxx.

1427 2293 1535 2355 vel
1573 2291 1658 2356 xl.
1753 2297 1817 2369 (I
1865 2293 1960 2356 Et
2002 2296 2068 2356 si
2109 2295 2224 2356 lzoc
2256 2295 2510 2374 festum
2553 2297 2626 2358 in

1410 2379 1641 2461 prima
1669 2379 1992 2444 dominica
2022 2375 2130 2446 v'el
2160 2383 2316 2446 aliis
2343 2383 2624 2446 domini·

1422 2468 1515 2530 cis
1543 2469 2036 2552 quadragesime
2051 2473 2332 2534 evenerit
2347 2493 2372 2534 .·
2400 2472 2625 2552 differ-

1423 2568 1584 2623 atur
1597 2557 1849 2638 festum
1874 2558 1944 2621 in
1965 2559 2307 2622 secundam
2324 2560 2576 2641 feriam
2601 2583 2626 2624 .·

1424 2654 1489 2706 et
1520 2645 1616 2744 'in
1669 2645 1994 2709 dominica
2053 2646 2308 2710 habebit
2363 2649 2626 2711 omnino

1408 2742 1676 2812 primas
1696 2745 1985 2816 vesperas
2000 2756 2156 2798 suas
2179 2757 2202 2798 .·
2232 2745 2294 2798 et
2315 2737 2625 2800 memoria

1406 2819 1535 2902 fiet
1564 2821 1645 2883 de
1668 2821 1992 2884 dominica
2010 2833 2213 2904 prout
2223 2824 2484 2922 plenius
2513 2845 2624 2886 no·-

1428 2918 1614 2972 tatur
1639 2909 1720 2971 de
1748 2909 1859 2972 hoc
1885 2919 1950 2972 et
1974 2911 2053 2972 de
2089 2910 2248 2972 aliis·
2280 2931 2350 2972 tn
2381 2931 2624 2992 magna

1428 2997 1688 3060 rubrica
1720 2996 1788 3058 in
1820 2998 2081 3060 sabbato
2119 2999 2620 3080 quadragesime.

1430 3089 1494 3161 εἷ
1506 3084 1634 3147 Ad
1647 3095 1872 3148 matut.
1899 3086 2140 3149 Invita.
2172 3087 2424 3149 Pastori
2445 3107 2625 3149 sum-

1430 3193 1541 3236 mo
1555 3172 1914 3254 jubilemus
1934 3175 2128 3236 corde
2143 3175 2454 3255 jocundo,
2489 3175 2623 3258 Qui

1429 3261 1648 3324 claves
1723 3271 1915 3343 petro
1979 3262 2267 3326 celorum
2341 3262 2624 3328 contulit

1428 3434 1650 3484 validum
1683 3435 1964 3484 venientem
1999 3435 2164 3485 timuit
2201 3443 2248 3485 et
2275 3452 2388 3486 cum
2409 3437 2622 3500 cepisset

1426 3501 1584 3564 mergi
1641 3501 1874 3550 clamavit
1932 3501 2103 3550 dicens
2157 3503 2362 3552 domine
2429 3503 2623 3552 salvum

1426 3583 1507 3615 me
1530 3565 1624 3616 sac.
1667 3571 1753 3616 an.
1829 3567 1980 3616 Solve
2015 3568 2224 3632 jubente
2253 3570 2350 3618 deo
2382 3576 2622 3617 terrarum

1428 3641 1567 3697 petre
1603 3632 1838 3682 cathenas
1863 3634 1946 3697 qui
1981 3634 2104 3683 sacis
2125 3642 2180 3683 ut
2195 3643 2396 3699 pateant
2419 3635 2623 3684 celestia.

1428 3715 1580 3763 regna
1603 3698 1788 3749 beatis’
1813 3699 1912 3748 add
1937 3718 1950 3748 :
1987 3700 2213 3750 W.E.G.

1528 3767 1547 3795 ⁸
1581 3765 1885 3829 cappadocie
1907 3765 2010 3814 asie
2033 3774 2082 3815 et
2107 3767 2332 3830 bithynie
2355 3784 2369 3816 ι
2405 3766 2465 3816 G.

1528 3833 1547 3862 ⁴
1588 3835 1601 3858 ⁶
1617 3847 1764 3894 super
1782 3839 1960 3880 terram
1986 3832 2076 3880 erit
2101 3833 2306 3895 ligatum
2331 3840 2380 3880 et
2403 3831 2454 3880 in
2479 3830 2614 3880 celis.

1428 3897 1495 3944 Et
1546 3897 1880 3961 quodcunque
1968 3897 2174 3947 solveris
2243 3913 2390 3961 super
2437 3905 2620 3945 terram

1425 3963 1517 4010 erit
1540 3963 1754 4010 solutum
1791 3971 1842 4012 et
1868 3962 1916 4012 in
1954 3963 2089 4012 celis·
2165 3952 2214 4027 Ϋ
2248 3965 2328 4012 Tu
2368 3978 2420 4011 es
2457 3961 2619 4026 inquit

1426 4037 1594 4091 petrus
1632 4028 1860 4078 Christus
1897 4028 2027 4079 filius
2060 4029 2141 4078 dei
2175 4029 2274 4076 vivi
2315 4028 2622 4104 respondens

1426 4094 1658 4142 dominus
1697 4095 1766 4142 ait
1811 4103 1860 4144 et
1897 4109 1993 4158 ego
2030 4095 2143 4144 dico
2187 4095 2279 4143 tibi
2324 4109 2442 4158 quia
2477 4101 2532 4142 tu
2567 4109 2622 4142 es

1425 4169 1596 4223 petrus
1618 4168 1668 4208 et
1691 4175 1840 4222 super
1869 4161 1998 4210 hanc
2034 4169 2222 4224 petram
2258 4159 2504 4209 edificabo
2537 4175 2618 4208 ec·

1422 4225 1628 4274 clesiam
1667 4241 1847 4274 meam.
1923 4226 1989 4274 Et
2021 4226 2370 4291 quodcunque.
2445 4225 2622 4276 Gloria

1421 4292 1568 4356 patri.
1642 4291 1710 4342 Et
1732 4292 2090 4358 quodcunque’
2115 4292 2216 4342 add
2241 4311 2254 4342 ε
2291 4293 2368 4341 W.
2379 4291 2517 4343 E.G.
