3117 4959
1002 225 1108 280 IN
1153 223 1479 280 OCTAVA
1528 222 2102 279 NATIVITATIS
2143 226 2446 282 MARIE.

1008 333 1145 388 561

484 441 1009 577 collocaverat
1046 442 1224 504 enim
1257 441 1326 504 in
1357 447 1507 503 tuto
1533 448 1672 502 sta-

607 531 807 594 tionis
856 539 1089 611 portu:
1136 529 1445 591 sublimia
1476 529 1675 590 meri-

470 629 691 682 torum
726 637 994 682 suorum
1026 618 1346 680 exercitia
1372 636 1387 678 :
1420 625 1491 678 et
1520 617 1675 681 ideo

470 708 785 770 divinitus
832 706 1211 769 illustratur.
1306 704 1507 770 Unde
1554 705 1676 770 do·

474 797 734 858 minus:
782 795 867 856 ad
917 813 1117 877 quem
1168 794 1514 875 respiciam
1548 795 1674 858 nisi

471 884 557 946 ad
592 882 910 946 humilem
942 891 1009 944 et
1041 882 1337 965 quietam
1367 881 1381 918 ¹
1430 891 1499 945 et
1542 892 1674 946 tre-

472 983 763 1034 mentem
806 990 1145 1032 sermones
1192 989 1391 1032 meOS.
1488 971 1675 1035 Fecit

472 1059 651 1141 quod
714 1059 1156 1141 promiserat:
1230 1067 1299 1120 et
1376 1062 1674 1139 respexit

470 1146 917 1209 humilitatem
978 1145 1215 1208 ancille
1276 1166 1445 1209 sue:
1492 1147 1674 1210 unde

470 1235 670 1298 beata
716 1235 858 1316 jam
904 1234 993 1298 ab
1039 1235 1219 1296 omni
1236 1215 1483 1335 seculo
1506 1235 1674 1297 diei-

468 1333 595 1386 tur.

480 1413 605 1545 O
636 1409 769 1474 filie
828 1411 882 1472 si
942 1429 1097 1474 vere
1178 1411 1466 1491 virgines
1528 1431 1674 1474 esse

608 1499 803 1562 vultis
838 1521 853 1562 ε
942 1497 1386 1564 humilitatem
1461 1509 1674 1562 secta-

471 1587 673 1650 mini:
720 1596 790 1652 et
838 1596 1119 1649 matrem
1173 1587 1472 1651 domini:
1541 1608 1674 1669 que

470 1695 541 1738 se
574 1675 883 1738 ancillam
915 1684 1149 1739 vocat:
1196 1676 1396 1738 corde
1428 1677 1673 1738 amoris

470 1764 713 1826 imitari
768 1773 1129 1846 procurate.
1234 1763 1385 1846 Que
1440 1763 1673 1827 didicit

470 1851 557 1914 ab
591 1853 735 1933 ipso
766 1871 1015 1934 sponso
1044 1873 1057 1916 :
1084 1851 1187 1915 cui
1219 1871 1337 1914 vos
1368 1851 1674 1914 devovis-

472 1941 557 2002 tis
619 1938 1107 2002 humilitatem:
1155 1959 1357 2021 quam
1408 1959 1527 2002 vos
1581 1961 1671 2002 ex

471 2047 542 2090 se
574 2028 819 2090 docuit.
913 2027 1114 2090 Unde
1146 2028 1241 2091 ait
1272 2027 1449 2090 idem
1476 2050 1490 2091 ε
1519 2027 1675 2090 Dis-

471 2117 599 2178 cite
650 2136 689 2177 a
740 2135 891 2178 me:
938 2115 1096 2196 quia
1158 2115 1337 2178 mitis
1397 2135 1543 2180 sum
1604 2124 1675 2180 et

469 2202 982 2265 humiliscorde.
1366 2202 1585 2266 Lectio
1612 2224 1672 2267 v.

469 2293 650 2423 N
664 2309 751 2352 on
784 2310 943 2371 ergo
979 2290 1179 2353 beata
1224 2291 1332 2352 dei
1378 2293 1670 2373 genitrix

634 2399 675 2440 a
736 2377 872 2440 filio
931 2399 1051 2441 suo
1111 2378 1386 2442 domino
1446 2388 1674 2442 nostro

472 2467 703 2529 didicit
779 2467 955 2530 celos
1056 2466 1374 2532 fabricare
1428 2489 1441 2530 :
1535 2489 1670 2530 non

472 2554 787 2618 miracula
818 2556 1186 2619 divinitatis
1208 2557 1491 2636 insignia
1514 2575 1674 2638 ope-

470 2645 595 2706 rari
636 2663 649 2706 :
727 2645 843 2707 sed
919 2653 1181 2708 tanturn
1288 2644 1672 2708 humiliari:

472 2742 823 2814 ceteraque
890 2734 1208 2795 virtutum
1270 2733 1676 2795 documenta

470 2821 643 2883 intra
691 2820 1084 2884 humilitatis
1136 2821 1506 2884 custodiam
1558 2841 1676 2902 ag-

468 2929 758 2990 gregare.
856 2909 1057 2973 Unde
1088 2929 1239 2972 cum
1286 2929 1365 2972 ea
1410 2928 1676 2990 semper

470 2997 878 3079 singularum
956 2999 1279 3060 virtutum
1343 2997 1674 3079 pudicicia

471 3104 695 3148 comes
747 3085 811 3148 in
868 3096 1124 3148 remota
1177 3086 1462 3149 mansit:
1511 3086 1670 3167 quia

472 3175 746 3235 omnino
776 3176 993 3255 pudor
1025 3174 1400 3236 individuus
1446 3193 1674 3238 comes

470 3262 830 3341 virginitati
877 3283 1023 3325 esse
1054 3262 1293 3326 debet:
1348 3263 1489 3324 sine
1538 3282 1674 3344 quo

472 3351 745 3412 castitas
773 3370 928 3411 vera
961 3352 1201 3412 servari
1252 3369 1382 3412 non
1432 3359 1671 3452 potest.

476 3437 947 3566 Nunquam
996 3439 1195 3520 igitur
1239 3438 1355 3501 be·-
1388 3438 1553 3522 [Lec.
1587 3438 1674 3520 vj.

654 3535 765 3586 ata
814 3526 1021 3588 maria
1069 3528 1212 3589 sine
1254 3528 1525 3608 pudoris
1573 3527 1672 3589 sui

470 3614 747 3675 custode
810 3615 1143 3694 processit.
1268 3615 1356 3678 Et
1418 3616 1570 3678 ideo
1620 3616 1675 3678 si

468 3701 689 3784 placet
719 3703 909 3764 vobis
936 3704 1320 3766 charissime
1349 3722 1363 3766 :
1408 3703 1564 3767 talis
1594 3725 1674 3766 ac

468 3799 660 3854 tanta
734 3791 964 3871 virgo:
1029 3792 1295 3874 placeat
1371 3802 1441 3855 et
1502 3814 1673 3875 opus

468 3879 765 3943 virtutis:
796 3879 981 3960 cujus
1026 3881 1165 3944 vita
1197 3882 1498 3944 omnium
1538 3881 1676 3943 dis-

474 3967 719 4049 ciplina
739 3975 878 4033 est:
913 3969 1098 4051 cujus
1131 3989 1347 4033 mores
1368 3969 1676 4032 instituta

473 4066 629 4120 sunt
688 4058 1150 4124 ecclesiarum:
1198 4079 1327 4141 que
1382 4059 1676 4140 precellit

475 4149 779 4210 cunctis:
835 4149 1280 4229 supereminet
1334 4147 1674 4209 universis.

478 4233 833 4316 Propterea
882 4255 1271 4318 quecunque
1320 4235 1507 4317 virgo
1551 4235 1678 4298 sibi

694 4396 913 4460 quietum
944 4415 954 4446 :
994 4399 1052 4446 R.
1066 4397 1131 4447 N.

1504 4399 1525 4428 ²
1560 4399 1894 4448 narrandam:
1933 4399 2068 4448 RN.

2287 335 2447 390 562
3052 0 3066 390 l

1773 438 1862 501 ab
1890 459 1973 501 ea
2001 448 2195 522 optat
2226 442 2610 523 premium:
2657 451 2736 505 et
2765 442 2986 544 implo-
3060 425 3065 514 l

1778 537 1882 589 rat
1929 528 2258 592 auxilium
2311 530 2522 593 debet
2571 531 2834 594 imitari
2883 553 2988 594 ex·
3062 521 3065 562 ³

1775 615 2094 696 emplum.
3045 571 3066 666 l

1780 707 1844 779 ἦ
1873 703 2162 766 Initium
2181 706 2398 768 sancti
2413 706 2759 788 evangelii
2783 727 2992 771 saun·
3057 735 3066 840 Ι·

1773 792 1934 853 dum
1967 793 2314 858 matheum.

1774 880 2056 1010 Liber
2083 884 2538 962 generationis
2553 884 2726 964 Jesu
2753 884 2997 948 Christi

1915 967 2030 1030 filii
2077 969 2281 1033 david
2333 969 2449 1035 filii
2504 972 2848 1034 abraham
2915 973 2998 1036 Et

1777 1053 2048 1137 reliqua.
2148 1057 2404 1122 Omelia
2433 1059 2613 1122 beati
2629 1059 3000 1140 hieronymi

1761 1143 2133 1224 presbyteri.
2629 1148 2865 1211 Latio
2893 1150 3000 1232 vij.
3060 1163 3065 1274 Α

1773 1233 2569 1362 Animadvertendum
2635 1247 2752 1299 est
2815 1239 2998 1300 vobis

1943 1320 2177 1384 fratres
2207 1322 2578 1386 charissimi
2613 1325 2996 1388 mattheum

1776 1409 2144 1489 suscepisse
2177 1410 2712 1476 incarnationem
2741 1414 2996 1477 domini

1775 1497 2142 1559 secundum
2173 1499 2451 1580 stirpem
2508 1501 2819 1582 regiam:
2866 1502 3000 1584 ple·-
3062 1537 3065 1578 Ι

1777 1603 2072 1666 namque
2147 1588 2515 1652 secundum
2595 1588 2996 1653 hominem:

1776 1682 2153 1752 presentem
2199 1675 2450 1740 vitam:
2497 1676 2680 1740 facta
2713 1687 2792 1740 et
2821 1679 2998 1742 dicta

1775 1760 1920 1840 ejus
1950 1763 2217 1842 exequi.
2313 1763 2516 1828 Unde
2561 1774 2636 1827 et
2685 1766 2762 1828 in
2819 1767 3000 1850 prin·
3062 1779 3065 1858 ἦ

1775 1848 1952 1930 cipio
1982 1849 2306 1931 evangelii
2339 1854 2440 1914 sui
2463 1853 2694 1916 taliter
2710 1873 2999 1918 exorsus

1777 1936 1886 1998 ait.
2019 1937 2222 2002 Liber
2295 1941 2758 2021 generationis
2836 1944 2999 2046 Jesu

1777 2023 2041 2088 Christi.
2593 2029 2654 2092 L
2661 2031 2827 2093 ectio
2857 2033 3000 2114 viij

1912 2132 2000 2176 uo
2031 2115 2316 2178 exordio
2348 2136 2471 2179 suo
2503 2119 2670 2181 satis
2693 2122 3005 2182 ostendit

1908 2204 2411 2283 generationem
2457 2206 2708 2270 Christi
2761 2229 3004 2272 secun·

1774 2289 1936 2351 dum
1957 2309 2224 2354 carnem
2237 2313 2311 2354 se
2329 2295 2704 2376 suscepisse
2723 2315 3006 2360 narran-

1775 2375 1983 2444 dum.²
2103 2378 2492 2444 Secundum
2555 2383 2735 2446 hanc
2817 2386 3002 2448 enim
3062 2353 3065 2428 !

1777 2465 2081 2529 Christus
2127 2467 2298 2530 filius
2345 2470 2640 2534 hominis
2671 2482 2782 2534 est
2815 2475 3002 2555 quod

1775 2553 1978 2616 etiam
2022 2575 2094 2618 se
2127 2555 2268 2636 ipse
2300 2559 2650 2639 sepissime
2691 2563 3006 2643 appellat

1773 2644 2255 2706 commendans
2286 2647 2508 2711 nobis:
2539 2649 2703 2730 quid
2741 2652 3010 2714 miseri—

1774 2731 2062 2796 corditer
2120 2733 2434 2813 dignatus
2495 2736 2581 2798 sit
2651 2757 2808 2800 esse
2881 2759 3006 2820 pro

1777 2819 1987 2881 nobis,
2649 2827 2888 2888 Lectio
2921 2828 3005 2890 ix

1775 2908 2074 3037 Nam
2127 2908 2244 2971 illa
2293 2931 2580 2991 superna
2633 2923 2704 2978 et
2763 2925 3006 2978 eterna

1957 2999 2303 3076 generatio
2362 3001 2734 3066 secundum
2789 3023 3002 3085 quam

1777 3082 1949 3145 filius
2024 3086 2132 3147 dei
2210 3087 2592 3168 unigenitus
2665 3101 2778 3153 est
2847 3105 3004 3156 ante

1777 3190 2048 3234 omnem
2081 3183 2498 3240 creaturam:
2543 3178 2706 3260 quia
2739 3199 2882 3280 per
2913 3182 2998 3262 ip-

1775 3279 1925 3323 sum
1977 3261 2155 3326 sacta
2203 3273 2360 3326 sunt
2411 3266 2684 3328 omnia.
2745 3269 2856 3330 ita
2911 3271 3004 3331 in·

1777 3347 2061 3412 effabilis
2091 3361 2193 3414 est
2225 3361 2300 3416 ut
2350 3353 2437 3415 de
2485 3352 2600 3415 illa
2640 3355 2921 3420 dictum
2965 3377 3000 3418 a

1777 3438 2104 3518 propheta
2197 3439 2430 3520 ysaia³
2523 3442 3000 3526 intelligatur:
3063 3467 3065 3470 ⁴

1775 3527 2274 3606 generationem
2293 3528 2353 3610 ej
2361 3549 2436 3591 us
2449 3530 2600 3611 quis
2611 3535 2964 3597 enarrabit
2977 3533 3000 3595 ἓ

1779 3613 2182 3696 Quanquam
2216 3625 2284 3679 et
2326 3619 2413 3680 de
2454 3621 2827 3700 temporali
2861 3623 3000 3702 ejus

1779 3703 2128 3767 nativitate
2173 3725 2309 3786 qua
2353 3707 2634 3770 verbum
2668 3729 2838 3772 caro
2869 3711 2996 3773 sac·

1777 3798 1922 3854 tum
1973 3801 2112 3856 est:
2158 3802 2227 3855 et
2276 3793 2466 3875 virgo
2513 3797 2996 3901 spiritusancto
3063 3833 3065 3854 ÷

1775 3879 2052 3960 gravida
2093 3879 2301 3943 filium
2349 3884 2654 3964 peperit:
2705 3895 2780 3950 et
2811 3890 2994 3970 virgo
3062 3861 3065 3936 l

1777 3969 2184 4050 permansit:
2231 3970 2356 4033 hec
2403 3971 2808 4056 prophetica
2847 3997 2990 4040 sen-

1776 4059 1990 4121 tentia
2018 4058 2230 4140 possit
2262 4079 2398 4122 non
2447 4055 2992 4133 inconvenienter

1779 4147 2036 4229 accipi:
2126 4165 2212 4210 ne
2286 4167 2472 4211 sacre
2550 4151 2990 4217 edificationis
3062 4191 3065 4230 3

1777 4237 2028 4300 discors
2101 4255 2435 4318 compago
2531 4257 2671 4302 non
2748 4241 2984 4306 hereat.
3063 4295 3065 4298 Α

3012 4459 3066 4902 4

2438 4402 2458 4430 “
2491 4401 2630 4450 esaia
2651 4421 2664 4452 :
2705 4403 2834 4456 N.S.
