3117 4959
1102 233 1208 288 IN
1251 232 1578 290 OCTAVA
1635 231 1952 287 SANCTI
2007 233 2399 288 WILELMI.

999 343 1130 400 317

471 446 879 533 Magnificat.
946 448 1177 514 Oratio
1203 450 1389 514 Deus
1406 449 1522 532 qui
1545 466 1668 511 nos

471 542 651 604 beati
675 538 981 602 willelmi.
1044 538 1372 600 Memoria
1388 538 1468 600 de
1490 557 1670 600 mar-

474 628 723 709 tyribus
781 635 887 690 ανῖ.
988 625 1304 690 Gaudent
1364 627 1431 688 in
1492 624 1669 689 celis.

473 737 634 780 vers.
741 713 1074 778 Exultent
1128 713 1305 796 justi.
1421 713 1670 778 Oratio,

478 805 663 868 Deus
736 804 851 885 qui
926 823 1049 866 nos
1114 803 1437 867 concedis
1558 800 1684 865 Ad

478 901 679 956 matu.
740 891 983 954 Invita.
1089 890 1476 972 jubilemus,
1571 897 1672 970 pf.

477 981 737 1046 Venite.
846 979 944 1042 Et
996 989 1194 1042 cetera
1240 978 1409 1042 scrut
1452 977 1525 1042 in
1572 977 1679 1040 die

464 1078 686 1151 preter
726 1067 1222 1149 Responsorium
1268 1067 1339 1130 in
1381 1065 1680 1129 secundis

481 1155 759 1237 vesperis
786 1171 930 1218 cum
958 1154 1221 1237 legenda
1248 1163 1553 1236 sequente.

482 1247 585 1378 l
590 1253 737 1307 nter
766 1243 887 1307 hec
919 1244 1195 1326 dignum
1228 1251 1462 1325 reputo
1497 1241 1603 1325 [L.
1615 1241 1678 1322 j.

588 1334 675 1395 de
695 1333 985 1415 quodam
1010 1341 1272 1394 mortuo
1296 1351 1435 1394 rem
1458 1332 1680 1392 vivam

486 1421 776 1485 recitare.
870 1419 1233 1501 Cujusdam
1286 1419 1578 1482 mulieris
1609 1417 1682 1480 fi-

484 1509 648 1573 lium
683 1510 949 1572 unicum
981 1517 1303 1590 quartane
1333 1509 1479 1590 typi
1534 1526 1684 1588 pes-

484 1597 735 1662 tilentis
795 1598 993 1660 ardor
1051 1597 1329 1659 invasit:
1398 1604 1467 1658 et
1540 1605 1682 1658 tam

486 1687 776 1769 graviter
856 1685 1182 1767 agitavit:
1255 1683 1436 1766 quod
1529 1701 1682 1744 eum

484 1773 784 1838 saucibus
807 1774 1037 1836 mortis
1058 1773 1479 1853 mancipavit.
1508 1771 1682 1835 Cum

486 1864 687 1945 igitur
718 1862 957 1924 misera
994 1870 1206 1924 mater
1236 1860 1371 1923 filio
1402 1880 1473 1923 se
1503 1859 1686 1922 vide-

489 1962 588 2014 ret
612 1950 915 2013 orbatam
946 1971 960 2014 :
1009 1960 1310 2012 materno
1334 1947 1686 2012 commori-

485 2048 594 2103 tur
645 2039 923 2102 affectu:
973 2039 1180 2100 immo
1229 2037 1406 2118 quod
1456 2035 1688 2100 diffici-

488 2127 615 2191 lius
686 2135 869 2190 erat:
948 2125 1364 2188 immanitate
1438 2123 1686 2187 doloris

490 2214 679 2297 quasi
712 2213 1155 2277 moriebatur:
1200 2223 1269 2276 et
1290 2213 1487 2295 plene
1518 2212 1684 2274 mori

490 2323 623 2366 non
658 2311 933 2384 poterat.
1367 2300 1585 2364 Lectio
1615 2299 1686 2382 ᾔ.

512 2393 844 2524 Verum
908 2409 1058 2453 cum
1112 2389 1206 2454 sic
1259 2387 1684 2471 rumpentes¹

663 2479 1037 2561 lachrymas
1118 2479 1340 2559 sepius
1420 2484 1688 2540 vocaret

495 2568 800 2632 anxietas
854 2577 922 2630 et
972 2567 1223 2629 familia
1276 2565 1539 2628 fletibus
1593 2565 1690 2626 in-

494 2655 777 2737 dulgens
832 2677 948 2737 per
1008 2654 1224 2718 luctus
1278 2663 1346 2717 et
1396 2653 1691 2716 lamenta

493 2745 765 2807 dissolvi
826 2744 1207 2808 videretur:
1285 2743 1351 2806 in
1416 2742 1693 2805 miseriis

498 2833 657 2896 satis
689 2833 1045 2915 persistens
1092 2841 1158 2894 et
1204 2839 1535 2913 prostrata
1575 2849 1692 2910 ge-

498 2941 687 2984 mens
728 2921 1020 3003 genitrix
1052 2940 1123 2982 se
1152 2918 1433 3000 genibus
1465 2918 1531 2980 in
1566 2927 1692 2980 ter-

498 3030 637 3074 ram
667 3009 1017 3092 prostravit
1041 3007 1412 3070 denudatiS.
1456 3005 1691 3070 Celum

500 3097 803 3180 precibus
851 3096 1139 3180 pulsavit
1192 3103 1257 3157 et
1308 3095 1551 3158 crebris
1603 3092 1694 3156 la-

502 3187 989 3249 mentationum
1022 3183 1327 3266 procellis
1358 3183 1442 3245 ad
1476 3181 1697 3264 propi-

500 3274 810 3337 ciandum
855 3273 1055 3335 deum
1106 3280 1436 3334 astantem
1486 3289 1697 3352 popu-

502 3361 638 3425 lum
703 3361 1042 3424 invitavit:
1108 3369 1181 3423 ut
1234 3359 1440 3422 filium
1502 3377 1696 3421 suum

504 3450 755 3512 meritis
788 3449 964 3510 beati
985 3447 1288 3511 wilelmi:
1338 3447 1441 3510 cui
1472 3447 1696 3510 vivum

501 3557 654 3600 eum
716 3535 1047 3599 obtulerat
1094 3535 1220 3597 sibi
1282 3535 1698 3599 restitueret:

506 3635 622 3688 aut
651 3645 799 3687 eam
833 3643 983 3687 cum
1018 3621 1155 3685 filio
1187 3623 1532 3686 funeraret.

500 3713 857 3847 Amicis
916 3711 1118 3793 igitur
1169 3711 1253 3774 de
1307 3709 1550 3793 [Lectio
1603 3711 1698 3794 2'3'7'.

669 3800 970 3882 exequiis
1032 3799 1479 3880 cogitantibus
1533 3799 1697 3862 dum

504 3900 719 3955 mesta
754 3899 966 3952 mater
996 3887 1272 3970 palleret
1298 3889 1363 3951 in
1388 3887 1697 3970 pulvere:

502 3981 637 4044 vite
668 3980 855 4061 vigor
886 3976 1117 4061 puerili
1161 3976 1493 4059 pululare²
1523 3977 1699 4057 cepit

502 4070 568 4132 in
628 4087 947 4150 corpore:
1021 4066 1139 4129 vix
1215 4065 1444 4146 elapso
1505 4066 1699 4128 unius

501 4156 661 4220 hore
710 4157 978 4239 spacio:
1032 4174 1198 4236 puer
1245 4163 1565 4235 tanquam
1613 4154 1700 4217 de

501 4246 684 4326 gravi
761 4242 1081 4326 evigilans
1142 4263 1429 4307 somno:
1512 4241 1696 4304 molli

736 4379 748 4407 ¹
784 4385 1137 4441 erumpentes:
1176 4377 1238 4424 R.

730 4445 749 4472 ²
782 4443 1059 4507 pullulare:
1097 4441 1221 4491 N.S.

2295 341 2434 398 818

1770 447 2066 512 anhelitu
2113 448 2446 530 spirante:
2495 448 2678 512 diem
2729 449 2976 532 recepit

1772 537 1838 600 in
1872 537 2078 600 oculis
2108 558 2123 600 :
2169 546 2238 601 et
2263 548 2485 601 motus
2517 539 2840 600 naturalis
2863 557 2980 620 per

1773 625 2076 689 membra
2098 625 2376 688 diffusus
2397 646 2550 689 eum
2577 626 2663 688 ad
2695 637 2978 696 mortem

1773 721 2266 777 consternatum
2303 715 2388 778 ad
2421 715 2982 778 sternutationem

1773 801 2042 865 inducit.
2133 801 2204 864 A
2235 801 2372 864 leto
2403 803 2629 884 itaque
2661 801 2984 866 liberatus

1773 909 1975 972 puer:
2022 898 2092 953 et
2141 899 2355 952 mater
2401 892 2488 955 ad
2537 889 2839 954 leticiam
2887 911 2988 954 re-

1774 986 2059 1060 paratur.

1775 1066 1868 1130 M
1863 1065 2002 1129 edic
2081 1065 2372 1129 lectiones
2437 1065 2518 1129 de
2579 1065 2990 1149 martyribus

1795 1153 1860 1218 V
1853 1155 1942 1217 ito
1971 1153 2269 1217 Modesto
2297 1163 2360 1218 et
2395 1153 2452 1220 C
2444 1155 2774 1218 rescentia.

1778 1242 2344 1374 Dioclitianus³
2375 1242 2588 1306 furore
2621 1263 2722 1306 re-
2749 1243 2856 1327 [L.
2891 1242 2992 1326 iij.

1936 1330 2154 1412 pletus
2179 1331 2378 1413 jussit
2402 1330 2738 1395 clibanum
2765 1331 2992 1414 parari

1779 1427 1850 1482 et
1901 1417 2250 1500 plumbum
2305 1420 2588 1482 resinam
2643 1429 2714 1483 et
2764 1421 2992 1502 picem

1781 1507 1988 1570 solvi:
2035 1526 2112 1570 ac
2131 1508 2344 1570 vitum
2375 1507 2698 1571 athletam
2733 1509 2995 1573 Christi
3080 1521 3083 1580 j

1782 1595 1848 1658 in
1899 1594 2234 1658 clibanum
2291 1595 2484 1658 mitti.
2578 1596 2701 1659 Ille
2755 1607 2994 1660 autern

1783 1682 2161 1764 signaculo⁴
2184 1683 2427 1746 Christi
2451 1683 2661 1748 facto:
2689 1685 2995 1766 jactatus
3081 1711 3083 1716 ·

1783 1782 1884 1835 est
1917 1772 1983 1834 in
2017 1772 2234 1834 medio
2281 1772 2426 1836 olle.
2516 1772 2831 1854 Angelus
2873 1794 2994 1836 au-

1783 1875 1922 1922 tem
1997 1858 2250 1923 domini
2327 1861 2626 1924 extinxit
2693 1860 2992 1925 furorem
3081 1921 3083 1926 .

1783 1947 1954 2011 olle:
2000 1955 2068 2010 et
2093 1947 2497 2011 exclamavit
2526 1950 2704 2012 vitus
2735 1950 2994 2014 dicens.

1786 2035 1966 2120 Quid
2022 2045 2124 2098 est
2173 2037 2575 2118 imperator:
2652 2038 2767 2100 ubi
2831 2049 2996 2102 sunt

1785 2125 1964 2186 mine
2024 2125 2188 2188 tue?
2303 2124 2568 2189 Gratias
2626 2126 2746 2189 tibi
2813 2147 2995 2207 ago:

1784 2213 1942 2294 quia
2017 2211 2227 2275 fecisti
2314 2212 2646 2276 lavacrum
2739 2215 2944 2278 nobis
2973 2237 2995 2279 z

1786 2300 2039 2364 utinam
2072 2309 2140 2363 et
2161 2301 2409 2364 sabana
2434 2313 2777 2382 prestares.
2832 2303 2912 2366 L.
2933 2325 2993 2367 v.

1787 2391 2230 2520 Imperator
2272 2389 2562 2472 repletus
2607 2390 2745 2455 ira:
2789 2392 2994 2474 jussit

1894 2476 2156 2541 leonem
2205 2478 2266 2541 ei
2315 2478 2600 2542 dimitti:
2656 2481 2772 2562 qui
2825 2501 2994 2544 mox

1787 2575 1946 2628 ante
2005 2567 2212 2647 pedes
2271 2567 2484 2630 sancti
2543 2568 2840 2633 cecidit:
2925 2577 2997 2632 et
3079 2581 3081 2584 ⁴

1789 2654 1996 2736 pedes
2047 2653 2190 2733 ejus
2240 2654 2454 2718 linxit.
2558 2656 2750 2719 Tunc
2815 2657 2996 2720 dixit

1787 2742 1981 2806 vitus,
2075 2742 2250 2806 Ecce
2281 2744 2642 2825 imperator
2677 2745 3000 2808 animalia

1790 2829 1919 2893 ista
1967 2828 2287 2894 honorem
2349 2831 2638 2895 reddunt
2696 2834 2872 2897 deo:
2929 2843 2998 2898 et

1790 2926 1864 2980 tu
1897 2937 2030 2980 non
2057 2919 2360 2999 agnoscis
2381 2930 2746 2983 creatorem
2783 2937 2994 2985 tuum.
3077 2933 3079 2936 ⁴

1791 3005 2000 3087 Jussit
2019 3005 2242 3087 itaque
2264 3007 2622 3089 imperator
2640 3029 3001 3091 preparare

1794 3103 2083 3158 catastas
2114 3103 2182 3157 et
2227 3095 2437 3158 vitum
2484 3116 2636 3159 cum
2687 3098 3000 3162 modesto
3077 3119 3079 3122 ⁴

1793 3191 1862 3244 et
1937 3182 2298 3246 crescentia
2377 3185 2658 3266 patr-issa
2733 3207 2862 3250 sua
2935 3189 3002 3250 in
3075 3253 3077 3270 i

1795 3270 2046 3332 eisdem
2073 3271 2380 3353 torqueri.
2436 3272 2560 3337 Cui
2582 3274 2760 3336 dixit
2779 3276 3004 3340 vitus:

1799 3357 2133 3422 Erubesce
2170 3379 2210 3422 a
2243 3360 2516 3423 muliere
2559 3371 2678 3425 aut
2721 3384 2860 3445 que
2899 3375 3006 3430 est
3074 3389 3077 3406 ¹

1796 3447 2002 3509 virtus
2035 3455 2150 3509 tua
2179 3467 2332 3510 cum
2367 3449 2652 3513 muliere.
2739 3451 2884 3516 Lec.
2917 3456 3006 3537 ψ’.
3073 3453 3077 3534 J

1817 3534 2367 3666 Torquebatur
2395 3547 2622 3601 autem
2642 3540 2712 3602 in
2743 3551 3008 3608 catasta
3073 3603 3075 3616 ,

1961 3633 2028 3686 et
2059 3625 2464 3692 exclamavit
2511 3627 2752 3691 beatus
2781 3631 3004 3696 vitus:

1798 3711 2024 3774 dicens
2085 3713 2170 3774 ad
2233 3713 2596 3780 dominum.
2708 3717 3006 3784 Domine
3073 3769 3075 3772 Α

1797 3799 1962 3862 deus
2044 3799 2250 3864 libera
2339 3821 2477 3866 nos,
2617 3803 3006 3890 Statimque

1797 3887 2048 3951 factum
2100 3898 2200 3951 est
2262 3891 2628 3955 tonitruum
2679 3914 3006 3978 magnum

1797 3985 1866 4040 et
1898 3975 2432 4042 choruscationes
2465 3989 2533 4042 et
2562 3989 3007 4051 terremotus:

1797 4073 1865 4127 et
1903 4066 2283 4128 ceciderunt
2327 4067 2582 4150 templa
2629 4070 3008 4138 idolorum:

1801 4163 1869 4216 et
1902 4162 2164 4218 mortua
2194 4164 2296 4217 est
2328 4157 2524 4220 tertia
2555 4177 2714 4238 pars
2737 4163 3008 4246 populi:

1801 4250 1870 4305 et
1919 4243 2281 4324 imperator
2331 4241 2504 4326 sugit
2563 4247 2850 4316 dicens:
2911 4253 3008 4316 Ve

1835 4377 1856 4405 ⁸
1889 4375 2280 4427 Dioclecianus:
2317 4379 2440 4430 Rs.
2517 4382 2908 4438 Diocletianus:
2941 4389 3002 4440 N.

1829 4444 1849 4473 ¹
1888 4447 1902 4470 ⁴
1921 4443 2079 4493 crucis
2096 4443 2109 4466 '
2133 4443 2233 4494 add
2260 4461 2273 4492 ε
2309 4444 2364 4498 8.
