3117 4959
1124 287 1183 340 S.
1236 283 1690 340 FRANSJSCI
1736 284 2310 341 CONFESSORIS.

996 395 1145 448 597

462 497 784 582 superbus
817 499 967 564 illuc
992 500 1263 562 veniens
1287 499 1466 564 calce
1485 509 1663 563 tum-

462 587 621 652 bam
654 588 1025 672 percutiens
1050 588 1377 654 clamavit.
1456 588 1662 652 Mori-

466 687 618 741 atur
668 676 783 759 qui
835 686 1169 740 mortuum
1216 675 1431 740 facere
1462 677 1664 740 mira-

466 764 621 829 cula
667 764 895 831 credit.
986 765 1158 828 Mox
1209 764 1318 830 ille
1362 773 1664 846 arreptus

470 874 513 916 a
557 852 914 916 demonio:
962 860 1175 916 morte
1206 873 1329 916 sua
1356 861 1662 916 sanctum

472 939 758 1024 amplius
789 941 1298 1004 commendavit.
1378 940 1664 1004 Hebroi-

472 1049 595 1094 nus
627 1049 784 1092 vero
824 1027 1049 1110 gladio
1085 1029 1389 1110 nequiter
1422 1029 1664 1092 occidi-

472 1127 594 1182 tur.
631 1116 866 1180 Passus
886 1124 988 1180 est
1010 1126 1235 1179 autem
1249 1126 1516 1180 sanctus
1539 1117 1664 1180 cir·-

469 1225 553 1268 ca
580 1224 829 1268 annum
848 1204 1103 1268 domini
1134 1205 1663 1286 octuagesimum

470 1294 574 1356 cui
606 1303 709 1356 est
752 1291 965 1376 gloria
1004 1293 1069 1356 in
1126 1293 1363 1358 secula.
1454 1292 1667 1356 Lectio

467 1381 739 1463 septima
814 1391 1071 1444 tantum
1144 1380 1227 1443 de
1288 1379 1670 1463 &positione

470 1469 794 1552 evangelii
823 1468 1054 1534 Homo
1084 1471 1355 1570 quidam
1376 1487 1665 1569 peregre.

476 1557 733 1622 Omelia
764 1568 840 1621 ut
867 1557 939 1622 in
982 1556 1321 1622 communi.
1412 1556 1493 1622 L.
1526 1555 1668 1639 vty'.

492 1648 825 1780 Verum
846 1647 1003 1729 quia
1025 1646 1306 1711 multum
1327 1646 1669 1710 convenit:

642 1745 715 1798 ut
746 1755 947 1818 quem
976 1734 1192 1798 deus
1176 1755 1242 1797 m
1274 1733 1431 1800 celis
1472 1732 1670 1816 glori-

478 1823 675 1887 ficat:
723 1824 789 1887 in
822 1823 1013 1886 terris
1043 1822 1130 1887 ad
1162 1843 1355 1886 suum
1384 1822 1670 1885 fructum

474 1920 543 1974 et
572 1911 889 1994 gaudium
924 1911 1209 1976 mundus
1249 1910 1427 1974 colat
1460 1909 1670 1975 Sanc-

474 2000 769 2064 tissimus
818 2001 884 2063 in
940 1998 1207 2064 Christo
1236 2007 1429 2082 pater
1455 1999 1672 2062 domi-

476 2107 600 2151 nus
668 2087 999 2170 johannes
1057 2105 1235 2169 papa
1292 2087 1676 2152 vicesimus-

476 2176 805 2240 secundus
819 2174 1145 2263 prefatum
1160 2195 1419 2238 servum
1448 2173 1672 2239 Chris·

476 2265 527 2327 ti
553 2272 930 2327 sanctorum
955 2263 1256 2344 ascripsit
1282 2261 1668 2345 cathalogo¹

440 2349 946 2415 consessorum.
1044 2351 1387 2416 Universis
1446 2350 1673 2433 itaque

476 2438 747 2522 prelatis
814 2459 933 2522 per
990 2437 1355 2522 apostolica
1426 2439 1676 2522 scripta

478 2529 823 2593 mandavit
851 2549 865 2592 :
890 2538 1217 2610 quatenus
1241 2537 1440 2592 sexto
1464 2548 1673 2592 nonas

474 2615 767 2680 octobris
870 2615 1112 2680 festum
1226 2615 1620 2681 confessoris
1651 2617 1676 2654 ²

476 2704 775 2786 ejusdem
796 2706 1037 2769 devote
1054 2713 1124 2768 et
1142 2703 1501 2768 solenniter
1518 2723 1670 2767 cum

476 2795 612 2857 suis
632 2792 914 2857 subditis
932 2792 1356 2860 celebrarent.
1388 2791 1470 2856 L.
1484 2813 1670 2856 nona.

496 2883 651 3018 U
659 2889 690 2946 t
721 2892 944 2946 autem
990 2881 1077 2946 ad
1124 2879 1497 2946 venerabile
1528 2879 1672 2962 ejus

658 2970 1081 3054 sepulchrum
1112 2969 1451 3034 ardentius
1468 2966 1672 3032 chris-

478 3058 641 3122 tiani
702 3058 1080 3123 confluant:
1150 3057 1457 3122 omnibus
1518 3077 1672 3120 vere

477 3147 929 3230 penitentibus
948 3156 1015 3210 et
1048 3146 1361 3211 confessis
1380 3147 1493 3228 qui
1518 3165 1671 3209 cum

480 3237 843 3299 reverentia
891 3235 1045 3299 illuc
1097 3237 1162 3298 in
1216 3236 1453 3300 eodem
1500 3233 1674 3298 sesto

477 3323 823 3387 annuatim
928 3324 1322 3387 accesserint
1358 3345 1375 3386 ε
1468 3323 1674 3405 ipsius

476 3411 789 3494 suffragia
850 3411 1157 3493 petituri:
1232 3412 1318 3475 de
1365 3413 1674 3494 omnipo-

477 3499 679 3562 tentis
710 3499 815 3562 dei
852 3499 1300 3563 misericordia
1344 3508 1412 3562 et
1444 3499 1676 3562 beato·

479 3607 623 3650 rum
658 3587 826 3668 petri
873 3595 943 3650 et
990 3587 1169 3669 pauli
1220 3587 1670 3668 apostolorum

477 3674 620 3757 ejus
679 3673 968 3738 confisus
1014 3694 1029 3738 :
1104 3674 1273 3739 duos
1335 3695 1546 3740 annos
1607 3685 1675 3738 et

477 3764 645 3827 duas
662 3764 1122 3846 quadragenas
1152 3765 1492 3830 concessit.
1540 3763 1680 3828 Ac-

479 3852 869 3917 cedentibus
929 3871 1085 3916 vero
1146 3852 1315 3917 infra
1374 3852 1672 3935 ejusdem

480 3941 627 4005 sesti
719 3951 992 4005 octavas
1090 3941 1174 4004 ad
1251 3941 1672 4024 sepulchrum

476 4031 661 4112 ejus:
706 4040 973 4094 centum
1035 4028 1176 4092 dies
1238 4032 1323 4094 de
1378 4031 1675 4111 injuncta

476 4119 603 4182 sibi
704 4119 1071 4202 penitentia
1166 4119 1676 4183 misericorditer

476 4206 818 4272 relaxavit.
936 4207 1158 4274 Cetera
1216 4207 1296 4271 de
1346 4206 1676 4271 communi

578 4369 593 4400 ¹
628 4367 932 4430 cathalago·
970 4367 1021 4417 S.

782 4437 799 4464 ⁴
836 4433 1141 4496 reparando·
1178 4433 1239 4481 R.
1252 4433 1315 4482 N.

786 4501 807 4527 ⁸
844 4497 1017 4546 ‘’cum
1041 4513 1140 4548 om.
1168 4499 1269 4550 .S.

1755 3811 1760 3814 -
1781 3763 2060 3829 Christo,

1316 4369 1461 4433 ²pro
1490 4371 1504 4396 ⁴
1522 4363 1756 4418 consess)
1781 4365 2008 4430 martyris
2034 4384 2046 4416 :
2085 4365 2149 4415 N.

2269 391 2423 446 598

1763 499 1961 564 unius
2017 499 2398 581 confessoris·
2439 495 2774 580 pontefia's
2825 516 2970 560 cnm

1767 588 2079 651 memoria
2109 589 2190 651 de
2213 597 2432 650 sancto
2461 585 2807 667 leodganb.

1769 681 1833 754 is
1883 676 2120 740 Sancti
2172 673 2516 739 Francis-ci
2567 672 2972 755 confessoris.

1765 764 2304 896 Franciscus
2279 781 2510 827 servus
2537 761 2698 825 dei
2679 782 2744 826 m
2785 761 2903 848 [L.
2913 762 2976 844 j.

1918 851 2188 915 civitate
2213 851 2387 914 asisii
2405 851 2632 913 'ortus
2663 858 2733 913 et
2765 869 2979 932 nego-

1765 940 1976 1004 ciator
2025 940 2340 1004 effectus:
2386 938 2522 1002 sere
2581 937 2668 1002 ad
2727 937 2984 1021 vigesi-

1769 1047 1952 1092 mum
2013 1047 2262 1091 annum
2339 1026 2538 1090 etatis
2611 1046 2728 1089 sue
2799 1025 2982 1090 male

1765 1115 2052 1180 vivendo
2083 1126 2348 1198 tempus
2381 1135 2572 1178 suum
2604 1133 2980 1196 consump-

1768 1205 1892 1268 sit:
1939 1222 2140 1286 quem
2190 1202 2501 1266 dominus
2563 1201 2982 1266 infirmitatis

1767 1290 2033 1375 flagello
2063 1292 2128 1354 in
2160 1292 2374 1354 virum
2421 1289 2698 1354 alterum
2745 1291 2986 1354 subito

1769 1380 2281 1444 transformavit.
2365 1377 2732 1444 Ecclesiam
2769 1379 2988 1462 siqui-

1769 1470 1926 1533 dem
1995 1469 2208 1532 sancti
2279 1467 2574 1531 damiani
2649 1469 2986 1530 orationis

1769 1576 1973 1620 causa
2003 1557 2378 1638 ingrediens
2407 1578 2422 1618 :
2457 1556 2681 1638 imago
2721 1554 2984 1620 Christi

1771 1664 1924 1708 eum
1947 1643 2334 1708 miraculose
2352 1643 2726 1726 alloquitur.
2771 1645 2989 1708 Fran-

1773 1736 1946 1796 cisce
1981 1733 2196 1816 inquit
2226 1732 2396 1797 vade
2431 1751 2662 1814 repara
2690 1731 2984 1796 domum

1775 1842 2034 1885 meam:
2080 1842 2212 1904 que
2261 1831 2335 1884 ut
2387 1821 2600 1884 cernis
2647 1829 2806 1884 tota
2869 1822 2984 1885 de·

1772 1911 2060 1974 struitur.
2193 1908 2313 1973 Ab
2389 1929 2470 1972 ea
2543 1908 2746 1991 igitur
2819 1909 2992 1972 hora
3029 1977 3036 1982 ,

1773 1997 2070 2062 crucifixi
2105 1997 2326 2079 passio
2355 1997 2500 2080 ejus
2543 1998 2726 2060 cordi
2783 1999 2994 2061 mira·

1772 2086 1991 2150 biliter
2019 2096 2122 2150 est·
2151 2085 2377 2149 infixa.
2471 2085 2726 2149 Institit
2773 2086 2990 2150 etiam

1773 2175 2030 2239 solicite
2119 2175 2396 2240 ecclesie
2485 2174 2994 2255 reparandum.⁴

1793 2263 2186 2394 Venditis
2214 2280 2373 2327 vero
2403 2281 2532 2344 que
2564 2261 2683 2324 ha·
2715 2261 2896 2346 [Lx.
2923 2264 2996 2344 ij.

1943 2351 2144 2414 bebat
2163 2371 2314 2416 cum
2334 2351 2686 2433 pecuniam
2707 2351 2991 2415 cuidam

1776 2439 2164 2522 presbytero
2192 2439 2426 2504 daret:
2470 2448 2540 2502 et
2585 2437 2694 2501 ille
2737 2439 2994 2504 timore

1777 2537 2126 2610 parentum
2229 2529 2515 2612 recipere
2591 2537 2996 2592 recusaret.

1777 2636 2001 2680 coram
2065 2635 2148 2678 eo
2207 2635 2356 2680 eam
2419 2613 2780 2698 projiciens
2837 2626 2996 2679 tan-

1775 2725 1974 2786 quam
2009 2703 2350 2787 pulverem
2379 2703 2748 2787 vilipendit.
2801 2704 2998 2787 Qua-

1773 2801 2044 2876 propter
2075 2793 2157 2856 a*
2197 2803 2386 2874 patre
2417 2793 2663 2875 ligatus
2707 2802 2782 2855 et
2831 2813 2996 2876 cap-

1775 2890 1918 2944 tus:
1964 2883 2314 2963 pecuniam
2361 2881 2578 2944 eidem
2641 2881 3000 2946 restituit:

1775 2989 1853 3032 ac
1907 2980 2158 3032 vestem
2211 2969 2610 3051 resignavit:
2656 2977 2726 3033 et
2765 2969 3000 3033 cilicio

1776 3077 1848 3120 se
1880 3057 2110 3122 induit.
2205 3056 2588 3140 Suscipiens
2626 3077 2798 3120 vero
2831 3059 2995 3122 sim-

1775 3145 2016 3227 plicem
2046 3145 2260 3210 virum
2293 3144 2440 3210 loco
2477 3145 2686 3228 patris
2733 3157 2946 3229 rogat
2979 3168 2996 3210 ι

1777 3242 1850 3296 ut
1911 3254 2058 3298 cum
2084 3234 2109 3272 ⁶
2168 3243 2359 3316 pater
2417 3233 2561 3316 ejus
2619 3232 2996 3300 maledicta

1777 3323 2202 3402 congeminat
2229 3343 2243 3388 ε
2277 3323 2418 3404 ipse
2447 3321 2574 3386 sibi
2606 3325 2994 3387 econtrario

1776 3409 2144 3474 benedicat.
2237 3410 2393 3493 Ipse
2436 3430 2593 3475 vero
2622 3411 2992 3478 transitum

1775 3518 1970 3561 suum
1997 3498 2193 3582 longe
2213 3508 2368 3562 ante
2387 3498 2697 3581 prescivit
2725 3519 2744 3562 ε
2781 3499 2994 3564 dixit·

1777 3607 1908 3669 que
1969 3586 2278 3651 fratribus
2337 3587 2518 3651 diem
2579 3587 2678 3649 sui
2761 3587 2994 3652 obitus

1779 3675 2122 3739 imminere
2172 3675 2296 3740 sibi
2357 3675 2910 3740 demonstratum
2957 3697 2993 3738 a

2635 3761 2868 3827 Lectio
2901 3765 2992 3847 iij.

1776 3851 2143 4003 Biennio
2161 3871 2428 3936 quoque
2446 3871 2487 3914 a
2499 3847 2566 3890 ⁷
2549 3853 2993 3934 impressione

1919 3960 2254 4004 sacrorum
2331 3941 2722 4041 stigmatum
2811 3961 2998 4005 anno

1773 4029 2082 4093 videlicet
2133 4049 2175 4093 a
2225 4048 2347 4093 sua
2405 4026 2853 4093 conuersione
2905 4031 3000 4092 vi-

1775 4117 2022 4181 cesimo
2071 4117 2157 4181 ad
2211 4127 2511 4180 sanctam
2569 4117 2860 4180 mariam
2913 4120 2996 4180 de

1774 4206 2193 4287 portiuncula
2239 4226 2310 4268 se
2356 4203 2593 4269 deferri
2627 4207 2992 4286 poposcit:

2444 4366 2465 4394 ⁸
2499 4364 2696 4415 assisii:
2733 4365 2802 4415 R.
2815 4367 2890 4419 N.

2108 4435 2128 4462 ⁵
2163 4447 2252 4495 pro
2283 4432 2363 4480 ‘a’
2389 4447 2488 4480 ea:
2525 4431 2590 4479 N.

2107 4499 2124 4527 ’
2165 4497 2256 4546 ‘a’
2284 4513 2382 4547 om.
2413 4515 2426 4547 τ
2463 4497 2602 4548 R.N.
