3117 4959
1164 229 1228 288 S.
1289 229 1723 287 THEODORI
1762 229 2013 284 MART
2019 229 2218 284 YRIS.

988 340 1127 396 677

435 437 682 512 ⁴Cetera
724 445 805 510 de
848 445 1181 512 ‘commum’
1204 445 1655 529 plurimorum

452 543 836 614 martyrum.

456 625 522 700 §s
558 622 795 686 Sancti
814 621 1104 686 theodori
1118 621 1450 704 martyria
1500 621 1650 687 070.

455 711 729 844 Deus
774 710 889 794 qui
942 731 1065 774 nos
1117 711 1297 775 beati
1344 710 1650 774 theodori

614 799 926 880 martyris
944 801 1043 862 tui
1070 799 1483 864 confessione
1506 797 1651 880 glo·

458 887 632 949 riosa
708 887 1057 951 circundas
1146 896 1217 952 et
1291 889 1587 970 protegis
1632 907 1650 952 :

458 982 683 1058 presta
734 975 927 1038 nobis
974 984 1043 1039 et
1088 975 1231 1058 ejus
1278 976 1650 1040 imitatione

458 1060 813 1147 proficere:
902 1072 971 1128 et
1045 1065 1344 1128 oratione
1418 1063 1649 1129 fulciri.

458 1170 578 1234 per
607 1150 973 1216 dominum.
1356 1153 1576 1216 Lectio
1584 1151 1650 1234 j.

455 1240 556 1373 l
566 1239 747 1322 gitur
767 1283 775 1290 -
794 1239 1207 1322 temporibus
1254 1240 1651 1304 maximiani

568 1338 639 1391 et
730 1327 1010 1392 maximi
1098 1329 1574 1411 imperatorum
1633 1349 1650 1394 :

458 1415 745 1479 universi
798 1416 885 1479 ad
938 1415 1421 1482 immolandum
1453 1415 1651 1481 idolis

456 1503 1043 1587 compellebantur.
1138 1505 1267 1568 His
1320 1504 1654 1569 contradi-

458 1610 615 1656 cens
645 1592 881 1656 beatus
910 1593 1271 1657 theodorus
1316 1594 1650 1658 adductus

457 1689 561 1743 est
590 1681 675 1744 ad
708 1681 1004 1746 brincam
1034 1682 1485 1764 prepositum:
1534 1679 1652 1764 qui

457 1768 602 1832 ait:
652 1769 751 1834 Ut
810 1768 971 1851 quid
1032 1789 1168 1833 non
1226 1769 1650 1852 obtemperas

457 1857 785 1940 preceptis
816 1857 1231 1940 imperatoris
1258 1879 1274 1923 :
1306 1866 1381 1922 ut
1412 1858 1651 1922 immo-

457 1941 553 2008 les
584 1945 725 2010 diis.
802 1944 1195 2010 Theodorus
1224 1946 1439 2011 dixit:
1472 1945 1652 2029 Quia

458 2032 852 2098 christianus
882 2053 1030 2098 sum
1058 2055 1073 2099 :
1097 2044 1168 2099 et
1184 2033 1401 2099 habeo
1424 2053 1648 2117 regem

458 2122 525 2184 in
557 2121 715 2185 celis
747 2121 1103 2187 Christum,
1195 2123 1444 2186 Missus
1491 2143 1650 2206 ergo

458 2209 526 2272 in
555 2229 883 2274 carcerem
918 2220 1222 2293 tempore
1270 2220 1604 2295 oportuno
1631 2211 1648 2250 ¹

456 2306 719 2379 reperto
791 2298 1117 2381 templum
1196 2301 1427 2364 martis
1497 2299 1652 2381 igne

456 2394 658 2449 noctu
718 2387 1077 2452 succendit.
1190 2388 1301 2452 Ira
1358 2389 1651 2472 repletus

455 2493 719 2556 preses:
760 2473 958 2556 jussit
989 2496 1143 2546 eum
1176 2475 1361 2540 cedi:
1407 2485 1478 2540 et
1529 2477 1653 2541 ite·

456 2581 603 2626 rum
635 2563 1037 2629 incarcerari.
1130 2564 1210 2628 In
1248 2565 1395 2647 ipsa
1422 2573 1650 2628 autem

454 2659 653 2716 nocte
670 2653 977 2735 apparuit
1006 2651 1069 2716 ei
1091 2652 1404 2717 dominus
1420 2653 1652 2718 dicens

458 2738 820 2804 Confidens
878 2750 1025 2805 esto
1098 2740 1419 2805 theodore
1493 2742 1653 2824 quia

456 2835 679 2892 tecum
712 2848 878 2894 sum.
970 2829 1078 2894 Ne
1107 2831 1396 2912 accipias
1428 2849 1650 2894 escam

454 2924 573 2980 aut
621 2926 854 2999 potum
904 2917 993 2982 ab
1040 2917 1421 2982 hominibus
1468 2918 1651 2984 istis:

455 3013 560 3069 est
590 3005 712 3068 tibi
759 3005 1151 3071 alimentum
1194 3007 1649 3090 incorruptum

457 3093 523 3155 in
599 3093 772 3158 celis.
898 3095 991 3160 Et
1064 3095 1188 3160 hec
1246 3095 1475 3161 dicens
1549 3115 1650 3159 re-

456 3181 672 3245 cessit.
1320 3183 1537 3248 Lectio
1577 3182 1650 3266 ‘J-

468 3271 711 3402 Cum
773 3279 999 3334 autem
1072 3271 1266 3352 Jesus
1329 3272 1650 3337 recessit:

596 3358 774 3442 cepit
834 3358 943 3422 ille
986 3369 1254 3424 sanctus
1300 3361 1431 3424 deo
1471 3359 1651 3443 psal-

456 3445 607 3508 lere.
724 3446 877 3509 Hoc
922 3447 1271 3511 audientes
1299 3449 1649 3514 custodes:

454 3532 764 3596 viderunt
787 3554 906 3617 per
922 3534 1277 3599 fenestram
1323 3537 1648 3619 populum

458 3621 745 3684 multum
797 3623 1215 3688 vestimentis
1250 3623 1419 3687 albis
1456 3625 1650 3689 indu-

457 3717 602 3772 tum
656 3729 809 3772 cum
858 3710 1226 3776 theodoro:
1272 3721 1343 3777 et
1374 3715 1648 3777 nuncia-

456 3807 695 3862 verunt
740 3798 965 3881 judici.
1058 3799 1191 3883 Qui
1230 3802 1503 3865 veniens
1533 3822 1649 3866 vo·

456 3907 567 3950 ces
617 3887 794 3952 intus
856 3887 1281 3972 psallentium
1345 3891 1649 3956 audivit:

456 3983 525 4039 et
563 3974 761 4057 jussit
804 3987 1097 4044 armatos
1150 3997 1475 4045 carcerem
1530 3980 1652 4043 cir-

455 4066 789 4131 cundare:
853 4067 1198 4150 suspicans
1256 4066 1650 4132 christianos

454 4153 633 4218 intus
661 4176 822 4220 esse.
886 4165 953 4220 et
974 4156 1411 4240 introgressus
1441 4156 1650 4219 nemi-

454 4261 608 4306 nem
642 4244 895 4309 invenit
942 4245 1067 4310 nisi
1106 4247 1322 4309 solum
1370 4244 1650 4308 theodo-

453 4349 639 4394 rum:
685 4343 753 4396 et
793 4334 1080 4398 recessit.
1174 4335 1377 4398 Mane
1422 4341 1646 4398 autem

846 4483 861 4512 ¹
898 4489 1180 4546 opportuno
1199 4501 1212 4532 :
1248 4485 1297 4534 S.

2261 337 2410 394 678

1752 443 1932 509 facto
1957 444 2156 526 jussit
2184 465 2411 528 preses
2441 445 2720 510 beatum
2763 445 2945 512 theo-

1750 534 1988 597 dorum
2021 534 2303 599 adduci:
2349 544 2419 597 et
2447 534 2628 598 dixit
2669 537 2788 599 ei:
2835 536 2950 600 Sap
2999 595 3004 600 ,

1750 620 1970 687 crifica
2045 623 2188 687 diis.
2327 621 2618 687 Sanctus
2695 633 2954 705 martyr

1749 710 2092 792 respondit
2120 731 2136 775 :
2182 710 2255 776 Si
2303 731 2533 775 carnes
2573 731 2772 775 meas
2803 731 2955 774 cou-

1749 799 2108 881 sumpseris
2151 819 2168 864 :
2223 818 2356 863 non
2419 801 2684 882 negabo
2749 801 2956 864 deum

1749 905 1992 950 meum.
2597 887 2832 951 Lectio
2861 887 2955 970 iij.

1917 995 2045 1038 unc
2105 994 2330 1057 preses
2383 974 2582 1057 jussit
2643 997 2812 1040 eum
2889 978 2967 1038 in-

1915 1061 2145 1126 eculeo
2175 1064 2202 1101 ²
2228 1064 2586 1147 suspendi:
2635 1075 2708 1128 et
2743 1065 2960 1128 latera

1747 1150 2014 1233 ungulis
2045 1151 2228 1216 radi:
2271 1161 2346 1216 et
2373 1154 2507 1217 ait:
2551 1152 2681 1217 Vis
2729 1152 2958 1216 adhuc

1747 1240 2093 1304 nobiscum
2155 1259 2358 1306 esse:
2420 1250 2537 1305 aut
2597 1259 2762 1305 cum
2835 1241 2958 1304 deo

1747 1328 1912 1392 tuo?
1973 1327 2262 1394 Sanctus
2293 1338 2546 1412 martyr
2567 1329 2958 1412 respondit:

1751 1416 1923 1480 Cum
1999 1416 2126 1480 deo
2201 1435 2354 1480 meo
2395 1437 2606 1482 sum:
2669 1427 2750 1482 et
2827 1436 2954 1482 ero.

1748 1502 1944 1568 Tunc
2003 1525 2230 1588 preses
2297 1503 2499 1586 jussit
2571 1525 2736 1569 eum
2817 1505 2954 1587 igni

1748 1592 1938 1659 tradi.
2017 1594 2262 1657 Beatus
2293 1603 2548 1676 martyr
2575 1594 2784 1676 signo
2815 1614 2956 1660 cru·

1747 1680 1842 1746 cis
1895 1701 1968 1745 se
2017 1682 2462 1764 consignans:
2511 1683 2836 1747 manibus
2879 1683 2954 1745 li-

1747 1769 1923 1852 gatis
1982 1769 2119 1852 igni
2181 1771 2534 1853 impositus
2606 1779 2734 1836 est.
2867 1770 2958 1834 Et

1747 1856 1926 1922 sacta
1997 1859 2336 1923 oratione:
2426 1857 2702 1922 flamma
2783 1859 2957 1924 sicut

1745 1945 1968 2010 velum
2001 1947 2190 2010 navis
2218 1953 2422 2010 vento
2461 1945 2802 2029 repletum
2837 1947 2957 2012 cir-

1746 2034 2170 2099 cumvallavit
2213 2055 2454 2118 corpus
2501 2035 2847 2117 marty-ris,
2890 2043 2958 2099 et

1749 2143 1883 2186 non
1915 2132 2058 2187 erat
2087 2123 2257 2188 sicut
2287 2143 2445 2188 caro
2484 2125 2732 2187 ardens
2767 2143 2790 2191 :
2839 2122 2954 2187 sed

1746 2211 1919 2275 sicut
1993 2211 2186 2295 panis
2245 2211 2361 2294 qui
2419 2212 2749 2294 coquitur.
2867 2211 2960 2276 Et

1746 2319 1886 2364 vox
1925 2299 2013 2364 de
2042 2299 2201 2364 celis
2229 2300 2414 2364 venit
2457 2301 2730 2365 dicens:
2777 2299 2956 2364 Veni

1749 2388 1992 2452 dilecte
2061 2407 2250 2452 meus
2323 2387 2694 2452 theodore:
2795 2389 2956 2471 quia

1749 2475 2033 2541 fideliter
2062 2477 2442 2541 certaminis
2491 2496 2762 2540 cursum
2795 2497 2956 2540 con-

1748 2564 2114 2630 summasti.
2233 2565 2442 2628 Facta
2513 2573 2748 2628 autem
2829 2565 2955 2628 hac

1748 2673 1911 2718 voce
1939 2673 2166 2717 :suam
2192 2653 2460 2718 Christo
2484 2653 2783 2718 reddidit
2813 2653 2958 2717 ani-

1749 2759 1968 2806 mam:
2002 2762 2154 2805 cum
2173 2762 2308 2825 quo
2337 2741 2588 2824 gaudet
2618 2741 2685 2804 in
2719 2741 2957 2805 secula

1747 2828 2138 2896 seculorum.
2231 2829 2456 2896 Cetera
2500 2829 2580 2893 de
2619 2827 2961 2893 communi

1749 2917 1948 2980 unius
1968 2918 2298 3000 martyris.

1752 3010 1818 3084 {s
1865 3005 2101 3070 Sancti
2156 3005 2438 3070 martini
2476 3016 2646 3090 pape
2697 3015 2773 3068 et
2812 3027 2958 3070 con-

1733 3093 2029 3177 sarsoris.
2657 3093 2888 3157 Lectio
2894 3093 2955 3177 j.

1914 3181 2262 3246 enerabilis
2293 3181 2540 3248 Christi
2570 3181 2954 3246 confessor:

1915 3271 2101 3353 cujus
2168 3290 2458 3334 annuam
2535 3269 2954 3334 celebramus

1748 3357 2175 3423 festivitatem
2207 3379 2326 3442 per
2352 3360 2491 3422 vite
2518 3360 2950 3422 sanctitatem

1750 3447 2012 3512 celestis
2073 3449 2258 3529 regni
2307 3446 2693 3513 conscendit
2743 3446 2952 3511 subli-

1750 3536 2072 3600 mitatem.
2167 3535 2333 3600 Erat
2379 3537 2558 3599 enim
2617 3534 2948 3599 viciorum

1749 3634 2184 3708 persecutor:
2251 3623 2572 3688 virtutum
2635 3633 2950 3688 amator:

1751 3713 1980 3776 mundi
2012 3721 2469 3795 contemptor:
2513 3711 2638 3775 celi
2683 3711 2948 3776 deside-

1751 3811 1946 3865 rator.
2037 3800 2171 3885 Qui
2219 3801 2382 3864 dum
2429 3800 2811 3884 superbiam
2845 3819 2946 3862 sa·

1749 3889 2026 3972 tagebat
2099 3887 2354 3954 calcare
2391 3909 2408 3952 :
2493 3888 2942 3952 humilitatem

1748 3980 2069 4043 virtutum
2131 3978 2516 4061 magistram
2583 3977 2824 4041 meruit
2877 3977 2940 4038 in

1748 4067 1948 4131 corde
1980 4076 2261 4148 portare.
2309 4066 2400 4130 Et
2431 4067 2593 4130 dum
2625 4065 2939 4129 invidiam

1749 4155 1934 4219 velut
1964 4153 2227 4219 hostem
2259 4154 2556 4238 fugiebat
2603 4153 2941 4218 infestissi-

1750 4263 1934 4308 mum
1971 4264 1986 4308 :
2032 4243 2373 4308 charitatis
2427 4243 2674 4307 virtute
2735 4240 2942 4306 radia-

1750 4332 1884 4397 bat.
2623 4331 2844 4395 Lectio
2871 4329 2935 4412 ᾔ.

2155 4482 2175 4512 ²
2207 4481 2418 4546 equuleo
2440 4499 2452 4530 ε
2490 4481 2538 4530 S.
