3117 4959
1225 243 1288 306 S.
1337 245 1805 306 EVERILDIS·
1855 245 2235 310 WRGINJS.

1009 353 1170 414 889

481 463 732 548 ubique
773 474 1159 531 resonaret:
1201 457 1464 528 sacrum
1500 461 1685 529 vela-

485 573 640 618 men
672 553 844 618 clam
881 552 1270 636 parentibus
1315 551 1683 634 ignoranti-

483 643 610 707 bus
660 641 998 724 suscepit:
1059 650 1130 704 et
1179 639 1486 704 habitum
1540 659 1687 702 mo-

483 729 834 792 nachalem
879 728 1535 809 sanctimonialisque
1580 736 1685 792 est

485 816 742 882 effecta.
833 816 1112 880 Relictis
1160 817 1389 900 itaque
1440 835 1684 898 paren-

484 905 666 969 tibus
698 924 739 967 a
769 903 974 968 domo
1020 913 1300 986 paterna
1341 903 1516 967 clam
1549 903 1685 967 dis-

485 992 729 1057 cessit:
772 992 934 1074 Jesu
965 991 1211 1058 Christi
1241 1011 1316 1054 se
1345 992 1685 1055 commisit

487 1080 796 1143 manibus
826 1079 1072 1146 dicens,
1161 1079 1393 1162 Dirige
1423 1097 1532 1142 me
1561 1079 1685 1143 do-

487 1168 670 1231 mine
699 1166 768 1230 in
797 1167 976 1231 viam
1022 1174 1210 1231 tuam
1256 1177 1327 1231 et
1369 1166 1683 1231 semitam

480 1254 740 1337 justitie
787 1264 1060 1338 propter
1101 1254 1402 1318 inimicos
1452 1273 1683 1319 meos:

487 1343 701 1424 dirige
737 1343 804 1409 in
849 1352 1210 1425 conspectu
1255 1351 1373 1406 tuo
1417 1361 1683 1425 gressus

490 1450 716 1495 meos:
760 1438 831 1493 et
861 1431 1150 1513 psallens
1195 1431 1528 1494 canticum
1576 1451 1681 1493 za-

487 1518 709 1583 charie
739 1519 865 1582 iter
894 1519 1191 1600 ingressa
1221 1526 1340 1582 est.
1387 1513 1525 1582 Lec.
1559 1517 1683 1601 iiij.

490 1609 762 1740 Deus
821 1615 1044 1670 autem
1107 1607 1221 1688 qui
1283 1604 1532 1687 ubique
1580 1613 1685 1670 est

645 1713 918 1776 presens
963 1693 1270 1758 misertus
1315 1703 1419 1757 est
1464 1693 1681 1758 illius:

486 1780 722 1844 videns
754 1781 1192 1844 intentionem
1223 1781 1516 1844 bonam·
1500 1828 1515 1845 .
1564 1801 1683 1844 no-

489 1869 614 1932 luit
647 1889 794 1933 eam
826 1869 1038 1932 solam
1071 1869 1196 1932 iter
1213 1889 1405 1932 suum
1428 1869 1683 1934 facere:

491 1955 674 2020 misit
734 1957 794 2021 ei
854 1957 1022 2020 duas
1095 1957 1381 2038 virgines
1447 1956 1683 2020 habitu

489 2043 980 2108 sanctimoniali
1033 2043 1346 2108 indutas:
1400 2065 1682 2126 quarum

489 2151 624 2195 una
695 2131 870 2214 bega
927 2133 1291 2196 vocabatur
1347 2141 1416 2196 et
1477 2133 1686 2195 altera

488 2219 850 2283 vuldreda.¹
971 2219 1160 2302 Quas
1207 2239 1370 2283 -cum
1429 2219 1687 2283 videret

490 2305 733 2388 alonge
746 2307 770 2344 ²
789 2306 1131 2370 venientes
1151 2329 1166 2370 :
1187 2307 1380 2370 flexis
1402 2308 1685 2390 genibus

491 2396 710 2458 oravit
774 2393 1119 2458 dominum
1183 2396 1410 2460 dicens
1473 2395 1687 2458 Bene-

493 2483 711 2546 dictus
757 2482 1068 2546 dominus
1119 2484 1284 2548 deus
1337 2503 1524 2546 meus
1572 2483 1686 2564 qui

494 2570 854 2634 consolaris
901 2590 1022 2634 nos
1068 2571 1136 2634 in
1185 2571 1366 2634 omni
1413 2569 1689 2634 tribula-

493 2659 677 2722 tione
710 2667 937 2722 nostra
967 2658 1260 2722 concede
1285 2657 1444 2721 mihi
1471 2660 1688 2722 socias

496 2746 620 2809 tibi
653 2755 1006 2828 acceptas:
1055 2756 1128 2810 ut
1173 2747 1370 2810 simul
1414 2746 1689 2810 laudare

499 2834 831 2916 possimus
861 2855 1105 2898 nomen
1131 2843 1435 2898 sanctum
1457 2843 1687 2898 tuum:

498 2923 696 3004 quod'
731 2932 830 2986 est
876 2922 1302 2988 benedictum
1353 2923 1418 2984 in
1466 2921 1690 2985 secula

498 3008 888 3074 seculorum.
1195 3009 1412 3073 Lectio
1440 3010 1686 3091 quinta.

671 3117 738 3160 m
785 3106 1008 3161 autem
1039 3097 1163 3162 hec
1193 3107 1446 3160 orasset
1491 3099 1691 3161 beata

629 3185 970 3250 everildis:
1045 3185 1377 3249 affuerunt
1434 3185 1691 3267 prefate

499 3271 788 3353 virgines
847 3273 1023 3354 bega
1081 3281 1150 3336 et
1209 3273 1547 3337 vuldreda.
1624 3281 1691 3336 et

500 3359 833 3424 dixerunt.
925 3361 1098 3424 Vere
1121 3381 1350 3424 verum
1383 3368 1485 3424 est
1509 3360 1691 3442 quod

2296 349 2459 412 390

1786 481 1951 528 mur.
2046 463 2141 529 Et
2168 461 2430 546 hymno
2470 461 2703 527 dicto:
2748 459 2981 526 mirum

1782 553 1971 615 dictu
1994 571 2013 617 ε
2057 571 2209 615 eam
2232 571 2438 634 quam
2460 568 2813 632 nunquam
2836 559 2983 614 ante
3058 569 3060 628 ᾗ

1782 639 2130 704 viderant:
2174 649 2245 703 et
2284 658 2533 702 nomen
2578 639 2761 701 illius
2806 638 2985 720 spiri·
3057 685 3060 708 ,

1784 735 2095 792 tusancto
2126 726 2464 791 revelante
2492 735 2971 813 cognoverunt.

1785 817 2107 967 Statim
2154 826 2378 878 autem
2416 824 2490 878 ut
2520 835 2671 898 per·
2706 814 2877 896 [Lec.
2908 815 2987 895 ψ’.

1951 905 2091 968 enit
2120 903 2206 967 ad
2231 903 2491 967 locum:
2542 903 2655 966 ubi
2680 921 2991 984 perman·

1786 1009 1940 1054 sura
2012 999 2159 1055 erat
2230 991 2362 1055 deo
2434 990 2851 1072 disponente
2928 999 2991 1054 et

1784 1079 2282 1162 archiepiscopo
2364 1077 2651 1141 wilfrido
2744 1077 2991 1140 confir·

1787 1176 2059 1232 mante:
2106 1167 2173 1229 in
2211 1166 2399 1230 loco:
2444 1167 2559 1248 qui
2608 1165 2799 1247 prius
2846 1185 2991 1247 pre-

1782 1255 1967 1318 dium
1994 1255 2287 1338 episcopi
2309 1255 2716 1318 vocabatur:
2752 1261 2991 1336 postea

1784 1343 2044 1406 mansio
2091 1340 2436 1408 everildis:
2504 1340 2779 1424 anglice
2832 1361 2993 1404 vero

1783 1429 2343 1494 everildesharm.⁴
2454 1429 2677 1492 Tante
2742 1431 2991 1492 sancti·

1782 1519 1943 1600 tatis
1974 1518 2138 1582 fuit:
2183 1527 2257 1582 ut
2286 1516 2504 1581 solum
2549 1517 2786 1580 divine
2830 1536 2995 1580 con-

1780 1605 2202 1689 templationi
2234 1614 2517 1670 vacaret.
2581 1605 2761 1670 Cum
2790 1605 2997 1686 igitur

1783 1694 1893 1758 dei
1939 1695 2155 1776 gratia
2196 1693 2561 1774 adjuvante
2608 1694 2827 1774 ipsius
2882 1713 2995 1755 ex-

1784 1782 2010 1864 emplo
2063 1790 2133 1845 et
2182 1781 2485 1845 doctrina
2544 1782 2804 1843 multas
2868 1783 2993 1843 vir·

1782 1871 2037 1952 ginales
2082 1869 2341 1933 animas
2372 1871 2501 1932 deo
2537 1869 2991 1932 reddidisset:
3057 1879 3060 1956 ξ

1784 1977 1943 2022 nam
1992 1957 2078 2020 ad
2140 1978 2291 2022 eam
2350 1956 2711 2021 veniebant
2778 1957 2991 2019 multe
3057 1959 3060 1978 ¹

1784 2045 2067 2109 divitum
2120 2045 2298 2109 filie:
2360 2053 2431 2108 et
2477 2064 2745 2108 sacrum
2810 2043 2994 2106 vela-

1788 2153 1940 2196 men
1988 2141 2421 2216 acceperunt:
2468 2133 2564 2195 ita
2610 2141 2684 2194 ut
2718 2132 2793 2194 in
2832 2151 2992 2194 con-
3055 2115 3060 2230 ᾗ

1782 2230 1988 2285 ventu
2020 2241 2141 2284 suo
2187 2219 2551 2302 aliquando
2596 2219 2991 2301 octaginta⁸
3057 2235 3060 2304 ς

1786 2307 2105 2373 haberet:
2150 2308 2789 2390 aliquandoplureS.
2848 2308 2993 2370 Vo-
3057 2311 3060 2368 ἰ

1783 2397 1959 2459 cavit
1979 2417 2127 2460 eam
2153 2397 2463 2459 dominus
2486 2397 2682 2477 Jesus
2699 2397 2989 2458 tandem
3055 2373 3060 2468 1,

1784 2485 2031 2549 dicens.
2120 2485 2295 2548 Veni
2346 2484 2592 2547 dilecta
2639 2503 2835 2546 mea:
2885 2503 2995 2547 ac·
3058 2497 3060 2546 3

1786 2573 1932 2654 cipe
1992 2592 2305 2636 coronam
2359 2572 2479 2635 tibi
2536 2580 2993 2653 preparatam.
3055 2567 3060 2666 j

1789 2659 1883 2724 Et
1910 2669 2215 2743 correpta
2244 2660 2427 2723 brevi
2458 2659 2785 2722 febricula
2816 2660 2999 2723 inter

1790 2767 2029 2810 manus
2089 2749 2419 2830 virginum
2481 2746 2780 2829 septimo
2848 2749 3004 2811 idus

1782 2835 1931 2919 julii
1979 2837 2288 2918 migravit
2320 2835 2406 2898 ad
2438 2836 2849 2900 dominum:
2898 2835 3005 2898 cui

1790 2931 1893 2987 est
1961 2923 2177 2987 honor
2234 2933 2303 2986 et
2362 2922 2575 3004 gloria
2636 2922 2704 2985 in
2774 2923 3007 2988 secula

1789 3011 2161 3074 seculorum
2215 3031 2431 3074 amen.
2552 3011 2616 3074 T
2606 3031 2711 3074 res
2770 3013 3009 3074 ultime
3055 3051 3060 3080 ς

1788 3099 2078 3162 lectiones
2121 3098 2203 3163 de
2240 3096 2624 3181 expositione
2666 3100 3011 3181 evangelii
3034 3087 3060 3170 l

1792 3187 2029 3252 Simile
2059 3196 2159 3251 est
2206 3207 2482 3268 regnum
2530 3187 2837 3251 celorum
2888 3189 3005 3251 de-
3057 3205 3060 3238 ¹

1792 3295 1937 3338 cem
1968 3275 2349 3357 virginibus.
2418 3275 2673 3341 omelia
2700 3285 2771 3338 et
2798 3287 3060 3339 cetera

1790 3363 1872 3426 de
1912 3363 2238 3426 communi
2281 3362 2481 3426 unius
2526 3364 2833 3444 virginis·
2878 3385 3005 3428 non
3055 3339 3060 3514 ξ

499 3449 745 3510 veritas
818 3446 980 3510 dicit
1067 3447 1378 3512 dominus
1468 3457 1696 3511 noster
1793 3451 2123 3530 martyris.

501 3533 697 3616 Jesus
715 3532 1031 3598 Christus
1073 3535 1407 3616 Quicquid
1428 3545 1693 3600 orantes

503 3621 769 3704 petitiS.
815 3622 1062 3685 credite
1093 3623 1309 3703 quod³
1338 3623 1692 3704 accipietis.
1779 3627 2109 3708 fratrum.

507 3710 614 3772 En
670 3709 861 3772 adest
922 3709 1102 3790 quod
1163 3711 1560 3791 petivimus:
1610 3732 1694 3774 en

504 3796 830 3861 habemus
875 3796 1055 3878 quod
1101 3799 1496 3880 optavimus,
1589 3799 1697 3862 De

503 3884 622 3950 tali
683 3893 1012 3949 conventu
1089 3885 1372 3950 letantes
1401 3905 1417 3950 z

1798 3543 1861 3616 (1
1914 3539 2305 3602 Sanctorum
2344 3547 2721 3620 martyrum
2766 3527 3060 3624 septem}

2746 3629 3060 3692 Gratia·

1796 3715 2159 3847 Presta
2170 3733 2535 3796 quesumus
2569 3717 3012 3799 omnipotens
3058 3763 3060 3766 Α

1950 3803 2159 3866 deus·
2143 3851 2157 3866 .
2204 3812 2279 3866 ut
2310 3805 2423 3885 qui
2458 3803 2798 3885 gloriosos
2842 3825 3015 3868 mar-

1494 3886 1695 3950 deum
1796 3898 1979 3973 tyres
2011 3900 2163 3954 tuos
2194 3891 2399 3954 fortes
2429 3891 2498 3953 in
2533 3912 2660 3955 sua
2688 3893 3015 3956 confessi-

505 3975 619 4058 qui
667 3975 793 4037 sibi
843 3993 1230 4056 prosperum
1282 3975 1525 4040 fecerat
1576 3977 1700 4042 iter
1799 3998 1930 4042 one
1960 3980 2434 4061 cognovimus:
2468 3981 2619 4061 pios
2638 3983 2830 4062 apud
2850 3991 2923 4044 te
2944 3981 3011 4043 in

504 4064 985 4128 laudaverunt:
1017 4062 1331 4127 dicentes,
1368 4064 1468 4126 Te
1494 4063 1698 4127 deum
1800 4076 2029 4130 nostra
2088 4067 2563 4132 intercessione
2621 4069 3015 4133 ‘sentiamus
3058 4079 3060 4136 ἐ

503 4149 902 4216 laudamus:
949 4159 1018 4214 te
1049 4151 1394 4216 dominum
1425 4152 1700 4217 confite-
1804 4155 2287 4219 Perdominum
2308 4164 2631 4221 nostrum.
2680 4157 2762 4220 L.
2760 4157 3013 4239 prim.
3057 4165 3060 4246 ξ

703 4313 720 4345 ¹
753 4313 1038 4363 mildreda.
1074 4313 1127 4364 S.
1156 4313 1354 4380 passim.

535 4408 546 4420 .
703 4379 726 4412 ¹
755 4393 788 4427 a
809 4379 992 4444 longe:
1027 4379 1104 4429 Ν.-

629 4473 636 4482 -
702 4445 725 4476 ⁸
755 4445 910 4509 quia.
945 4445 1009 4495 R.
1019 4444 1088 4496 N.
1097 4446 1152 4496 S.

1834 4319 1855 4350 ⁴
1886 4283 2290 4368 everidesharm
2326 4315 2393 4366 N.
2454 4317 2865 4370 mandabam:
2898 4318 2956 4370 s.
3057 4249 3060 4378 1

1836 4385 1859 4416 ⁸
1894 4383 2187 4448 octoginta:
2223 4383 2429 4434 R.N.S.
3057 4379 3060 4416 ¹

3057 4499 3060 4548 ι
