3117 4959
1557 254 1665 308 IN
1691 252 1965 309 FESTO
2028 243 2038 250 ⁰

1077 361 1235 419 438

529 466 764 532 beatus
809 487 990 550 papa
1033 466 1399 531 alexander
1428 465 1729 532 cathenis

529 556 884 619 tenebatur
929 556 1215 638 ligatus:
1263 565 1331 619 et
1374 554 1725 619 deoscula-

524 643 729 706 batur
758 642 1072 707 cathenas
1105 664 1273 707 suas
1363 642 1615 708 scilicet
1638 643 1727 706 ob

529 732 816 811 gratiam
897 729 1342 813 recuperande
1403 731 1726 794 sanitatis.

536 818 660 883 Cui
693 818 926 882 beatus
972 817 1338 883 alexander
1380 819 1518 884 ait:
1566 817 1727 882 Noli

533 905 670 968 filia
703 926 852 970 mea
881 906 1160 972 osculari
1205 906 1326 970 has
1371 905 1728 970 cathenas:

533 994 651 1057 sed
685 1013 888 1076 quere
915 994 1104 1059 boias
1141 993 1353 1058 sancti
1397 995 1568 1078 petri
1598 1015 1613 1058 ε
1658 1001 1731 1057 et

535 1081 832 1145 osculare
864 1080 1053 1146 illas.
1038 1102 1053 1117 ·
1084 1090 1153 1146 et
1175 1083 1529 1146 sanaberis,
1576 1081 1728 1164 Que

532 1189 701 1246 mox
747 1171 832 1233 ad
880 1179 1136 1252 patrem
1182 1191 1376 1234 suum
1416 1170 1732 1234 veniens:

537 1257 825 1320 narravit
857 1259 916 1320 ei
962 1259 1133 1322 sicut
1177 1259 1476 1323 audierat
1508 1278 1549 1321 a
1580 1277 1729 1340 pre·

535 1345 676 1407 sato
707 1365 897 1427 papa.
1383 1345 1601 1409 Lectio
1628 1345 1731 1427 iij.

674 1435 807 1496 uod
873 1431 1148 1498 audiens
1207 1441 1399 1516 pater
1456 1431 1731 1516 puello:

673 1521 853 1584 misit
903 1523 1179 1585 nuncios
1233 1523 1346 1604 qui
1395 1519 1730 1605 perquire-

536 1616 683 1671 rent
715 1627 1041 1673 carcerem
1073 1610 1185 1673 ubi
1219 1608 1431 1673 suerat
1462 1617 1730 1690 aposto-

537 1693 641 1758 lus
675 1717 692 1760 :
767 1697 1054 1779 indeque
1122 1717 1345 1761 secum
1419 1697 1729 1760 afferrent

535 1782 723 1846 boias
753 1785 965 1849 sancti
997 1785 1182 1868 petri.
1273 1783 1476 1868 Quod
1522 1793 1591 1848 et
1636 1785 1731 1848 ita

534 1869 785 1935 sactum
848 1881 966 1937 est.
1089 1872 1276 1955 Quas
1336 1871 1729 1936 deosculans

535 1959 802 2041 puella:
853 1959 1028 2023 illico
1073 1960 1324 2042 recepit
1352 1962 1727 2025 sanitatem.

531 2045 726 2110 Tunc
785 2048 1082 2129 quirinus
1141 2048 1583 2112 alexandrum
1642 2047 1729 2112 de

533 2153 794 2197 carcere
845 2135 1157 2200 trahens:
1226 2137 1369 2218 ipse
1427 2155 1580 2200 curn
1635 2135 1730 2200 sa-

535 2221 719 2285 milia
745 2229 814 2286 et
841 2222 987 2286 aliis
1016 2223 1518 2306 quampluribus
1564 2223 1727 2307 bap-

533 2307 772 2373 tisatus
820 2319 938 2376 est.
1031 2311 1288 2376 Exiens
1335 2332 1492 2376 vero
1539 2310 1729 2376 alex-

532 2397 741 2460 ander
825 2397 912 2462 de
1000 2418 1259 2464 carcere
1293 2418 1310 2463 t
1384 2399 1727 2464 constituit

529 2484 864 2550 celebrare
893 2485 1065 2550 hanc
1109 2487 1576 2551 solennitatem
1608 2487 1727 2551 ka-

527 2571 745 2636 lendis
786 2575 1092 2655 augusti:
1138 2575 1204 2638 in
1252 2575 1501 2639 honore
1545 2574 1725 2639 beati

529 2661 740 2743 petri:
787 2671 855 2725 et
886 2664 952 2726 in
983 2661 1126 2744 ejus
1163 2663 1430 2727 nomine
1461 2661 1727 2727 edifica·-

529 2749 625 2813 vit
685 2750 1072 2816 ecclesiam:
1147 2771 1277 2833 que
1337 2751 1580 2815 dicitur
1638 2749 1723 2814 ad

529 2837 824 2901 vincula:
851 2839 934 2902 ad
955 2837 1222 2902 laudem
1242 2839 1495 2902 domini
1516 2839 1724 2901 nostri

527 2924 688 3006 Jesu
721 2925 966 2990 Christi
992 2947 1006 2990 :
1053 2928 1166 3009 qui
1194 2927 1359 2990 vivit
1389 2935 1457 2991 et
1487 2935 1723 3009 regnat

529 3014 596 3075 in
629 3015 851 3078 secula
882 3014 1251 3079 seculorum
1283 3035 1498 3078 amen.
1583 3014 1721 3078 Lec.

523 3104 595 3178 ΙΙ
645 3103 875 3166 Sermo
904 3102 1074 3166 beati
1101 3101 1338 3166 Leonis
1350 3112 1531 3186 pape.
1572 3101 1722 3186 [iiij.

524 3190 1022 3320 Evangelica
1041 3191 1368 3273 siquidem
1391 3199 1721 3254 reserante

676 3277 1014 3358 hystoria:
1090 3298 1325 3342 omnes
1383 3277 1721 3361 apostolos

525 3365 838 3428 dominus
912 3366 1075 3448 quid
1133 3367 1220 3430 de
1281 3387 1353 3430 se
1417 3365 1721 3430 homines

526 3452 882 3532 opinentur
911 3453 1286 3536 interrogat.
1362 3453 1463 3517 At
1485 3455 1722 3518 beatus

525 3547 754 3620 petrus
783 3540 973 3621 quasi
1023 3541 1183 3622 quid
1230 3540 1474 3605 habeat
1527 3542 1721 3605 disci-

526 3626 833 3708 pulorum
859 3647 1088 3690 sensus
1107 3629 1314 3692 sciat:
1346 3629 1719 3710 respondet.

524 3715 630 3777 Tu
695 3734 766 3777 es
826 3715 1126 3779 Christus
1180 3716 1352 3779 filius
1411 3716 1518 3780 dei
1572 3718 1721 3782 vivi.

529 3802 654 3866 Ille
700 3803 950 3885 primus
981 3813 1082 3866 est
1131 3804 1196 3866 in
1243 3805 1526 3868 domini¹
1557 3823 1721 3869 con-

525 3891 848 3956 sessione:
895 3893 1007 3974 qui
1041 3893 1290 3974 primus
1311 3903 1411 3956 est
1434 3893 1500 3956 in
1528 3913 1720 3974 apos-

523 3980 726 4045 tolica
777 3980 1118 4064 dignitate.
1233 3981 1607 4064 Respondit
1659 3983 1719 4044 ei

524 4069 756 4150 Jesus:
799 4069 1048 4133 Beatus
1065 4091 1136 4133 es
1160 4070 1374 4133 simon
1401 4069 1719 4150 barjona:

525 4158 682 4238 quia
727 4177 879 4221 caro
925 4169 992 4220 et
1037 4160 1308 4240 sanguis
1353 4179 1486 4222 non
1538 4179 1720 4222 reve-

526 4243 683 4308 lavit
733 4246 898 4310 tibi:
953 4247 1068 4310 sed
1125 4257 1314 4329 pater
1367 4267 1554 4311 meus
1603 4247 1718 4330 qui

691 4408 704 4438 Ι
745 4407 994 4458 ‘domini'
1017 4425 1118 4459 om.
1145 4428 1156 4459 ε
1195 4411 1248 4460 S.

1640 4413 1659 4442 ²
1692 4419 1842 4462 sunt:
1877 4411 1933 4460 S.

2336 360 2493 417 434

1828 474 1930 529 est
1960 465 2029 528 in
2078 463 2253 529 celis.
2348 465 2426 528 Id
2478 472 2581 528 est
2625 462 2836 528 beatus
2874 483 2951 528 es:

1828 553 1985 635 quia
2016 561 2085 616 te
2115 563 2308 636 pater
2352 571 2541 615 meus
2588 552 2835 616 docuit:
2871 573 2954 616 nec

1826 651 2089 705 terrena
2147 642 2377 724 opinio
2436 639 2707 704 fefellit:
2748 640 2849 704 sed
2888 641 2957 702 in-

1826 731 2102 811 spiratio
2131 728 2395 792 celestis
2419 729 2747 792 instruxit.
2790 737 2957 790 etnon

1824 837 2019 882 caro:
2066 837 2199 881 non
2255 817 2567 900 sanguis:
2614 817 2727 879 sed
2770 814 2863 878 ille
2887 835 2959 878 me
3028 871 3030 878 .

1824 906 1947 969 tibi
1994 904 2183 989 cujus
2230 925 2379 969 sum
2428 904 2800 987 unigenitus
2840 904 2963 966 indi—

1826 993 2019 1058 cavit.
2726 991 2905 1054 Lectio
2924 1011 2965 1052 v.

1826 1081 2008 1212 Et
2038 1099 2168 1162 ego
2198 1079 2413 1162 inquit
2456 1078 2651 1144 dico:
2699 1078 2967 1142 Hocest:

1979 1169 2150 1233 sicut
2179 1167 2301 1232 tibi
2348 1175 2541 1249 pater
2584 1185 2771 1230 meus
2810 1167 2971 1228 mani·

1828 1255 2097 1320 festavit
2147 1255 2567 1320 divinitatem
2626 1273 2869 1318 meam:
2904 1255 2969 1316 ita

1828 1364 1955 1425 ego
1976 1353 2207 1408 notam
2225 1344 2347 1408 tibi
2367 1343 2542 1407 facio
2559 1341 2967 1407 excellentiam

1828 1439 2033 1496 tuam.
2125 1430 2303 1514 Quia
2360 1439 2435 1496 tu
2484 1453 2557 1495 es
2610 1440 2863 1514 petrus:
2912 1430 2967 1492 Id
3027 1465 3030 1468 -

1828 1529 1933 1584 est
2006 1540 2158 1583 cum
2234 1539 2363 1602 ego
2436 1521 2563 1583 sim
2634 1517 2968 1582 inviolabilis

1828 1615 2058 1690 petra:
2108 1627 2235 1690 ego
2266 1607 2435 1690 lapis
2481 1607 2851 1690 angularis:
2887 1607 2969 1686 qui

1827 1695 2003 1759 facio
2046 1704 2327 1778 utraque
2380 1715 2633 1760 unum:
2680 1705 2883 1758 tamen
2918 1703 2969 1754 tu

1827 1803 2097 1867 quoque
2126 1791 2316 1866 petra
2338 1803 2411 1847 es
2434 1783 2593 1866 quia
2614 1803 2765 1846 mea
2782 1781 2971 1844 virtute

1826 1870 2169 1936 solidaris:
2214 1881 2291 1936 ut
2320 1891 2451 1954 que
2498 1871 2667 1934 mihi
2710 1878 2854 1934 sunt
2889 1888 2970 1950 po-

1826 1968 2071 2023 testate
2094 1958 2359 2044 propria
2382 1979 2397 2024 :
2430 1959 2601 2022 sint²
2623 1958 2746 2022 tibi
2764 1975 2969 2020 mecum

1826 2049 2336 2130 participatione
2392 2046 2793 2111 communia.
2886 2044 2971 2107 Re.

1828 2133 2041 2217 Surge
2094 2145 2282 2218 petre
2330 2144 2399 2198 et
2448 2135 2657 2198 indue
2710 2141 2777 2200 te
2821 2133 2972 2196 vesti-

1822 2225 2067 2286 mentis
2096 2222 2264 2287 tuis:
2308 2222 2535 2305 accipe
2564 2221 2972 2286 fortitudinem

1823 2311 1911 2374 ad
1943 2311 2296 2374 salvandas
2326 2318 2579 2393 gentes.
2654 2306 2824 2392 Quia
2848 2307 2972 2371 ceci·

1822 2399 2064 2463 derunt
2106 2398 2388 2463 cathene
2418 2399 2505 2462 de
2536 2396 2839 2461 manibus
2862 2393 2973 2459 tuis

1822 2503 1873 2635 Γ
1938 2486 2244 2569 Angelus
2302 2485 2557 2550 domini
2620 2486 2871 2549 astitit:
2926 2491 2974 2544 et

1849 2593 2048 2637 umen
2082 2574 2385 2638 refulsit
2366 2593 2433 2636 in
2464 2572 2847 2637 habitaculo
2868 2589 2973 2634 car·

1820 2661 2030 2725 ceris:
2080 2681 2524 2744 percussoque
2584 2661 2795 2724 latere
2846 2657 2975 2740 petri

1822 2748 2143 2813 excitavit
2176 2768 2329 2813 eum
2363 2749 2589 2813 dicens
2623 2767 2820 2830 surge
2838 2745 2976 2808 velo-

1820 2838 2000 2901 citer.
2090 2836 2269 2920 Quia
2310 2837 2697 2902 ceciderunt
2728 2835 2978 2900 cathene.

1950 2945 2115 3008 uper
2154 2924 2325 2989 hanc
2371 2933 2635 3007 petram
2674 2923 2896 3008 [Lectio
2918 2919 2978 3003 η’.

1949 3013 2275 3077 edificabo
2342 3013 2698 3078 ecclesiam
2758 3029 2979 3075 meam:

1818 3109 1887 3164 et
1918 3111 2110 3183 porte
2157 3100 2345 3165 inferi
2395 3121 2530 3165 non
2582 3100 2979 3183 prevalebunt

1820 3190 2135 3253 adversus
2183 3209 2349 3254 eam.
2443 3189 2669 3272 Super
2714 3189 2881 3252 hanc
2913 3187 2983 3248 in·

1820 3279 1965 3358 quit
2026 3277 2480 3343 fortitudinem
2535 3287 2843 3340 eternum
2896 3295 2981 3338 ex-

1819 3373 2036 3428 truam
2070 3366 2432 3448 templum:
2477 3373 2549 3428 et
2571 3366 2852 3428 ecclesie
2872 3381 2984 3426 mee

1822 3453 1966 3517 zelo
2054 3454 2401 3516 inserenda
2480 3453 2861 3516 sublimitas
2934 3451 2979 3511 in

1818 3541 2015 3623 hujus
2060 3541 2213 3606 fidei
2263 3541 2577 3605 firmitate
2624 3536 2983 3622 consurget-²

1824 3629 2021 3693 Hanc
2052 3629 2534 3694 confessionem
2588 3639 2791 3711 porte
2836 3625 2980 3691 insen·

1820 3738 1954 3781 non
2014 3719 2381 3782 tenebunt:
2458 3720 2703 3781 mortis
2764 3715 2982 3782 vincula

1820 3826 1953 3868 non
2008 3805 2325 3888 ligabunt.
2414 3806 2576 3868 Vox
2626 3807 2812 3869 enim
2856 3805 2981 3866 ista:

1818 3915 1955 3957 vox
2004 3895 2138 3957 vite
2190 3904 2309 3958 est.
2402 3893 2497 3956 Et
2542 3894 2724 3957 sicut
2772 3891 2981 3958 conse-

1819 4003 2003 4045 sores
2047 4003 2201 4046 suos
2234 3983 2318 4046 ad
2352 3980 2625 4045 celestia
2676 3981 2980 4065 provehit:
3028 3999 3030 4036 ς

1819 4071 1913 4133 ita
1944 4080 2329 4152 peccatores
2357 4071 2443 4133 ad
2476 4070 2741 4133 inferna
2772 4071 2980 4133 demer-
3027 4045 3030 4158 1

1816 4159 1933 4241 git.
2028 4161 2303 4241 Propter
2332 4157 2513 4241 quod
2548 4160 2800 4223 dicitur
2827 4160 2980 4220 beato

1817 4257 2006 4329 petro
2080 4247 2235 4311 Tibi
2296 4247 2481 4310 dabo
2549 4247 2783 4311 claves
2836 4241 2976 4326 regni

2334 4413 2354 4441 ⁸
2386 4419 2653 4476 consurgat
2680 4431 2697 4462 z
2732 4413 2789 4463 S.
