3117 4959
889 259 951 314 S.
1001 257 1067 312 Κ
1062 258 1119 313 Α
1132 258 1187 312 Τ
1180 257 1305 312 ΗΕ
1306 255 1515 310 RINE
1574 255 1954 312 VIRGINIS.

699 365 833 420 719

168 471 566 554 promissas:
612 469 751 533 acsi
794 471 1007 533 lutum
1040 470 1218 552 quod
1249 489 1365 553 pe-

168 561 365 624 dibus
396 559 691 623 calcatur
720 558 979 638 abjicio.
1052 558 1265 621 Lectio
1294 557 1366 640 ij.

188 650 477 782 Tunc·
494 648 697 710 iratus
722 646 1144 709 dioclitianus
1166 647 1367 726 jussit

335 755 487 797 eum
564 734 873 798 decollari
908 756 923 798 :
997 753 1367 816 corpusque

168 823 315 904 ejus
346 823 411 884 in
443 822 647 886 fluvio
670 822 945 904 jactari:
986 821 1186 903 juxta
1216 831 1369 904 po‘s-

171 912 534 974 sessionem
594 911 663 973 in
724 930 859 992 qua
916 918 1051 972 tres
1109 929 1366 973 sorores

172 998 714 1062 christianissime
734 997 1195 1061 morabantur:
1212 1017 1371 1078 aga-

170 1107 259 1168 pe
280 1085 553 1149 chronia
574 1094 642 1148 et
663 1085 941 1168 hyrene:
959 1105 1113 1148 cum
1137 1094 1369 1148 sancto

166 1173 353 1256 goilo
382 1174 713 1256 episcop0.
782 1173 916 1256 Qui
948 1174 1149 1236 etiam
1182 1191 1369 1236 sanc-

164 1270 280 1325 tus
310 1263 527 1344 goilus
556 1262 767 1325 sancti
794 1262 1101 1342 martyris
1134 1279 1370 1342 corpus

170 1351 245 1412 in
276 1351 483 1413 dorno
513 1369 634 1412 sua
664 1348 1004 1430 sepelivit:
1034 1357 1103 1412 et
1122 1349 1371 1412 tricesi-

166 1457 287 1500 mo
317 1436 425 1500 die
456 1438 891 1518 susceptionis
922 1436 1064 1518 ejus
1114 1437 1204 1500 ad
1252 1435 1371 1499 do-

164 1526 429 1588 minum
461 1526 604 1607 ipse
634 1525 945 1607 perrexit.
1034 1524 1249 1587 Lectio
1272 1524 1369 1606 iij.

276 1615 457 1695 gitur
484 1622 713 1676 sancte
742 1613 1027 1694 virgines
1058 1631 1273 1694 agape
1304 1621 1373 1675 et

277 1700 551 1764 chronia
580 1701 647 1762 in
680 1701 901 1782 ignem
942 1708 1099 1764 sunt
1128 1701 1325 1762 misse
1356 1721 1371 1763 :

166 1798 241 1853 et
288 1789 453 1852 dum
508 1808 629 1852 nec
686 1789 1085 1852 vestimenta
1143 1807 1371 1852 earum

166 1878 525 1940 arderent:
570 1877 819 1940 intacte
878 1876 965 1939 ab
1025 1876 1179 1957 igne
1227 1895 1373 1938 ora-

166 1965 359 2027 tione
389 1965 565 2028 facta
583 1966 669 2028 ad
694 1963 1041 2027 dominum
1066 1983 1376 2046 perrexe-

168 2061 345 2116 runt.
439 2051 733 2134 Quidam
780 2071 939 2114 vero
986 2073 1075 2114 ex
1124 2050 1227 2114 his
1258 2050 1372 2132 qui

167 2160 327 2204 cum
389 2140 661 2202 sisinnio
736 2148 925 2202 erant
999 2139 1375 2202 extendens

165 2247 403 2291 arcum
451 2227 796 2309 sagittavit
843 2226 1202 2308 hyrenam:
1250 2227 1376 2290 sic-

166 2335 303 2397 que
352 2317 650 2378 oratione
698 2315 1134 2398 prolongata:
1180 2333 1373 2377 suum

168 2403 447 2468 Christo
479 2404 763 2467 reddidit
782 2403 1103 2485 spiritum.
1156 2402 1379 2468 Cetera

166 2491 251 2554 de
275 2491 611 2554 communi
636 2491 836 2554 unius
868 2491 1200 2570 martyris.

170 2584 239 2657 <s
290 2579 535 2642 Sancte
588 2579 924 2642 katherine
978 2578 1265 2660 virgim's
1320 2586 1384 2641 et

164 2667 506 2747 martyris.

166 2755 301 2818 Ad
324 2765 617 2836 vesperas
643 2753 989 2836 antiphone
1030 2764 1095 2817 et
1127 2753 1385 2835 psalmi

152 2843 459 2924 feriales.
512 2843 660 2924 Cap.
707 2843 841 2926 Qui
873 2842 1207 2925 gloriatur.
1260 2842 1376 2906 Re.

169 2932 388 3013 Virgo
420 2930 809 3012 flagellatur.
892 2931 1202 3009 Hymnus
1229 2931 1380 2994 Vir-

168 3020 351 3101 ginis
382 3019 616 3100 proles,
709 3036 758 3105 γ
805 3019 1068 3082 Diffusa
1098 3028 1215 3081 est.
1290 3018 1379 3080 In

166 3127 355 3170 evan.
386 3115 493 3172 an.
559 3105 823 3188 Inclyta
853 3115 1080 3170 sancte
1107 3106 1379 3186 virginis

168 3195 525 3258 katherine
554 3194 853 3258 solennia
882 3195 1198 3275 suscipiat
1244 3193 1379 3256 ala-

169 3285 375 3346 criter
432 3284 545 3364 pia
606 3291 820 3346 mater
877 3282 1153 3344 ecclesia
1193 3303 1208 3345 :
1256 3301 1381 3346 ave

168 3372 369 3453 virgo
417 3371 548 3433 deo
593 3371 841 3452 digna:
888 3389 1011 3432 ave
1053 3369 1263 3432 dulcis
1310 3378 1381 3433 et

170 3459 515 3540 benigna:
560 3459 788 3522 obtine
840 3457 1035 3520 nobis
1082 3458 1381 3538 gaudia:

172 3567 311 3629 que
390 3545 689 3628 possides
762 3565 915 3610 cum
975 3543 1201 3627 gloria.
1278 3553 1378 3626 pff.

174 3633 599 3715 Magnificat.
1135 3633 1379 3698 Oratio,

170 3725 455 3854 Deus
486 3721 599 3804 qui
631 3720 874 3784 dedisti
915 3721 1133 3802 legem
1166 3721 1381 3802 moysi

338 3813 406 3872 in
436 3809 821 3890 summitate
867 3809 1113 3872 montis
1142 3811 1385 3890 synai:

172 3909 243 3962 et
309 3899 383 3960 in
442 3899 681 3962 eodem
740 3897 890 3960 loco
942 3917 1060 3979 per
1112 3897 1385 3978 angelos

176 3997 335 4050 tuos
368 4005 605 4068 corpus
636 3986 831 4048 beate
870 3984 1214 4048 katherine
1260 3985 1387 4049 vir-

174 4075 361 4156 ginis
390 4083 459 4138 et
492 4073 799 4154 martyris
839 4083 953 4136 tue
1001 4072 1392 4136 mirabiliter

172 4162 566 4226 collocasti:
620 4161 835 4224 tribue
866 4181 1267 4242 quesumus:
1316 4170 1391 4225 ut

176 4252 329 4331 ejus
376 4249 627 4312 meritis
677 4258 744 4312 et
786 4247 1257 4312 intercessione
1301 4249 1391 4313 ad

180 4348 487 4400 montem
536 4337 647 4418 qui
698 4336 999 4402 Christus
1037 4347 1139 4400 est
1170 4337 1390 4400 valea-

180 4446 377 4490 amus
410 4426 765 4510 pervenire.
813 4424 948 4509 Qui
978 4433 1217 4489 tecum.
1274 4424 1399 4490 Ad

1979 364 2135 420 720

1462 478 1664 536 matu.
1754 470 1998 534 Invita.
2088 469 2430 534 Adoretur
2467 470 2669 553 virgi-

1468 577 1626 621 num
1679 579 1797 621 rex
1851 559 1918 621 in
1973 558 2344 622 seculorum
2392 560 2668 623 secula:

1465 645 1726 727 Virgini
1788 647 1902 728 qui
1965 647 2308 710 katherine
2385 649 2665 711 contulit

1466 734 1752 797 celestia.
1805 743 1908 815 pf.
1954 735 2214 797 Venite.
2276 752 2325 821 γ
2367 735 2664 816 Virginis

1466 822 1703 902 proles
1766 822 1851 884 In
1861 823 1922 904 j.
1957 832 2260 885 nocturno
2287 831 2395 886 αῆ.
2458 823 2672 904 Virgo

1468 919 1702 972 sancta
1730 909 2078 972 katherina
2107 910 2324 992 grecie
2354 930 2622 992 gemma
2651 931 2668 974 :

1468 997 1632 1060 urbe
1691 995 2179 1061 alexandrina:
2254 999 2419 1061 costi
2495 999 2668 1080 regis

1470 1094 1613 1148 erat
1641 1085 1796 1148 filia.
1867 1093 1970 1166 pe.
2021 1085 2313 1148 Domine
2357 1086 2668 1150 dominus

1468 1181 1710 1237 noster.
1783 1174 1920 1236 Αῆ.
1965 1172 2202 1254 Specie
2232 1175 2524 1255 corporis
2555 1175 2670 1238 de-

1466 1281 1626 1324 cora
1653 1261 1850 1324 nimis
1879 1261 2154 1324 enituit:
2199 1260 2315 1324 sed
2363 1260 2494 1324 fide
2525 1260 2671 1343 pul-

1468 1349 1688 1410 chrior
1745 1355 1996 1429 spons'o
2052 1369 2344 1430 superno
2401 1349 2668 1430 placuit.

1454 1444 1557 1517 pff.
1608 1435 1750 1501 Celi
1782 1445 2109 1500 enarrant.
2174 1437 2307 1500 Ar'i.
2355 1436 2673 1500 Traditur

1472 1543 1632 1606 ergo
1663 1544 1704 1587 a
1733 1534 1920 1605 patre
1943 1523 2326 1586 doctoribus
2343 1525 2672 1606 precipuis

1472 1611 1833 1675 imbuenda
1864 1610 2244 1674 liberalibus
2273 1612 2528 1675 studiis.
2569 1621 2668 1691 pff.

1474 1699 1751 1762 Domini
1813 1707 1915 1762 est
1974 1707 2168 1763 terra.
2287 1715 2337 1786 γ
2414 1699 2677 1762 Diffusa

1470 1797 1590 1850 est.
2381 1786 2594 1849 Lectio
2612 1787 2675 1868 j.

1472 1873 1970 2006 Maxentius
2061 1874 2423 1956 imperator
2497 1895 2676 1937 anno

1657 1963 1840 2044 regni
1917 1963 2018 2026 sui
2100 1963 2676 2044 tricesimoquinto

1470 2049 1666 2133 jussit
1696 2070 1930 2114 omnes
1961 2052 2146 2130 regni
2177 2051 2278 2114 sui
2307 2052 2554 2112 incolas
2586 2050 2672 2112 ad

1473 2139 1803 2221 templum
1838 2138 2112 2202 deorum
2135 2158 2406 2202 suorum
2432 2158 2674 2202 conve-

1477 2228 1661 2289 nire:
1708 2236 1776 2290 et
1827 2227 2101 2289 solenne
2144 2228 2236 2288 eis
2283 2225 2674 2290 sacrificium

1477 2314 1727 2379 offerre.
1822 2315 1902 2378 In
1935 2315 2098 2376 urbe
2145 2323 2368 2377 autern
2402 2313 2675 2376 alexan-

1477 2402 1816 2465 drinorum
1885 2412 2028 2465 erat
2087 2403 2377 2483 quedam
2454 2401 2677 2483 puella

1477 2510 1804 2553 annorum
1865 2490 2320 2571 duodeviginti
2376 2491 2676 2570 speciosa

1477 2587 1547 2642 et
1609 2578 1914 2660 religiosa
1972 2577 2206 2642 valde:
2275 2578 2448 2659 regis
2509 2577 2676 2640 costi

1478 2667 1678 2730 unica
1751 2665 1886 2729 filia
1965 2667 2236 2729 nomine
2309 2664 2676 2729 katherina.

1485 2755 1634 2817 Hec
1665 2754 1730 2816 in
1761 2753 2012 2835 palatio
2031 2755 2239 2835 patris
2259 2753 2359 2815 sui
2383 2753 2676 2814 residens

1478 2863 1570 2905 ex
1624 2841 1878 2922 templo
1927 2841 2254 2904 idolorum
2303 2859 2508 2902 sonus
2535 2841 2680 2902 ani-

1480 2930 1754 2992 malium
1817 2937 1886 2992 et
1945 2929 2291 2991 tibicinum
2352 2936 2420 2990 et
2467 2945 2682 3008 genus

1476 3037 1878 3099 organorum
1910 3015 2176 3078 auribus
2207 3016 2342 3078 suis
2366 3015 2682 3078 insonuit.

1479 3105 1634 3188 Que
1677 3123 1943 3168 causam
1990 3105 2327 3186 requirens
2377 3122 2560 3184 cum·
2588 3123 2677 3165 ex

1480 3193 1724 3257 nuncio
1785 3191 2166 3256 didicisset:
2215 3192 2300 3254 ad
2349 3191 2682 3272 templum

1479 3300 1691 3365 usque
1750 3280 2143 3361 properavit.
2233 3279 2348 3343 Re.
2415 3278 2678 3341 Nobilis

1478 3379 1548 3432 et
1624 3366 1900 3450 pulchra
1976 3367 2266 3448 prudens
2328 3366 2676 3430 katherina

1480 3455 1703 3539 puella
1757 3477 1772 3520 :
1865 3455 2138 3538 Flagrat
2211 3473 2446 3518 amore
2511 3454 2616 3517 dei
2664 3475 2681 3517 :

1480 3545 1730 3626 spernit
1777 3563 1952 3607 vana
1999 3542 2248 3626 gaudia
2294 3543 2549 3606 mundi
2633 3557 2683 3628 γ

1483 3633 1608 3700 Cui
1639 3653 1762 3696 rex
1790 3653 1987 3697 carne
2018 3641 2208 3714 pater
2231 3630 2482 3694 fuerat:
2514 3629 2684 3710 regi-

1484 3741 1702 3803 naque
1734 3730 1961 3784 mater.
2027 3721 2314 3801 Flagrat.
2367 3719 2578 3781 Lectio
2611 3716 2680 3797 ij.

1503 3811 1660 3945 U
1668 3809 1734 3872 b1
1767 3808 2096 3890 quosdam
2127 3807 2550 3888 deplorantes
2583 3805 2683 3866 in-

1667 3897 1930 3978 spexit:
1991 3897 2104 3978 qui
2166 3915 2236 3957 se
2289 3893 2683 3957 christianos

1486 4005 1633 4048 esse
1665 3983 2082 4048 fatebantur:
2127 3981 2246 4044 sed
2294 3992 2476 4044 metu
2511 3999 2683 4041 mor-

1488 4074 1578 4135 tis
1607 4071 1690 4134 ad
1726 4071 2070 4153 prophana
2100 4067 2418 4133 sacrificia
2449 4065 2686 4148 impel-

1488 4159 1808 4223 lebantur.
1902 4159 2113 4222 Beata
2191 4157 2382 4237 virgo
2455 4155 2685 4218 dolore

1490 4247 1705 4312 cordis
1765 4247 2100 4310 sauciata:
2149 4253 2382 4327 pectus
2441 4252 2510 4306 et
2565 4242 2688 4305 lin-

1490 4356 1694 4418 guam
1717 4334 1960 4398 Christi
1988 4333 2290 4396 muniens
2311 4330 2686 4413 signaculo:

1492 4425 1814 4488 audenter
1866 4423 1952 4486 ad
2013 4423 2480 4502 imperatorem
2541 4419 2636 4483 ait
2669 4439 2690 4480 ι
