3117 4959
908 248 970 303 S.
1022 247 1383 305 EVURTII
1422 248 1820 306 EPISCOPI.
1863 271 1870 278 ·

640 359 796 417 585

114 464 453 531 ecclesiam
476 465 695 530 'sancti
718 465 956 528 bertini
976 464 1305 546 ingressus

111 556 270 618 dum
345 554 579 616 fratres
652 555 738 616 ad
812 554 1305 636 percipiendam

117 642 536 706 resectionem
607 651 911 724 peterent
974 642 1306 706 refectori-

117 750 269 793 um:
317 730 571 793 furatus
618 738 720 793 est
766 750 927 793 vasa
974 739 1302 810 argentea.

117 821 379 950 Dum
413 818 523 880 ille
554 839 853 900 egressus
884 819 1060 900 cepit
1080 817 1187 900 [L.
1208 817 1306 899 iij.

266 926 540 987 querere
570 907 825 970 aditum
858 915 1085 988 porte:
1138 906 1308 968 vidit

118 996 281 1058 sicut
325 996 467 1076 ipse
512 1003 746 1076 postea
788 997 1117 1057 narravit:
1164 993 1307 1075 plu-

118 1083 313 1145 rimos
386 1082 511 1144 sibi
594 1084 898 1146 assistere
992 1082 1307 1144 inimicos,

122 1171 316 1235 Unde
364 1171 648 1251 contigit
696 1181 769 1234 ut
814 1179 1149 1234 revertens
1195 1189 1313 1251 per

120 1259 405 1321 medium
458 1259 931 1322 monasterium
986 1259 1111 1321 iter
1156 1258 1311 1320 arri-

116 1356 336 1428 peret:
368 1355 435 1408 et
456 1366 574 1427 per
605 1347 927 1429 parietum
962 1345 1311 1428 precipicia

118 1434 321 1497 saltus
370 1435 577 1498 daret.
671 1434 950 1515 Cunque
1003 1433 1311 1496 detentus

120 1522 629 1603 interrogaretur
659 1543 771 1586 cur
802 1523 895 1584 ita
935 1522 1312 1584 dementas-

122 1617 219 1672 set
244 1610 300 1674 ¹:
348 1611 579 1673 statim
626 1611 939 1691 exposuit
981 1611 1189 1672 totius
1221 1609 1312 1670 rei

120 1698 457 1762 veritatem
484 1708 593 1762 :et
618 1698 945 1762 redditum
972 1707 1073 1760 est
1104 1699 1162 1760 ei
1195 1717 1313 1758 ex-

122 1786 210 1848 ire
246 1785 543 1850 liberum.
644 1787 863 1851 Cetera
892 1785 968 1848 de
996 1783 1321 1848 communi

122 1875 313 1936 unius
332 1874 715 1955 confessoris
743 1895 867 1936 non
884 1873 1227 1955 pontificis.

124 1965 185 2038 <s
228 1961 310 2024 In
386 1963 625 2044 vigilia
698 1962 1075 2025 nativitatis
1146 1959 1321 2024 beate

120 2049 325 2112 marie
348 2050 651 2132 virginis.

122 2138 239 2200 Ad
275 2139 643 2201 matutinas
670 2138 811 2221 fiat
852 2136 1197 2201 servitium
1242 2137 1321 2199 de

120 2235 331 2288 sancto
352 2227 605 2290 evurtio
622 2247 767 2288 cum
798 2236 1116 2288 nocturno.
1168 2225 1247 2288 L.
1255 2225 1315 2305 j.

133 2315 477 2480 Quidam
506 2324 735 2378 sancte
754 2335 1026 2377 romane
1044 2313 1320 2376 ecclesie

253 2403 700 2466 subdiaconus
755 2404 1023 2466 nomine
1082 2401 1317 2464 ewriti-

125 2491 239 2551 us’
282 2490 614 2573 prefectus
646 2491 733 2553 ad
765 2490 1101 2554 civitatem
1134 2508 1317 2552 aure-

126 2575 482 2642 lianensem
518 2581 829 2660 pervenit.
926 2579 1005 2640 In
1038 2598 1170 2659 qua
1201 2598 1315 2639 au-

126 2673 257 2728 tem
310 2687 431 2749 pro
491 2667 958 2730 constituendo
1010 2666 1321 2747 epistopo

130 2756 461 2818 contentio
497 2764 733 2818 exorta
764 2755 1020 2818 fuerat:
1054 2762 1121 2816 et
1154 2773 1319 2835 pon-

86 2879 88 2882 <
129 2841 331 2906 tifices
391 2864 515 2926 pro
576 2843 891 2906 antistitis
948 2841 1269 2905 electione
1305 2861 1319 2904 :

130 2939 323 3011 atque
366 2931 588 2994 nuncii
637 2931 725 2996 ab
776 2931 1169 3012 imperatore
1203 2948 1322 3010 pro

130 3019 541 3099 reprimenda
611 3018 840 3102 populi
915 3018 1321 3083 dissensione

129 3104 350 3170 directi
411 3116 873 3170 convenerant.
984 3106 1322 3169 Predictus

128 3213 277 3256 vero
308 3195 753 3258 subdiaconus
783 3194 869 3258 ad
903 3192 1118 3256 locum
1139 3193 1319 3257 veni-

130 3299 280 3346 ens:
320 3284 523 3364 juxta
547 3282 785 3363 januas
816 3281 1091 3345 ecclesie
1121 3284 1322 3344 stetit.

144 3371 529 3502 Omnibus
560 3390 720 3451 ergo
750 3371 1095 3433 dominum
1127 3369 1227 3452 [L.
1255 3369 1324 3451 ij.

264 3459 805 3541 deprecantibus:
836 3477 989 3522 ecce
1014 3458 1325 3520 columba

136 3544 441 3610 instinctu
476 3545 585 3610 dei
630 3547 1017 3609 transmissa
1048 3545 1324 3608 volitare

135 3635 302 3714 cepit
355 3655 475 3717 per
520 3642 733 3698 totam
766 3633 1109 3697 ecclesiam
1146 3651 1327 3696 more

133 3739 479 3800 personam
565 3723 1041 3803 investigantis
1175 3720 1327 3803 Que

134 3811 471 3890 speculata
489 3810 758 3874 beatum
793 3809 1117 3873 evurtium
1150 3829 1164 3872 :
1198 3808 1323 3872 illi-

134 3915 210 3959 co
255 3918 451 3980 super
479 3906 681 3980 caput
711 3898 855 3981 ejus
886 3898 1077 3961 sedit.
1175 3897 1327 3960 Hoc

134 3985 389 4066 signum
410 3988 643 4050 videns
661 3985 946 4068 populus
970 4007 985 4049 ε
1018 3984 1327 4048 admirari

134 4074 341 4154 cepit:
388 4095 622 4138 omnes
670 4094 827 4136 vero
878 4073 1329 4137 clamaverunt

134 4161 459 4226 dicentes:
497 4162 632 4226 Iste
663 4171 765 4226 est
795 4182 994 4244 quem
1019 4161 1327 4225 dominus

235 4337 248 4365 ¹
283 4335 633 4386 deventasset:
670 4336 720 4386 S.

234 4403 253 4432 ²
285 4403 545 4453 evurcius:
586 4403 721 4452 R.N.
796 4401 1050 4452 evurtius:
1088 4400 1137 4450 S.

1923 361 2078 418 536

1405 463 1598 528 nobis
1631 473 2010 549 pastorem:
2057 475 2124 531 et
2169 467 2294 532 sibi
2341 473 2608 554 predes-

1400 554 1644 618 tinavit
1675 554 2076 636 pontificem.
2263 558 2480 623 Lectio
2511 560 2606 643 iij.

1540 642 1652 704 uid
1687 643 1944 706 multa?
1988 629 2325 708 Pei-ficitur
2354 647 2460 710 dei
2491 671 2606 712 vo-

1539 729 1774 793 luntas.
1870 732 2142 796 Peracta
2165 734 2366 815 igitur
2393 737 2606 799 sancti

1401 818 1519 880 viri
1536 820 2046 882 consecratione
2067 838 2082 883 :
2107 823 2283 904 cepit
2299 823 2610 887 dominus

1406 925 1523 987 per
1571 927 1723 969 eum
1774 908 1964 988 signa
2017 911 2274 990 operari
2329 911 2601 992 majora.

1409 993 1606 1058 Surdi
1636 1014 1796 1057 vero
1827 997 2232 1078 recipiebant
2263 999 2564 1062 auditum
2591 1021 2606 1064 ε

1406 1082 1541 1144 ceci
1611 1082 1824 1144 visum
1861 1104 1876 1146 :
1970 1085 2132 1147 muti
2210 1085 2542 1166 loquelam
2591 1109 2607 1152 :

1407 1169 1626 1232 claudi
1658 1189 1994 1251 gressum:
2043 1173 2386 1254 paralytici
2419 1195 2606 1238 cura-

1408 1257 1680 1320 tionem.
1733 1257 2036 1339 Cumque
2067 1269 2442 1325 extremum
2473 1264 2611 1326 vite

1412 1345 1779 1426 presentis³
1809 1356 2072 1428 tempus
2105 1348 2227 1411 sibi
2268 1349 2610 1415 imminere

1412 1432 1636 1494 verbi⁴
1682 1433 1788 1495 dei
1851 1444 2319 1515 cognosceret:
2367 1438 2609 1500 timens

1412 1539 1496 1583 ne
1529 1529 1681 1602 post
1711 1541 1902 1583 suum
1923 1522 2178 1585 obitum
2211 1525 2381 1587 sicut
2411 1535 2611 1588 antea

1412 1628 1531 1690 pro
1565 1617 1828 1689 pastore
1847 1610 2169 1673 dissensio
2190 1611 2402 1676 fieret:
2435 1613 2613 1683 facto

1412 1697 1689 1758 consilio
1743 1716 1892 1759 cum
1945 1698 2247 1761 universo
2308 1700 2482 1764 clero
2542 1711 2613 1765 et

1414 1783 1694 1866 populo:
1715 1804 2155 1848 successorem
2169 1787 2291 1849 sibi
2307 1799 2610 1852 sanctum

1404 1871 1616 1953 elegit
1659 1873 1990 1936 anianum.
2082 1874 2342 1957 Quibus
2383 1876 2614 1958 exple-

1414 1959 1501 2022 tis
1526 1981 1539 2022 :
1562 1979 1797 2041 corpus
1819 1970 1990 2024 terre
2009 1963 2298 2026 animam
2325 1965 2615 2028 reddidit

1418 2047 1579 2111 ce10.
1705 2048 1924 2113 Cetera
1981 2049 2080 2112 ad
2138 2052 2500 2114 matutinas
2555 2062 2617 2114 et

1416 2135 1612 2197 horas
1639 2135 1718 2197 de
1743 2138 2068 2200 communi
2094 2139 2291 2201 unius
2309 2139 2617 2220 consesso-

1420 2222 1518 2286 ris
1566 2233 1626 2286 et
1660 2225 1990 2307 pontificis
2031 2245 2174 2288 cum
2221 2227 2508 2292 oratione
2538 2229 2618 2291 de

1416 2331 1752 2374 commum.

1421 2403 1484 2477 εἷ
1529 2401 1615 2463 In
1645 2399 1992 2463 nativitate
2019 2401 2191 2464 beate
2238 2401 2446 2465 marie
2481 2403 2618 2466 vir-

1406 2506 1610 2570 ἕηκε.

1417 2574 1541 2638 Ad
1562 2585 1852 2655 vesperas
1879 2585 1984 2640 αῆ.
2077 2577 2270 2641 Felix
2313 2599 2619 2661 namque.

1406 2673 1504 2745 pff.
1556 2663 1750 2726 Dixit
1810 2663 2138 2729 dominuS.
2229 2667 2289 2727 Α
2303 2674 2362 2730 ἢ.
2410 2668 2620 2748 Virgo

1419 2752 1948 2834 prudentissima.
2039 2753 2138 2814 Et
2199 2763 2402 2816 cetera
2457 2756 2626 2817 sicut

1421 2841 1491 2902 in
1523 2839 1762 2921 vigilia
1789 2840 2262 2919 assumptionis.
2471 2840 2620 2923 Cap.

1431 2929 1554 3062 O
1624 2947 1826 3007 quam
1914 2927 2190 3008 pulchra
2263 2937 2366 2990 est
2438 2938 2623 2992 casta

1555 3015 1896 3096 generatio
1947 3035 2096 3078 cum
2146 3014 2446 3080 claritate
2500 3019 2624 3078 im-

1422 3103 1792 3166 mortalitas
1837 3102 2013 3165 enim
2061 3112 2164 3166 est
2206 3105 2270 3165 in
2303 3107 2624 3168 memoria

1423 3191 1635 3254 illius:
1683 3191 1996 3272 quoniam
2061 3199 2128 3253 et
2189 3191 2366 3272 apud
2421 3193 2622 3255 deum

1423 3287 1586 3342 nota
1631 3288 1732 3341 est
1779 3288 1846 3341 et
1886 3279 2065 3360 apud
2097 3278 2416 3343 homines,
2516 3281 2622 3345 Re.

1426 3368 1653 3432 Solem
1708 3365 1990 3447 justicie.
2079 3367 2388 3446 Hymnus
2474 3367 2627 3431 Ave

1426 3455 1626 3518 maris
1657 3454 1862 3516 stella.
1909 3471 1956 3538 y
2005 3454 2162 3518 Post
2194 3465 2474 3536 partum.
2541 3457 2630 3519 In

1422 3563 1645 3624 evang.
1675 3551 1781 3605 αῆ.
1852 3541 2153 3606 Gloriose
2184 3544 2453 3626 virginis
2486 3565 2626 3608 ma—

1428 3633 1517 3694 rie
1579 3640 1798 3693 ortum
1860 3631 2322 3711 dignissimum
2381 3632 2630 3696 recola-

1427 3739 1575 3781 mus
1599 3739 1613 3781 :
1637 3718 1824 3799 cujus
1843 3719 2152 3782 dominus
2177 3719 2628 3783 humilitatem

1427 3807 1778 3889 respiciens
1811 3805 2052 3888 angelo
2085 3807 2440 3870 nunciante
2472 3827 2636 3870 con-r

1425 3896 1604 3976 cepit
1657 3895 2145 3974 redemptorem
2195 3895 2440 3957 mundi.
2525 3903 2630 3975 pf.

1428 3982 1837 4063 Magnificat.
2381 3982 2628 4046 OratiO.

1424 4069 2076 4204 supplicationem
2127 4088 2463 4131 servorum
2525 4078 2630 4132 tu—

1559 4178 1749 4221 orum
1782 4158 1948 4220 deus
1979 4157 2324 4220 miserator
2341 4159 2588 4220 exaudi
2615 4179 2632 4222 :

1522 4332 1542 4360 ·
1586 4330 1712 4378 ‘vite
1737 4329 1750 4352 ’
1773 4327 1992 4377 secundo
2016 4327 2115 4376 add
2145 4346 2157 4376 :
2197 4328 2258 4376 R.

1527 4399 1544 4427 ⁴
1581 4412 1671 4460 pro
1700 4395 1899 4446 ‘verbi'
1923 4393 2034 4443 vir:
2071 4393 2213 4443 R.N.
2287 4394 2407 4444 ubi:
2447 4395 2496 4445 S.
