3117 4959
1111 248 1533 305 DOMINICA
1586 247 1846 303 INFRA
1905 247 2010 303 OC
2011 247 2067 301 T
2057 247 2114 302 A
2129 246 2286 306 VAS

974 353 1093 410 811

441 461 612 538 juxta
638 459 819 520 verba
844 459 1159 533 monentis,
1188 470 1251 520 et
1284 457 1646 520 invocabant

448 558 659 600 omnes
688 537 789 615 qui
816 540 1065 598 aderant
1093 538 1381 598 instanter
1406 551 1465 598 et
1494 557 1642 598 con-

414 613 670 678 'stanter
716 629 985 690 sanctum
1035 616 1153 678 Dei
1196 618 1540 692 Ricardum,
1585 627 1644 677 et

446 695 596 756 infra
630 695 897 772 spacium
944 696 1119 756 unius
1164 695 1392 755 miliarii
1435 695 1646 756 revixit

446 775 629 834 homo
669 777 935 835 clamans
974 787 1035 835 et
1072 793 1339 835 asserens
1368 794 1431 834 se
1456 773 1644 852 preci-

2271 354 2412 410 812

1741 459 2008 517 Thomas
2063 458 2229 517 Belle
2282 457 2642 534 permultum
2709 467 2927 534 tempus

1740 536 2067 596 infirmatus
2121 535 2421 611 decubuit,
2467 537 2546 596 de
2603 538 2774 612 cujus
2825 537 2931 596 vita

1741 635 1892 675 uxor
1943 618 2069 692 ejus
2124 626 2183 674 et
2234 635 2444 675 omnes
2497 614 2680 674 vicini
2733 615 2934 692 pariter

1743 694 2140 770 disperabant.
2227 695 2506 769 Quadam
2535 706 2738 754 autem
2767 705 2932 754 nocte

1742 773 1967 832 audivit
1979 792 2188 832 vocem
2207 773 2506 832 dicentem
2529 773 2670 833 sibi:
2690 773 2934 846 Thema,

450 853 565 912 bus
593 853 777 931 ipsius
806 873 1013 914 sanum
1042 864 1101 914 et
1129 854 1484 914 incolumem
1516 871 1650 914 esse
1737 854 1887 928 jube
1915 851 2039 911 fieri
2065 854 2376 911 candelam
2417 853 2496 912 de
2521 871 2660 911 cera
2687 853 2768 911 ad
2797 871 2935 928 pon—

446 931 682 990 factum.
770 934 1005 992 Dantur
1041 931 1215 1008 igitur
1252 934 1458 992 laudes
1508 934 1646 993 Deo

446 1009 549 1088 qui
576 1030 683 1087 pro
726 1011 945 1071 dilecto
986 1031 1095 1071 suo
1141 1011 1402 1071 Ricardo
1444 1013 1646 1088 hujus-

446 1089 614 1150 modi
641 1090 1003 1167 predicanda
1030 1091 1324 1167 magnalia
1351 1102 1642 1167 operatur.

552 1169 769 1228 uedam
803 1168 1016 1228 mulier
1054 1181 1268 1229 vocata
1298 1167 1505 1259 [Lectio
1530 1171 1642 1233 iiii.

548 1249 825 1324 Johanna
842 1258 1053 1307 vexata
1074 1249 1367 1308 demoniis
1389 1247 1648 1325 perdidit

442 1343 618 1386 usum
684 1327 922 1404 loquele
990 1338 1049 1388 et
1115 1326 1337 1388 viribus
1382 1326 1648 1403 corporis

444 1406 600 1464 adeo
628 1405 908 1465 destituta
936 1417 1027 1466 est
1053 1417 1113 1466 et
1141 1405 1455 1478 exinanita,
1476 1406 1644 1482 quod

443 1483 522 1543 ab
550 1483 827 1543 omnibus
856 1503 985 1544 eam
1010 1484 1346 1544 videntibus
1375 1487 1642 1544 credere-

444 1571 539 1621 tur
554 1580 678 1621 non
696 1581 871 1638 posse
890 1563 1078 1639 ipsam
1100 1573 1351 1623 mortem
1373 1565 1636 1624 evadere.

444 1639 589 1700 Una
616 1639 789 1718 igitur
814 1641 1045 1702 dierum
1084 1640 1355 1719 apparuit
1402 1641 1457 1702 ei
1498 1643 1640 1702 bea·

442 1717 667 1779 tissima
720 1719 887 1797 virgo
941 1731 1132 1782 mater
1177 1720 1296 1781 Dei
1342 1721 1534 1780 Maria
1575 1719 1640 1780 in

440 1797 705 1858 vestibus
733 1801 907 1859 valde
948 1799 1232 1875 speciosis
1260 1810 1319 1860 et
1346 1799 1639 1874 candidis„

438 1876 925 1954 appropinquans
952 1879 1031 1938 ad
1052 1879 1258 1956 ipsam,
1282 1889 1342 1938 et
1368 1877 1429 1936 in
1458 1897 1640 1938 manu

442 1973 549 2013 sua
588 1957 815 2016 ducens
856 1957 1099 2017 beatum
1142 1957 1485 2017 heremitam
1532 1956 1638 2016 Ri-

440 2035 705 2107 cardum,
736 2033 839 2111 qui
866 2035 1075 2096 videns
1102 2037 1390 2096 demones
1422 2055 1638 2096 vexan-

438 2122 529 2170 tes
566 2113 879 2173 crudeliter
918 2114 1225 2174 mulierem
1268 2114 1529 2174 medium
1575 2133 1638 2174 se

437 2191 638 2266 posuit
680 2191 833 2251 inter
877 2191 1067 2268 ipsam
1108 2203 1169 2252 et
1207 2191 1357 2266 illos,
1390 2205 1450 2252 et
1474 2193 1640 2253 abire

436 2267 649 2346 coegit.
735 2269 1063 2346 Posuitque
1090 2272 1301 2330 beatus
1344 2271 1638 2332 Ricardus

436 2349 681 2406 anulum
710 2347 771 2406 in
799 2347 986 2425 digito
1026 2349 1285 2409 mulieris
1313 2350 1377 2410 in
1402 2350 1636 2427 signum

438 2424 705 2485 miraculi
777 2437 837 2486 et
918 2427 1009 2487 sui
1077 2428 1346 2489 salutaris
1412 2429 1630 2488 auxilii.

440 2504 676 2579 Quibus
743 2505 995 2582 peractis
1076 2508 1285 2568 mulier
1351 2508 1638 2600 deinceps

438 2583 767 2644 demonum
818 2586 1205 2646 vexacionem
1258 2607 1381 2647 non
1434 2600 1635 2662 sensit,

438 2673 532 2722 set
559 2674 619 2722 et
646 2682 819 2724 usum
848 2663 1030 2725 libere
1072 2666 1354 2742 loquendi
1395 2667 1636 2743 recepit,

440 2752 501 2800 et
529 2743 607 2801 ab
633 2743 799 2802 omni
828 2763 935 2804 sua
962 2743 1297 2805 infirmitate
1319 2745 1632 2806 convaluit.

436 2819 693 2928 Simile
754 2822 945 2882 eciam
1013 2822 1263 2902 contigit
1341 2825 1528 2884 Lectio
1579 2845 1630 2885 v.

532 2899 770 2960 cuidam
798 2901 1029 2961 mulieri
1056 2901 1118 2960 in
1141 2903 1280 2962 villa
1344 2923 1377 2963 e
1398 2905 1637 2981 Wrang-

436 2975 623 3038 broke
670 2998 857 3055 prope
904 2982 1227 3058 Hampole,
1270 3001 1389 3058 que
1435 2984 1637 3043 subito

438 3054 542 3115 tali
570 3055 910 3118 infirmitate
951 3077 1228 3136 percussa
1255 3071 1345 3120 est
1372 3063 1535 3137 quod
1577 3072 1638 3122 et

438 3151 678 3220 sensum
727 3139 1001 3213 perderet
1047 3149 1108 3199 et
1154 3140 1470 3216 loquelam,
1521 3159 1637 3200 nec

436 3223 670 3288 poterat
697 3233 761 3275 se
788 3235 1045 3276 movere.
1118 3220 1283 3278 Dum
1313 3237 1453 3296 ergo
1473 3220 1633 3295 jace·

435 3301 525 3350 ret
566 3290 628 3350 in
684 3293 841 3354 lecto
894 3293 1040 3355 vidit
1094 3295 1156 3354 in
1212 3300 1389 3372 plena
1440 3297 1637 3375 vigilia

437 3381 709 3429 sanctum
762 3373 1107 3434 heremitam
1178 3375 1503 3435 Ricardum
1573 3377 1634 3436 in

437 3447 645 3508 habitu
672 3450 957 3512 heremite
984 3451 1177 3529 griseo
1202 3457 1283 3515 ad
1311 3474 1443 3515 eam
1471 3456 1634 3514 veni-

436 3536 634 3586 entem
666 3538 725 3586 et
752 3529 1151 3591 sciscitantem
1200 3535 1279 3593 de
1322 3545 1476 3594 statu
1524 3554 1634 3594 suo

434 3613 495 3664 et
524 3604 773 3681 qualiter
812 3626 1012 3667 secum
1058 3621 1227 3671 esset.
1313 3614 1450 3687 Que
1488 3631 1633 3674 con-

432 3683 628 3742 festim
656 3695 720 3743 ut
746 3704 958 3748 vocem
977 3691 1106 3764 ejus
1122 3691 1349 3751 audivit
1368 3691 1637 3752 restituta

432 3772 525 3820 est
590 3763 789 3823 sensui
853 3776 917 3825 et
982 3767 1230 3844 loquele.
1320 3770 1634 3831 Mandavit

429 3837 607 3917 igitur
631 3842 773 3902 huic
813 3843 1045 3906 mulieri
1084 3847 1297 3908 beatus
1338 3849 1633 3910 Ricardus

429 3923 595 3996 quod
623 3919 684 3980 in
711 3924 973 3984 crastino
1000 3936 1355 3986 convocaret
1382 3927 1629 4001 vicinOS,

427 3998 530 4075 qui
560 4019 697 4058 cum
726 4021 797 4061 ea
823 4003 1095 4064 venirent
1134 4017 1279 4081 aput
1324 4008 1632 4083 Hampole

428 4088 490 4136 et
520 4079 925 4140 testimonium
968 4083 1345 4159 perhiberent
1372 4097 1493 4145 tam
1526 4105 1630 4146 sue

424 4154 671 4247 pristine
688 4157 1043 4222 infirmitatis
1059 4181 1242 4239 quarn
1266 4163 1376 4224 sibi
1397 4164 1630 4226 reddite

424 4236 705 4296 sanitatis.
1332 4243 1521 4302 lectio
1544 4247 1622 4321 vj.

424 4315 541 4418 Α
554 4328 662 4405 put
694 4317 1031 4379 Morehows
1060 4319 1250 4381 eciam
1282 4323 1622 4383 Eboracen-

1743 933 1859 991 dus
1885 930 2138 990 dimidie
2163 931 2323 1000 libre,
2357 948 2536 1005 quam
2555 930 2736 990 statui
2767 931 2938 990 facias

1741 1029 1942 1069 coram
2009 1009 2284 1086 ymagine
2337 1010 2510 1068 beate
2575 1009 2821 1086 virginis
2883 1010 2940 1068 in

1744 1089 1929 1149 choro
1975 1089 2226 1148 ecclesie
2273 1088 2830 1148 sanctimonialium
2869 1091 2940 1148 de

1747 1168 2069 1243 Hampole,
2111 1166 2214 1225 ubi
2253 1179 2493 1226 sanctus
2523 1168 2814 1226 heremita
2841 1167 2936 1226 Ri-

1743 1248 1958 1304 cardus
1985 1247 2300 1305 translatus
2323 1247 2559 1321 jacebit.
2647 1248 2731 1304 Et
2761 1247 2811 1304 si
2836 1249 2940 1306 hec

1743 1324 1966 1398 feceriS,
1999 1323 2150 1383 scias
2178 1336 2237 1384 te
2269 1338 2644 1401 recepturum
2689 1326 2778 1384 tui
2819 1345 2938 1384 cor-

1743 1405 1904 1479 poris
1932 1403 2260 1463 sanitatem.
2317 1404 2586 1464 Thomas
2613 1415 2819 1463 autem
2837 1406 2940 1462 hec

1741 1482 1945 1541 omnia
1973 1501 2078 1541 sue
2105 1482 2272 1540 uxori
2313 1502 2422 1558 per
2460 1483 2736 1542 ordinem
2781 1503 2940 1542 enar·

1739 1561 1910 1620 ravit.
1995 1561 2230 1620 Paravit
2269 1561 2369 1619 illa
2423 1562 2742 1621 candelam
2793 1563 2941 1621 defe-

1738 1641 1988 1699 rendam
2053 1651 2200 1716 aput
2289 1642 2594 1716 Hampole
2675 1653 2942 1717 tempore

1739 1729 2054 1794 oportuno.
2141 1721 2288 1778 Post
2329 1720 2444 1778 hec
2489 1738 2640 1778 uxor
2669 1721 2940 1795 ejusdem

1737 1798 1976 1857 Thome
2023 1815 2163 1856 cum
2217 1797 2448 1856 famulis
2497 1800 2722 1858 domus
2767 1797 2942 1858 adivit

1737 1875 2068 1948 ecclesiam,
2109 1877 2278 1936 nullo
2323 1875 2611 1936 derelicto
2653 1875 2720 1936 in
2763 1879 2944 1938 domo

1737 1965 1936 2030 preter
1974 1955 2304 2032 predictum
2352 1957 2409 2012 T
2410 1957 2654 2015 homam
2705 1958 2944 2016 decum-

1737 2034 1980 2093 bentem
2003 2033 2066 2092 in
2086 2035 2244 2093 lecto
2261 2033 2364 2110 qui
2385 2033 2472 2093 sic
2499 2037 2664 2094 solus
2685 2035 2943 2094 existens

1737 2111 1888 2171 vidit
1915 2123 2190 2172 sanctum
2219 2113 2571 2172 heremitam
2613 2114 2942 2174 Rioerdum

1737 2191 1989 2250 domum
2017 2190 2333 2250 intrantem
2362 2202 2424 2251 et
2449 2193 2528 2252 ad
2557 2212 2700 2253 eum
2735 2211 2942 2270 appro-

1734 2269 2017 2346 piantem,
2085 2280 2146 2330 et
2211 2269 2406 2346 ipsum
2473 2272 2554 2331 de
2609 2283 2775 2331 statu
2841 2291 2944 2331 suo

1735 2347 2208 2425 interrogantem.
2296 2348 2417 2423 Qui
2443 2349 2765 2426 respondit
2783 2351 2944 2428 quod

1737 2425 1800 2486 in
1827 2427 2108 2508 omnibus
2137 2430 2293 2487 bene
2311 2427 2394 2486 illi
2416 2440 2541 2488 erat
2561 2441 2944 2506 preterquam

1737 2505 1800 2565 in
1831 2508 2029 2579 dorse,
2059 2506 2122 2566 in
2155 2525 2278 2583 quo
2305 2525 2513 2584 graves
2539 2509 2733 2568 sensit
2763 2528 2942 2585 punc-

1735 2585 1931 2645 tiones
2000 2598 2059 2646 et
2125 2585 2492 2646 afflictiones
2581 2589 2730 2664 Quo
2785 2587 2944 2647 dicto

1736 2675 1977 2724 sanctus
2006 2663 2300 2724 Ricardus
2317 2665 2516 2724 statim
2539 2685 2606 2725 se
2621 2665 2947 2743 applicavit

1705 2743 1816 2802 ·ad
1870 2744 2120 2824 dorsum
2170 2743 2354 2819 ipsius
2403 2745 2845 2818 decumbentis
2887 2755 2947 2804 et

1735 2822 2030 2883 continuo
2075 2822 2272 2882 omnis
2316 2824 2491 2882 dolor
2527 2824 2848 2896 abscessit,
2891 2835 2950 2884 et

1735 2899 1866 2976 ipse
1911 2900 2216 2961 restitutus
2266 2913 2356 2961 est
2400 2901 2632 2979 integre
2687 2903 2943 2963 sanitati.

1735 2981 1852 3085 Α
1869 2999 1994 3040 nno
2047 2980 2236 3039 eciam
2296 2980 2544 3041 Domini
2585 2979 2808 3062 [Latio
2843 2985 2945 3058 τη).

1866 3058 2181 3118 millesimo
2202 3064 2338 3118 ccc⁰
2355 3061 2737 3137 octogesimo
2755 3061 2946 3133 tertie,

1733 3135 1797 3196 in
1825 3139 1976 3197 festo
2003 3137 2457 3214 Assumpcionis
2499 3139 2748 3216 virginis
2775 3140 2946 3218 glori·

1735 3235 1859 3290 ose,
1911 3219 2168 3292 quedam
2215 3217 2430 3276 mulier
2471 3219 2554 3277 de
2603 3219 2950 3295 Leycestria

1734 3296 2014 3355 Ysabella
2065 3295 2311 3355 nomine
2377 3296 2567 3356 filium
2637 3300 2945 3375 quendam

1735 3373 1942 3434 habuit
1985 3374 2160 3434 etatis
2199 3385 2452 3452 quatuor
2494 3395 2816 3452 annorum,
2849 3376 2950 3454 qui

1735 3454 1880 3513 dum
1906 3454 1989 3512 ad
2013 3454 2349 3513 ludendum
2374 3467 2650 3531 pergeret
2695 3457 2950 3533 contigit

1733 3531 1929 3609 ipsum
1969 3531 2322 3610 appropiare
2351 3534 2430 3592 ad
2457 3537 2772 3610 quendam
2817 3537 2946 3595 son-

1734 3612 1912 3671 talem
1939 3623 2204 3688 puteum,
2235 3631 2416 3688 quem
2445 3614 2592 3672 dum
2621 3613 2950 3690 inspiceret

1731 3691 2004 3766 apparuit
2029 3691 2194 3767 quod
2223 3689 2286 3750 in
2315 3690 2418 3750 illo
2446 3691 2681 3752 videret
2708 3695 2948 3754 statoem

1731 3785 1926 3844 suum,
1957 3788 2134 3845 quem
2173 3771 2436 3846 quadam
2477 3771 2740 3831 naturali
2779 3792 2950 3833 com·

1733 3847 2011 3924 passione
2051 3859 2390 3908 commotus
2431 3851 2728 3925 querebat
2755 3863 2950 3911 extra·

1732 3927 1888 3986 here.
1973 3928 2254 4003 Cumque
2291 3927 2374 3987 ad
2421 3929 2544 3988 hoc
2569 3928 2869 3990 niteretur
2895 3940 2952 3991 et

1731 4023 1796 4064 se
1836 4005 2144 4066 inclinaret
2190 4007 2271 4065 ad
2317 4008 2563 4080 fontem,
2609 4027 2722 4086 pes
2762 4007 2951 4086 ipsius

1731 4087 1932 4162 lapsus
1961 4095 2050 4144 est
2078 4096 2138 4144 et
2167 4083 2294 4162 ipse
2335 4083 2398 4144 in
2439 4087 2676 4147 fontem
2705 4087 2948 4158 corruit,

1729 4161 1790 4221 in
1841 4183 1962 4241 quo
2001 4165 2239 4240 jacebat
2281 4165 2360 4223 ab
2402 4165 2554 4224 hora
2597 4167 2952 4228 merediana

1730 4242 1887 4302 illius
1935 4243 2055 4303 diei
2106 4262 2292 4320 usque
2341 4245 2424 4303 ad
2465 4246 2680 4305 horam
2711 4246 2948 4306 tertiam

1727 4321 1848 4381 diei
1916 4321 2260 4384 immediate
2325 4323 2653 4399 sequentis.
2765 4327 2945 4385 Tunc

552 4409 631 4450 sis
718 4395 976 4456 diocesis
1059 4399 1305 4476 quidam
1372 4413 1620 4462 vocatus
1721 4411 1924 4460 autem
1966 4413 2259 4462 extractus
2327 4401 2558 4478 positus
2613 4415 2706 4465 est
2763 4423 2942 4482 super
