3117 4959
1005 236 1152 292 UNI
1160 236 1262 291 US
1314 236 1364 291 C
1364 237 1591 293 ONFE
1590 238 1685 293 SS
1691 239 1889 294 ORIS.

719 344 822 397 45

181 447 486 513 dandum
533 448 933 529 complacita
976 448 1390 533 benignitate

182 536 532 618 promittit.
633 537 930 601 Vendite
988 558 1120 620 que
1178 539 1388 621 possi-

181 624 412 690 detis:
501 633 571 688 et
673 624 830 688 date
939 625 1386 691 elemosinam.

185 711 417 775 Nolite
447 713 664 794 inquit
684 713 962 777 timere:
1009 734 1093 777 ne
1117 723 1388 796 propter

183 819 465 901 regnum
527 801 636 863 dei
699 801 1136 865 militantibus
1189 800 1386 883 hujus

180 886 321 951 vite
351 888 718 953 necessaria
736 889 998 954 desint:
1045 889 1382 972 quoniam¹

183 976 390 1038 etiam
420 985 692 1057 propter
733 996 1042 1060 possessa
1081 976 1386 1041 elemosi-

181 1082 344 1126 nam
376 1064 658 1127 vendite.
1052 1064 1267 1128 Lectio
1297 1065 1380 1129 ix.

177 1150 508 1281 Facite
538 1171 699 1233 ergo
721 1151 910 1215 vobis
941 1152 1236 1216 sacculos
1267 1154 1382 1235 qui

339 1258 471 1302 non
495 1246 912 1303 veterascunt
941 1260 956 1303 :
987 1240 1382 1305 elemosinas

177 1325 433 1389 scilicet
462 1326 802 1409 operando
815 1347 1104 1409 ,quarum
1131 1348 1381 1393 merces

177 1414 252 1477 in
312 1422 614 1477 eternum
683 1423 924 1479 manet.
1049 1415 1186 1480 Ubi
1249 1436 1380 1479 non

176 1500 310 1565 hoc
371 1510 756 1583 preceptum
810 1522 955 1566 esse
1005 1504 1381 1585 putandum

177 1598 286 1653 est
347 1598 419 1652 ut
467 1589 627 1652 nihil
690 1590 966 1672 pecunie
1018 1600 1384 1654 reservetur

177 1696 224 1739 a
253 1677 538 1741 sanctis:
585 1696 736 1741 cum
769 1687 837 1742 et
861 1678 1000 1759 ipse
1032 1678 1380 1744 dominus:

176 1765 287 1828 cui
331 1766 798 1831 ministrabant
844 1764 1106 1847 angeli:
1153 1775 1380 1829 tamen

174 1853 354 1915 adin
379 1852 796 1917 formandam
821 1853 1166 1917 ecclesiam
1190 1874 1379 1918 suam

177 1938 436 2004 loculos
471 1940 805 2005 habuisse
863 1940 1163 2023 legatur:
1223 1950 1292 2005 et
1341 1963 1382 2005 a

175 2026 490 2091 fidelibus
561 2028 790 2092 oblata
854 2048 1238 2093 reservans:
1313 2039 1381 2093 et

175 2136 449 2179 suorum
503 2116 1003 2180 necessitatibus
1055 2116 1200 2180 aliis
1249 2137 1380 2199 que

177 2203 632 2285 indigentibus
703 2204 1038 2268 tribuens:
1114 2206 1232 2269 sed
1295 2225 1380 2268 ne

175 2291 310 2353 deo
336 2302 606 2374 propter
627 2293 756 2355 ista
786 2292 1144 2357 serviatur:
1191 2300 1260 2356 et
1289 2293 1378 2356 ob

177 2378 404 2461 inopie
419 2381 726 2443 timorem
740 2380 1000 2461 justitia
1019 2380 1378 2445 deseratur.

177 2470 248 2543 Q*
291 2466 462 2529 Alia
501 2467 810 2549 expositio
851 2467 1198 2530 secundum
1238 2488 1379 2531 ma-

173 2552 438 2618 tltcum.²

169 2644 324 2773 ln
382 2640 500 2705 illo
557 2650 859 2725 tempore
927 2642 1126 2706 Dixit
1182 2642 1379 2723 Jesus

279 2729 620 2811 discipulis
668 2732 802 2793 suis
861 2731 1003 2794 Vos
1055 2731 1216 2795 estis
1275 2730 1378 2794 sal

172 2826 366 2881 terre.
459 2816 551 2881 Et
580 2818 848 2899 reliqua.

177 2904 435 2969 Omelia
463 2915 754 2987 excerpta
785 2906 866 2969 de
904 2904 1182 2969 diversis
1211 2914 1380 2969 trac-

163 2991 436 3058 tatibus.
1023 2993 1234 3057 Lectio
1264 2993 1379 3075 vij.

166 3080 360 3213 Sal
393 3081 811 3183 appellantur
843 3081 1174 3163 apostoli:
1220 3082 1378 3164 quia

299 3190 417 3250 per
299 3171 612 3251 peipsos
631 3170 1008 3232 universum
1028 3168 1254 3231 homin
1262 3189 1374 3232 um

165 3258 485 3320 conditur
555 3277 784 3339 genus
915 3256 1119 3320 Terre
1195 3255 1373 3319 enim

165 3345 446 3408 nomine
497 3343 790 3408 humana
837 3352 1074 3407 natura
1123 3342 1376 3425 signifi-

165 3440 378 3495 catur.
458 3432 630 3498 Salis
653 3452 810 3495 vero
826 3431 1008 3495 verbi
1027 3432 1372 3513 sapientia.

165 3518 352 3604 Salis
383 3529 608 3584 autem
656 3529 892 3583 natura
937 3518 1374 3583 infecundita-

163 3616 310 3671 tem
383 3616 558 3671 terre
616 3606 790 3671 facit.
913 3607 1116 3672 Unde
1176 3615 1244 3669 et
1303 3606 1372 3669 in

163 3694 438 3777 psalmo
509 3694 826 3777 scriptum
902 3703 1006 3759 est
1041 3715 1056 3759 :
1142 3694 1372 3758 Posuit

160 3792 415 3846 terram
490 3782 892 3847 fructiferam
962 3783 1032 3845 in
1096 3780 1372 3863 salsugi-

161 3890 341 3935 nem.
980 3870 1200 3933 Lectio
1227 3869 1371 3953 viij.

157 3956 644 4089 Allegorice
702 3966 930 4020 autem
1005 3957 1132 4020 hoc
1199 3956 1370 4021 bene

331 4046 642 4109 convenit
659 4045 960 4109 doctrine
972 4044 1336 4128 apostolice
1353 4067 1370 4111 :

259 4208 411 4303 ¹pro
439 4204 734 4271 ‘quoniam’
753 4206 912 4272 quin:
946 4206 1010 4256 G.

319 4271 437 4319 ⁴’V
472 4272 606 4321 add.-
644 4272 702 4321 G.
710 4272 764 4321 S.

262 4341 528 4403 ⁸:aptum
563 4337 706 4388 N..G

261 4405 722 4455 ⁴·demonstratur
709 4442 720 4455 .
753 4403 823 4454 N.
889 4404 1195 4454 demonstrat
1221 4423 1234 4454 z
1268 4404 1332 4454 G.

2036 350 2139 404 46

1490 460 1567 514 ut
1595 451 1945 515 destructis
1990 453 2514 517 adversariorum
2547 478 2693 520 mu-

1493 540 1901 604 nitionibus:
1947 549 2014 603 et
2045 542 2299 642 peccati
2343 562 2545 624 regno
2578 544 2691 607 de-

1485 626 1709 708 jecto:
1755 626 1895 691 sale
1941 629 2266 730 sapientie
2311 641 2693 714 compescat

1489 712 1667 778 ultra
1741 715 1807 777 in
1874 716 2089 779 carnis
2164 716 2455 781 humane
2516 728 2691 783 terra

1489 802 1692 865 seculi
1769 802 2003 866 luxum
2078 812 2281 885 atque
2341 805 2687 869 feditatem

1488 890 1861 972 germinare
1888 891 2217 955 vitiorum.
2350 893 2563 957 Lectio
2594 894 2687 959 ix.

1500 977 1735 1144 Quia
1765 977 1864 1041 sal
1895 979 1979 1042 ad
2006 979 2473 1044 custodiendos
2505 982 2687 1045 cibos

1625 1085 1987 1147 carnesque
2021 1068 2379 1131 servandas
2410 1068 2687 1134 factum³

1488 1162 1635 1217 est:
1670 1154 1793 1217 rite
1815 1153 2307 1219 demonstrat⁴z
2355 1158 2535 1238 quod
2569 1178 2689 1259 per

1487 1240 2006 1323 predicationem
2048 1243 2373 1326 evangelii
2422 1246 2688 1308 restrin-

1485 1328 1667 1411 gitur
1694 1328 1918 1392 fluxus
1963 1329 2421 1412 voluptatum:
2468 1341 2536 1395 et
2567 1333 2690 1395 hu·

1488 1436 1688 1479 mana
1736 1426 1973 1481 natura
2020 1418 2307 1482 exclusis
2353 1420 2686 1483 vermibus

1486 1513 1554 1567 et
1584 1504 1936 1586 putredine
1980 1515 2445 1587 peccatorum:
2498 1507 2688 1571 illesa

1484 1600 1783 1655 servatur
1834 1612 1956 1656 suo
2001 1593 2326 1657 conditori
2374 1614 2494 1677 per
2544 1594 2687 1679 ejus

1483 1680 1856 1742 custodiam
1890 1681 2375 1745 mandatorum.

1488 1772 1553 1844 (Ι
1599 1765 1767 1831 Alia
1794 1768 2137 1833 secundum
2170 1769 2570 1833 mattheum.⁵

1483 1857 1629 1987 ln
1691 1854 1808 1917 illo
1869 1864 2169 1938 tempore
2232 1858 2429 1922 Dixit
2488 1858 2685 1939 Jesus

1584 1942 1925 2025 discipulis
1955 1946 2109 2008 suis.
2200 1945 2341 2010 Vos
2362 1946 2531 2009 estis
2563 1946 2682 2009 lux

1487 2031 1736 2094 mundi.
1830 2032 1985 2094 Non
2033 2040 2255 2115 potest
2300 2034 2531 2098 civitas
2569 2034 2685 2097 ab-

1484 2118 1717 2182 scondi
1792 2138 1992 2201 supra
2074 2129 2371 2183 montem
2447 2123 2683 2203 posita.

1483 2204 1581 2269 Et
1634 2205 1901 2288 reliqua.
1998 2206 2251 2272 Omelia
2302 2209 2685 2273 venerabilis

1485 2292 1632 2358 bede
1646 2294 2019 2375 presbyteri.

1687 2470 1977 2535 mentia:
2028 2491 2275 2552 magna
2326 2473 2684 2554 discipulos

1483 2575 1639 2619 suos
1669 2557 1991 2639 dignitate
2011 2567 2078 2621 et
2101 2559 2351 2623 honore
2376 2560 2688 2642 dignatur

1481 2645 1834 2709 ostendere
1878 2646 2149 2711 dicens:
2194 2647 2335 2711 Vos
2376 2650 2533 2711 estis
2566 2647 2684 2711 lux

1487 2732 1735 2797 mundi.
1848 2732 2210 2815 Quomodo
2272 2734 2392 2799 lux
2453 2736 2686 2798 mundi

1483 2819 1682 2901 ergo⁶
1740 2840 1884 2883 esse
1942 2840 2081 2885 non
2141 2830 2493 2903 poterant:
2568 2824 2685 2905 qui

1483 2926 1636 2970 cum
1681 2917 1951 2971 auctore
1982 2906 2145 2971 lucis
2174 2910 2684 2991 gradiebantur:

1484 3002 1552 3057 et
1596 2994 1683 3057 ab
1727 3014 1809 3057 eo
1854 2996 2036 3057 omni
2085 2995 2310 3060 celesti
2354 2998 2685 3079 sapientia

1483 3080 1991 3147 instruebantur.
2297 3084 2509 3147 Lectio
2540 3084 2681 3167 viij.

1481 3169 1947 3302 sublimiter
1974 3170 2149 3233 enim
2193 3170 2427 3235 instrui
2474 3192 2684 3236 mere-

1606 3257 1885 3322 bantur:
1932 3259 2089 3340 quia
2120 3257 2405 3324 fideliter
2426 3259 2679 3325 fontem

1483 3344 1647 3409 lucis
1708 3345 2171 3428 sequebantur.
2272 3348 2449 3411 Nam
2510 3349 2683 3413 sicut

1482 3432 1640 3495 alibi
1700 3433 1902 3497 iidem
1926 3430 1953 3471 ⁷
1998 3434 2285 3517 apostoli
2351 3435 2449 3499 sal
2510 3446 2683 3502 terre

1481 3518 1843 3602 figuraliter
1914 3531 2071 3586 sunt
2142 3524 2509 3589 nominati:
2587 3527 2681 3589 ita

1481 3628 1656 3671 nunc
1716 3609 1836 3672 lux
1902 3609 2133 3673 mundi
2207 3620 2362 3674 sunt
2439 3612 2681 3675 intelli-

1477 3696 1698 3777 gendi.
1818 3696 2025 3760 Terra
2083 3718 2241 3761 vero
2293 3700 2682 3781 accipienda

1477 3792 1581 3845 est
1632 3804 1755 3865 pro
1806 3783 2184 3847 hominibus
2246 3786 2360 3867 qui
2421 3795 2683 3851 terrena

1477 3870 1782 3953 diligunt.
1897 3872 1989 3935 Et
2065 3871 2285 3936 hunc⁸
2355 3876 2679 3939 mundum

1475 3978 1615 4021 non
1667 3959 1882 4023 celum
1932 3968 2001 4023 et
2054 3968 2335 4025 terram:
2390 3962 2506 4024 sed
2561 3962 2683 4025 ho-

1477 4046 1691 4111 mines
1771 4046 2052 4129 intelligi
2131 4058 2397 4131 oportet
2426 4071 2440 4113 :
2531 4051 2681 4132 qui-

1778 4210 1799 4240 ⁸
1838 4207 2092 4258 ‘v.'add:
2130 4208 2249 4259 625.

1779 4275 1800 4303 ⁸
1830 4288 1951 4337 ergo
1974 4272 2060 4323 lux
2080 4275 2254 4324 mundi
2278 4295 2290 4326 :
2326 4276 2389 4325 G.

1777 4340 1795 4369 ’
1830 4340 2001 4389 idem:
2034 4340 2118 4389 W.

1766 4407 1788 4435 ⁸
1820 4420 1913 4469 pro
1941 4404 2131 4455 ‘hunc’
2156 4404 2269 4456 hic:
2303 4406 2383 4457 W.
2446 4406 2580 4469 hoc:
2618 4408 2669 4458 S.
