3117 4959
1516 243 1619 296 IN
1662 239 1929 295 FESTO

1019 353 1179 407 409

490 465 754 532 Christi.
851 461 1234 543 Statinque¹
1283 457 1520 522 mulier
1565 458 1681 521 de·

488 554 747 618 scendit
771 571 934 615 sana
952 551 1038 612 de
1057 547 1337 612 lectulo:
1383 546 1683 609 clamans

489 653 557 706 et
606 643 848 705 dicens,
941 639 1098 702 Non
1149 646 1248 700 est
1299 635 1466 698 alius
1515 635 1683 697 deus

490 739 710 812 preter
768 727 1048 810 Jesum:
1124 743 1323 806 quem
1388 722 1685 805 predicat

491 816 936 900 appollinaris
1005 815 1270 876 Interea
1300 811 1442 893 ipse
1472 811 1682 873 tribu-

494 926 618 969 nus
647 925 799 968 cum
833 922 1043 965 uxore
1073 910 1142 964 et
1164 899 1314 963 filiis
1347 907 1414 963 et
1434 898 1685 962 familia

493 1014 614 1056 sua
637 991 1027 1056 credentes'
1011 1010 1077 1052 m
1109 988 1338 1069 Jesum
1363 986 1685 1069 baptizati

494 1090 670 1147 sunt.
785 1079 974 1142 Hoc²
1033 1077 1310 1141 audiens
1369 1074 1687 1138 thaums³

491 1169 756 1250 judex:
819 1167 994 1229 dixit
1045 1164 1130 1228 ad
1186 1163 1684 1246 appollinarem.

499 1257 674 1321 Ecce
707 1255 868 1318 mihi
893 1253 1066 1317 filius
1095 1273 1288 1316 cecus
1320 1261 1516 1315 natus
1547 1260 1687 1313 est:

497 1345 676 1427 aperi
752 1343 978 1407 oculos
1055 1341 1201 1422 ejus
1274 1348 1343 1404 et
1414 1340 1682 1402 credam

498 1433 854 1498 Christum.
947 1430 1064 1495 Sin
1115 1437 1383 1492 autem:
1433 1427 1567 1509 igni
1618 1435 1687 1489 te

495 1521 758 1585 tradam
791 1519 876 1582 ad
908 1517 1446 1582 comburendum.
1492 1514 1687 1577 Tunc

497 1607 924 1692 appollinaris
1007 1606 1074 1668 in
1166 1605 1434 1667 nomine
1524 1602 1686 1684 Jesu

497 1698 726 1760 oculos
756 1695 892 1758 ceci
923 1693 1062 1757 nati
1101 1693 1356 1774 aperuit
1384 1711 1400 1753 :
1446 1699 1514 1754 et
1543 1710 1689 1752 om-

499 1805 616 1848 nes
649 1792 994 1866 stupentes
1036 1780 1152 1863 qui
1197 1779 1476 1842 aderant
1519 1777 1690 1860 bap-

499 1873 681 1937 tizati
713 1879 884 1935 sunt.
1231 1867 1448 1930 Lectio
1479 1866 1689 1929 tertia.

498 1963 758 2092 Post
803 1958 926 2021 hec
974 1957 1321 2020 demosten
1376 1955 1691 2037 patricius

645 2049 834 2129 jussu
862 2043 1265 2126 vespasiani⁴
1295 2043 1536 2106 cesaris
1573 2062 1690 2124 ap-

499 2135 888 2218 pollinarem
937 2131 1062 2195 sibi
1117 2130 1416 2195 adhiberi
1464 2150 1691 2212 prece-

499 2222 615 2286 bit.
726 2221 1029 2304 Quique⁵
1083 2219 1260 2300 jam⁶
1311 2219 1691 2282 incurvatus

501 2310 708 2374 nimia
751 2318 929 2373 etate
961 2318 1026 2371 et
1070 2309 1157 2372 ob
1201 2307 1494 2370 diversas
1538 2326 1690 2388 pas-

501 2399 720 2463 siones
751 2405 997 2460 astaret
1029 2397 1094 2458 in
1127 2403 1485 2477 conspectu
1515 2394 1692 2475 judi-

501 2489 640 2551 cis:
709 2486 1069 2550 clamatum
1131 2493 1234 2546 est
1294 2503 1335 2546 a
1394 2483 1689 2565 paganis

503 2575 757 2640 Omnes
807 2573 1049 2636 scimus
1094 2571 1252 2653 quia
1297 2571 1693 2634 christianus

500 2671 620 2727 est.
695 2662 841 2726 Aut
872 2661 1250 2743 punicum:
1282 2668 1398 2723 aut
1430 2660 1691 2741 longius

503 2751 750 2836 projice
781 2752 867 2813 ab
898 2749 1022 2813 hac
1068 2749 1246 2812 urbe.
1337 2747 1528 2811 Tunc
1557 2757 1693 2810 tra-

501 2841 680 2905 ditus
735 2846 837 2902 est
889 2838 956 2901 in
1004 2837 1372 2900 custodiam
1427 2835 1691 2898 cuidam

503 2925 911 2993 centurioni:
997 2926 1110 3006 qui
1187 2923 1408 2986 media
1497 2931 1695 2986 nocte

503 3016 759 3080 laxavit
788 3033 940 3078 eum
973 3021 1046 3075 ut
1077 3011 1347 3093 sugeret.
1441 3009 1694 3092 Pagani

503 3125 659 3168 vero
707 3109 1061 3184 sequentes
1115 3097 1695 3182 apprehenderunt

505 3213 656 3255 eum
690 3201 759 3254 et
790 3187 1018 3253 tandiu
1051 3207 1239 3252 cesus
1261 3195 1364 3252 est
1391 3208 1407 3251 :
1452 3205 1695 3268 quous-

505 3301 636 3362 que
659 3288 956 3342 mortuus
973 3271 1510 3340 existimaretur!
1551 3273 1694 3337 Ex-

507 3368 661 3431 inde
694 3374 850 3429 ante
880 3365 1094 3428 lucem
1141 3363 1458 3427 collectus
1493 3383 1532 3426 a
1561 3363 1697 3426 dis-

505 3454 742 3537 cipulis
817 3453 952 3515 suis
1032 3451 1392 3534 perductus
1463 3460 1568 3514 est
1628 3451 1692 3512 in

505 3543 727 3605 vicum
756 3560 773 3603 :
817 3538 930 3603 ubi
962 3538 1210 3620 leprosi
1229 3537 1693 3602 morabantur:

507 3639 579 3694 et
623 3630 794 3691 inter
836 3625 1224 3690 christianos
1271 3645 1390 3707 per
1437 3635 1695 3707 septem

507 3719 651 3780 dies
677 3714 1044 3797 supervixit
1071 3735 1085 3777 :
1133 3731 1523 3776 ammonens
1548 3733 1631 3776 ne
1655 3734 1696 3776 a

509 3805 642 3869 fide
719 3802 963 3869 Christi
1034 3801 1492 3865 discederent:
1583 3801 1695 3883 qui

509 3893 675 3957 vivit
707 3902 774 3955 et
817 3897 1051 3972 regnat
1083 3889 1148 3952 in
1181 3890 1402 3953 secula
1449 3890 1701 3952 seculo-

508 4003 656 4046 rum
689 3999 900 4045 amen.
999 3976 1220 4043 Cetera
1257 3977 1340 4041 de
1377 3977 1707 4042 communi
1805 3979 2003 4043 beata
2062 3981 2418 4045 christina:

506 4070 705 4134 unius
734 4064 1061 4147 martyris

2310 349 2455 402 410

1786 463 1848 535 (Ι
1896 459 1979 522 In
2012 456 2250 540 vag-ilia
2281 456 2496 519 sancti
2536 453 2777 529 Jacobs·
2808 463 2971 534 apos·

1784 545 1913 610 toli.
1964 547 2307 609 Matutine
2335 545 2648 608 dicantur
2662 541 2749 605 de
2764 552 2975 605 sancta

1789 634 2127 700 Christina
2155 655 2299 697 cum
2328 641 2651 696 nocturno,
2694 629 2971 711 Loetioj.

1804 723 2333 856 Temporibus
2396 719 2802 784 dioclitiani⁸
2864 720 2975 781 im·

1950 811 2273 893 peratoris
2306 818 2449 872 erat
2466 807 2767 891 quedam
2794 807 2977 888 virgo

1784 919 1971 962 rome
1989 917 2311 961 annorum
2332 897 2691 960 duodecim
2714 895 2981 959 nomine

1784 987 2099 1050 christina
2172 988 2373 1051 deum
2448 1001 2691 1047 amans
2770 982 2979 1046 valde.

1789 1074 2049 1139 Habuit
2096 1075 2273 1138 enim
2328 1083 2587 1156 patrem
2638 1091 2983 1154 paganum

1784 1163 2110 1226 urbanum
2186 1163 2495 1225 nomine:
2564 1163 2683 1242 qui
2741 1159 2985 1224 fecerat

1783 1253 2015 1315 turrim
2064 1249 2489 1314 excessam’:
2536 1249 2603 1311 in
2653 1269 2799 1330 qua
2836 1267 2985 1310 con-

1784 1340 2001 1402 stituit
2039 1338 2243 1401 filiam
2289 1356 2477 1401 suam
2523 1357 2679 1400 cum
2734 1337 2985 1400 duode-

1782 1427 1913 1490 cim
1975 1426 2263 1509 puellis:
2337 1424 2493 1489 fecit
2552 1425 2765 1488 etiarn
2827 1425 2987 1487 deos

1785 1535 2017 1579 aureos
2046 1535 2061 1578 :
2091 1535 2261 1596 quos
2291 1514 2616 1577 adoraret.
2664 1513 2803 1576 Illa
2832 1533 2987 1575 vero

1787 1603 1949 1667 deos
2008 1603 2371 1684 confregit:
2440 1611 2509 1664 et
2566 1601 2763 1665 dedit
2826 1620 2985 1682 pau·

1786 1690 2072 1774 peribus,
2210 1691 2359 1754 Hec
2432 1689 2715 1752 audiens
2800 1698 2987 1772 pater

1788 1779 1933 1861 ejus
1976 1777 2173 1861 jussit
2202 1779 2456 1861 puellas
2502 1779 2567 1841 in
2616 1787 2979 1860 conspectu

1789 1867 1933 1949 ejus
1962 1866 2319 1931 decollari:
2364 1876 2432 1931 et
2460 1866 2861 1930 christinam
2892 1867 2983 1928 in·
3060 1871 3062 1936 ῗ

1788 1956 2147 2019 carcerari:
2192 1963 2395 2037 atque
2425 1954 2491 2018 in
2516 1954 2755 2018 eculeo
2771 1955 2819 1991 ¹⁰
2848 1973 2981 2016 sus·
3058 1993 3062 2070 ¹

1790 2043 2032 2126 pendi:
2078 2052 2148 2106 et
2188 2042 2397 2108 latera
2445 2043 2593 2125 ejus
2648 2042 2983 2123 unguibus
3059 2077 3062 2126 Ι

1790 2131 1951 2196 radi.
2050 2131 2385 2196 Christina
2428 2151 2589 2194 vero
2642 2129 2985 2194 auferebat

1790 2239 2020 2284 carnes
2050 2220 2139 2282 de
2182 2239 2455 2302 corpore
2504 2237 2667 2282 suo:
2714 2229 2785 2282 et
2834 2239 2983 2300 pro-
3059 2225 3062 2282 ἑ

1784 2309 2059 2390 jiciebat
2134 2307 2200 2370 in
2277 2307 2515 2372 faciem
2590 2308 2801 2389 patris
2884 2307 2982 2370 sui
3060 2319 3062 2340 ¹

1790 2398 2034 2460 dicens,
2127 2396 2425 2461 Comede
2476 2395 2793 2460 virtutem
2844 2415 2985 2458 cor·
3058 2396 3062 2446 ἕ

1790 2486 1969 2568 poris
2000 2484 2115 2548 tui.
2670 2484 2891 2546 Lectio
2920 2483 2983 2566 ᾔ.

1791 2575 2087 2704 Pater
2108 2593 2264 2636 vero
2286 2571 2598 2637 christine
2614 2571 2815 2652 jussit
2834 2591 2983 2635 eam
3057 2601 3060 2628 1

1945 2663 2013 2724 in
2046 2659 2448 2744 profundum
2512 2660 2713 2723 maris
2791 2660 2985 2724 mitti.
3057 2639 3060 2692 ³

1793 2748 1945 2832 Que
2004 2769 2155 2813 cum
2216 2748 2512 2831 projecta
2570 2757 2795 2812 esset:
2848 2769 2991 2811 sus-
3056 2693 3060 2882 Ι

1793 2846 1988 2918 cepta
2060 2845 2165 2900 est
2222 2837 2309 2900 ab
2368 2836 2624 2919 angelis
2682 2838 2843 2900 dei:
2924 2847 2989 2900 et

1792 2923 2157 3007 baptizavit
2216 2945 2367 2988 eam
2427 2925 2622 3006 Jesus
2680 2925 2752 2987 in
2804 2925 2989 2988 mari.
3055 2885 3060 3024 l

1796 3013 1954 3095 Ipsa
1985 3013 2071 3076 de
2102 3013 2267 3076 mari
2299 3013 2539 3076 exiens·
2571 3012 2741 3076 vidit
2772 3013 2989 3077 celum
3057 3027 3060 3034 ⁴

1795 3110 2139 3183 apertum:
2195 3122 2271 3164 ac
2323 3101 2723 3166 salvatorem
2786 3101 2993 3164 intro-

1794 3196 2105 3252 euntem:
2150 3197 2221 3253 et
2273 3209 2532 3252 reversa
2584 3197 2687 3252 est
2738 3189 2827 3252 ad
2876 3189 2991 3252 do-
3055 3215 3060 3264 ς

1796 3295 1980 3340 mum
2043 3278 2249 3358 patris
2308 3277 2426 3342 sui.
2548 3276 2779 3360 Quam
2838 3293 2991 3342 cum
3055 3271 3058 3330 l

1794 3365 2098 3429 videret:
2193 3365 2407 3447 ipsam
2506 3364 2994 3429 incarceravit:

1796 3453 2069 3535 cupiens
2145 3473 2294 3516 eam
2372 3452 2504 3516 alio
2578 3453 2689 3516 die
2766 3453 2995 3536 gladio

1796 3540 2047 3623 punire.
2170 3540 2305 3606 Sed
2368 3540 2514 3622 ipsa
2573 3551 2776 3605 nocte
2838 3559 2995 3604 cum
3054 3513 3058 3632 J

1798 3627 2195 3692 cruciatibus
2256 3637 2448 3711 pater
2519 3630 2747 3692 emisit
2808 3630 2993 3710 spiri·
3053 3635 3058 3724 ᾖ

1797 3725 1986 3780 tum:
2032 3725 2192 3780 tunc
2238 3716 2407 3779 alius
2452 3716 2669 3797 judex
2724 3718 2997 3780 nomine
3055 3727 3058 3804 ᾗ

1800 3803 1949 3867 zion
1982 3805 2353 3886 perduxit¹¹
2380 3825 2529 3868 eam
2550 3825 2785 3868 coram
2816 3805 2993 3868 idolo

1802 3901 1875 3954 ut
1936 3891 2347 3956 sacrificaret.
2450 3892 2709 3957 Orante
2772 3903 2989 3957 autem
3038 3891 3058 3964 ’ἶ

2496 3982 2755 4045 idolum
2822 4001 2995 4044 com·
3054 3973 3058 4054 ¹}

2466 4077 2535 4132 et
2613 4070 2745 4134 tria
2828 4070 2993 4132 milia
3053 4063 3058 4136 ξ

1811 4066 2140 4132 minutum
2223 4078 2325 4132 est
2360 4089 2375 4132 :

607 4231 978 4294 ¹Statimque.
1015 4227 1076 4276 R.
1087 4227 1152 4278 N.
1164 4227 1216 4277 S.
1528 4227 1735 4277 ²Hec:
1772 4228 1825 4278 S.
2230 4233 2489 4281 ³:taurus
2526 4231 2581 4282 S.
2664 4267 2677 4272 -
3051 4167 3056 4270 ³!

601 4300 621 4328 ⁴
657 4295 967 4360 vaspasiani:
1005 4293 1066 4342 R.
1076 4293 1144 4344 N.
1530 4293 1820 4356 ⁵Quibus:
1856 4295 1906 4346 S.
2226 4299 2369 4362 ‘pro
2398 4297 2558 4362 ‘jam'
2582 4313 2734 4349 cum:
2774 4299 2913 4352 RN.
3051 4271 3056 4322 1

601 4361 1000 4411 ’estimareturz
1037 4359 1090 4408 S.
1533 4359 1920 4410 ⁸diocleciani:
1958 4362 2019 4412 R.
2030 4362 2080 4412 S.
2142 4355 2470 4413 diocletiani.
2508 4363 2576 4414 N.
3053 4347 3056 4388 Ι

600 4427 935 4476 excelsam:
973 4423 1112 4476 RN.
1520 4426 1558 4458 ¹⁰
1592 4425 1841 4492 equuleo:
1876 4427 1944 4476 N.
1954 4428 2006 4476 S.
2212 4429 2555 4498 ”produxit.
2593 4431 2658 4486 R
2668 4430 2731 4480 N.
