3117 4959
963 221 1068 275 m
1111 224 1274 297 EES
1284 224 1383 279 To
1436 223 1761 279 CONCEP
1769 210 2056 278 ΗΘΜ-ς
2104 224 2231 278 MA
2239 224 2399 280 ΜΕ.

964 331 1086 387 118

431 441 659 502 Sermo
683 437 854 501 beati
873 438 1152 500 anselmi
1171 439 1444 520 episcopi.
1494 438 1635 501 Lec.

423 530 546 661 S
569 530 702 589 icut
735 526 912 589 enim
947 528 1012 588 in
1043 537 1275 590 sancta
1319 548 1428 590 ec·
1473 524 1631 611 [iiij.

556 616 756 677 clesia
787 614 893 677 dei
919 614 1252 695 genitricis
1285 616 1490 678 marie
1520 634 1639 677 na-

431 704 656 766 tivitas
689 702 1094 765 celebratur:
1120 704 1214 765 sic
1234 702 1435 767 debet
1467 703 1639 766 cele-

433 791 606 855 brari
619 790 920 871 ejusdem
941 792 1307 873 conceptio,
1323 792 1468 855 Nisi
1481 811 1638 854 con-

433 882 764 961 ciperetur
823 896 1166 959 nunquam
1228 889 1633 943 nasceretur.

437 968 626 1032 Sicut
657 964 834 1029 enim
868 966 952 1028 ad
1000 966 1392 1030 salvandum
1425 986 1637 1049 genus

436 1056 803 1118 humanum
865 1053 1026 1117 olim
1087 1054 1212 1119 suit
1265 1055 1638 1119 necessaria

437 1144 580 1227 ejus
627 1142 971 1206 nativitas:
1017 1143 1112 1205 sic
1161 1142 1282 1207 suit
1338 1164 1637 1207 necessa-

441 1234 536 1295 ria
581 1230 723 1311 ejus
771 1232 1148 1313 conceptio·
1249 1232 1396 1295 Nisi
1458 1232 1637 1294 enim

440 1319 933 1401 conciperetur:
982 1320 1214 1382 mundi
1275 1340 1364 1383 ex
1413 1340 1494 1382 ea
1541 1340 1639 1383 re·

443 1409 756 1490 demptor
814 1427 1156 1488 nunquam
1219 1406 1636 1471 nasceretur.¹

585 1516 736 1559 ussu
770 1494 876 1558 dei
905 1496 1274 1577 concipitur
1303 1504 1369 1559 et
1397 1496 1556 1579 [Lec.
1584 1517 1641 1559 v.

441 1498 578 1671 J
582 1584 887 1648 nascitur.
953 1584 1171 1646 Immo
1201 1586 1255 1647 si
1287 1583 1511 1647 divina
1543 1604 1645 1647 ra-

450 1676 546 1736 tio
579 1670 1051 1754 prospiciatur:
1097 1672 1453 1755 spiritalis²
1501 1672 1647 1752 ejus

448 1762 902 1842 conceptionis
933 1760 1076 1824 dies
1109 1761 1322 1842 magis
1355 1760 1494 1823 fore
1525 1780 1646 1842 ap-

449 1849 767 1931 probatur
795 1868 998 1929 quam
1031 1849 1413 1912 nativitatis.
1511 1850 1646 1910 Res

449 1936 625 2000 enim
735 1935 949 2017 major
1027 1935 1256 2000 extitit
1331 1937 1528 2000 adam
1609 1956 1649 1999 a

451 2024 580 2087 deo
613 2024 855 2088 creari:
903 2042 1104 2106 quam
1156 2024 1335 2087 fi1i0³
1387 2025 1514 2088 ade
1560 2024 1648 2089 de

453 2121 665 2175 matre
698 2112 896 2175 nasci.
993 2112 1147 2174 Non
1195 2113 1372 2175 enim
1406 2114 1647 2176 mirum

451 2199 504 2263 si
539 2200 741 2263 homo
773 2220 814 2262 a
865 2198 994 2263 deo
1045 2209 1302 2264 creatus
1358 2202 1651 2264 nascitur

453 2290 540 2351 de
565 2288 820 2352 matre.⁴
1321 2288 1531 2352 Lectio
1564 2290 1646 2372 ψ’.

455 2498 616 2563 signia
656 2498 974 2563 pullularunt.
1039 2506 1118 2563 ps.
1193 2500 1332 2550 Deus
1377 2508 1545 2549 noster
1579 2514 1651 2549 re·

457 2564 662 2629 sugium.
748 2570 835 2614 atr.
922 2566 1194 2615 Benedicta
1249 2574 1298 2615 et
1356 2565 1653 2615 venerabilis

454 2637 628 2680 sancta
665 2632 822 2679 maria
845 2630 985 2695 virgo
1007 2632 1088 2681 dei
1127 2632 1338 2695 genitrix
1360 2631 1500 2696 cujus
1534 2647 1651 2681 con·

455 2696 736 2761 ceptionem
762 2697 1068 2747 celebramus
1093 2706 1147 2747 ut
1173 2698 1458 2748 intercessio
1498 2698 1653 2762 ipsius

456 2762 520 2811 sit
560 2778 652 2827 pro
673 2763 819 2813 nobis
855 2764 920 2811 ad
959 2764 1234 2813 dominum.
1295 2770 1377 2829 pf.
1451 2764 1651 2813 Funda-

459 2836 645 2879 menta.
719 2817 770 2891 Ϋ
806 2828 1042 2907 Speciosa
1066 2830 1197 2879 facta
1219 2846 1273 2879 es
1300 2830 1313 2854 '
1345 2830 1472 2879 add:
1511 2830 1643 2879 E.G.

544 2895 556 2924 ¹
591 2896 694 2945 ‘Re
725 2896 954 2945 Glonose
965 2895 1168 2961 virginis
1187 2896 1340 2945 marie
1351 2904 1651 2960 conceptum

459 2960 804 3024 dignissimum
849 2962 1138 3014 recolamus,
1213 2962 1368 3027 Cujus
1418 2961 1652 3010 dominus

459 3026 791 3077 humilitatem
847 3029 1114 3093 respiciens
1158 3028 1339 3093 angelo
1385 3027 1652 3076 nunciante

457 3093 686 3158 concepit
738 3095 1100 3160 redemptorem
1154 3094 1347 3145 mundi.
1389 3083 1440 3157 Ῡ
1478 3094 1651 3142 Hodie

455 3168 698 3224 concepta
719 3167 792 3209 est
817 3160 965 3209 beata
986 3161 1127 3225 virgo
1151 3162 1306 3210 maria
1328 3176 1388 3210 ex
1412 3159 1650 3225 progenie

455 3226 622 3275 david.
699 3224 1039 3291 Cujus'add:
1078 3226 1210 3277 E.G.

553 3292 574 3322 ²
607 3290 906 3404 spiritualis:
942 3293 1006 3342 G.

557 3358 577 3387 ⁸
649 3356 776 3405 lios:
813 3358 877 3407 G.

559 3424 576 3453 ⁴
617 3426 632 3450 ‘
650 3422 739 3471 Re.
779 3422 946 3471 Corde
970 3428 1018 3471 et
1057 3423 1227 3472 animo
1262 3423 1464 3473 Christo
1503 3438 1650 3472 cana-

458 3503 568 3535 mus
607 3484 818 3551 gloriam‘
852 3488 904 3536 in
948 3487 1045 3536 hac
1082 3504 1219 3537 saera
1258 3488 1552 3537 solennitate
1599 3490 1651 3537 in

459 3570 558 3618 qua
592 3554 741 3603 beata
779 3552 860 3602 dei
892 3553 1104 3617 genitrix
1131 3555 1269 3618 virgo
1303 3554 1459 3603 maria
1481 3564 1653 3603 exorta

459 3627 548 3669 est.
625 3620 788 3681 Quam
835 3618 1024 3683 gabriel
1069 3620 1393 3684 archangelus
1448 3620 1648 3684 plenam

455 3685 616 3749 gratia
661 3684 895 3734 ostendit.
968 3674 1019 3749 Ῠ
1053 3686 1217 3735 Valde
1273 3701 1486 3752 namque
1539 3702 1650 3735 eam

457 3767 549 3801 nos
572 3758 770 3815 oportet
792 3766 987 3799 summa
1007 3766 1123 3801 cum
1145 3752 1410 3803 devotione
1429 3752 1649 3801 venerari

457 3834 554 3932 (1(ιίιὲ
593 3824 904 3933 ῐαὲηῦεεησω
942 3825 1198 3881 permanet
1223 3818 1378 3884 virge.
1451 3818 1617 3881 Quam
1636 3817 1651 3843 ’

453 3900 483 3932 a
576 3902 588 3931 ι
674 3922 682 3931 .
747 3920 759 3932 .

556 3951 576 3979 ⁵
609 3949 866 4013 specialis:
910 3948 971 3999 E.

554 4018 575 4045 ⁸
607 4016 696 4065 Re.
737 4016 820 4064 Ad
861 4024 1035 4065 nutum
1071 4016 1261 4066 domini
1307 4025 1529 4066 nostrum
1575 4016 1651 4064 di-

453 4080 606 4130 tantis
641 4080 882 4132 honorem
925 4084 1064 4132 Sicut
1103 4083 1247 4148 spina
1277 4100 1442 4133 rosam
1481 4082 1651 4147 genuit

447 4146 602 4210 judea
634 4148 857 4197 mariam.
931 4138 983 4213 Ϋ
1021 4149 1093 4198 Ut
1133 4149 1314 4199 vicium
1355 4151 1510 4199 virtus
1533 4164 1653 4213 ope-

451 4214 569 4262 riret
617 4214 780 4277 gratia
823 4216 1038 4281 culpam.
1127 4216 1286 4265 Sicut.
1377 4216 1511 4265 Gl’ia
1558 4214 1649 4279 pri.

454 4280 610 4330 Sicut.
681 4280 750 4329 In
785 4280 857 4345 iij.
888 4288 1010 4331 noct.
1049 4286 1136 4333 at'i.
1203 4282 1454 4331 Nativitas
1495 4282 1652 4344 [Con-

453 4346 620 4410 ceptio
647 4363 658 4397 :
696 4347 857 4412 E.G.]
881 4357 955 4397 est
979 4348 1129 4397 hodie
1173 4358 1340 4399 sancte
1365 4349 1518 4398 marie
1555 4347 1651 4395 vir-

453 4412 618 4475 ginis:
653 4412 792 4477 cujus
815 4414 1236 4479 pulchritudinem
1278 4415 1492 4479 respexit
1528 4414 1650 4463 deus

2272 334 2393 387 114

1740 439 2244 569 Erubescant
2296 458 2457 521 ergo
2515 438 2795 503 omnino
2847 440 2959 502 in·-

1891 529 2175 591 sensati:
2241 529 2353 608 qui
2432 536 2695 591 tantum
2759 529 2945 590 diem

1740 624 2061 696 tantaque
2137 616 2455 697 mysteria
2542 624 2613 679 et
2722 636 2953 678 sacra·-

1739 711 1997 766 menta:
2029 703 2323 767 tenebris
2345 704 2723 786 ignorantie
2744 725 2951 767 exce-

1736 792 1868 853 cati
1946 790 2097 854 ideo
2172 802 2492 874 respuunt
2566 792 2949 857 celebrare:

1736 880 1917 959 quod
1968 880 2087 943 viri
2138 900 2215 943 ac
2268 880 2561 943 mulieris
2602 879 2951 962 copulatio

1742 968 1809 1029 in
1874 968 2309 1050 conceptione
2357 969 2629 1050 virginis
2690 970 2943 1032 extitit.

1742 1054 1917 1117 Nam
1994 1057 2175 1138 quod
2239 1056 2367 1119 due
2428 1066 2583 1120 sunt
2658 1077 2953 1138 concep-

1738 1144 1954 1206 tiones
1984 1144 2313 1207 hominis:
2358 1144 2669 1208 omnibus
2702 1154 2947 1207 notum

1738 1241 1839 1294 est
1899 1233 2139 1313 peritis,
2238 1233 2396 1297 Una
2454 1254 2589 1315 qua
2662 1233 2957 1297 carnalis

1741 1320 1979 1401 copula
2043 1320 2161 1383 viri
2224 1330 2292 1384 et
2354 1320 2646 1384 mulieris
2707 1322 2951 1403 agitur.

1743 1406 1902 1471 Alia
1920 1428 2054 1489 qua
2078 1408 2436 1491 spiritualis
2454 1410 2479 1445 ⁵
2510 1408 2735 1472 anima
2766 1430 2951 1471 nova

1743 1505 1811 1558 et
1873 1516 2037 1577 pura
2100 1497 2227 1559 deo
2287 1506 2607 1579 operante
2682 1498 2949 1578 corpori

1746 1584 2059 1649 divinitus
2104 1585 2447 1653 adunatur.
2546 1586 2636 1648 Et
2698 1585 2951 1668 quibus

1748 1692 1881 1736 non
1930 1672 2148 1753 placet
2216 1672 2547 1736 celebrare
2607 1674 2953 1736 dominice

1750 1762 1978 1823 matris
2024 1761 2351 1823 carnalem
2414 1762 2953 1843 copulationem:

1750 1849 2010 1931 placeat
2042 1848 2255 1912 colere
2303 1850 2525 1912 anime
2570 1849 2715 1931 ejus
2760 1870 2951 1912 crea-

1750 1937 1999 2000 tionem
2055 1936 2461 2020 spiritualem
2511 1938 2953 2020 corporisque

1750 2046 1901 2088 cum
1935 2024 2159 2089 anima
2188 2026 2699 2107 copulationem.
2792 2026 2954 2089 Tres

1753 2114 1982 2175 ultime
2050 2113 2341 2176 lectiones
2411 2115 2491 2177 de
2562 2114 2955 2196 expositione

1747 2200 2071 2282 evangelii
2185 2203 2381 2265 Liber
2498 2203 2951 2284 generationis

1749 2289 1906 2371 Jesu
1944 2288 2206 2353 Christi.
2299 2311 2486 2373 quere
2506 2312 2574 2353 m
2598 2290 2954 2353 nativitate

1748 2375 2076 2459 ejusdem.⁶

1750 2508 1799 2551 et
1832 2500 2049 2550 visitavit
2084 2500 2417 2551 humilitatem
2461 2517 2618 2553 suam.
2672 2510 2753 2568 pf.
2812 2506 2948 2555 Can-

1744 2574 1853 2615 tate
1894 2568 1991 2631 (j.)
2029 2569 2136 2617 Aa.
2190 2568 2295 2618 Ista
2328 2576 2402 2618 est
2449 2570 2676 2633 speciosa
2720 2572 2885 2621 electa
2920 2586 2955 2620 a

1750 2632 1957 2682 domino
1984 2651 1995 2682 :
2028 2634 2171 2697 cujus
2193 2634 2503 2684 nativitatem
2528 2636 2947 2701 [conceptionem

1753 2696 1917 2777 E.G.]
1954 2698 2261 2749 celebramus
2300 2700 2663 2763 [celebremus:
2708 2702 2804 2768 G.]
2834 2722 2849 2753 :
2898 2712 2953 2752 ut

1750 2764 1860 2825 ipsa
1904 2766 2178 2815 intercedat
2224 2781 2316 2831 pro
2362 2766 2508 2816 nobis
2566 2768 2631 2817 ad
2687 2769 2951 2818 dominum

1750 2830 1899 2879 deum
1946 2840 2187 2881 nostrum.
2265 2839 2345 2897 pf.
2430 2834 2681 2883 Domitius
2726 2836 2955 2899 regnavit

1750 2898 1954 2946 exultet.
2024 2902 2109 2945 aa.
2186 2896 2370 2948 Sancta
2412 2900 2570 2948 maria
2606 2915 2841 2951 succurre
2865 2902 2956 2950 mi-

1752 2961 1911 3011 seris:
1940 2962 2063 3026 juva
2100 2964 2470 3028 pusillanimes:
2506 2966 2676 3015 refove
2722 2966 2955 3017 flebiles:

1750 3044 1839 3077 ora
1874 3044 1967 3092 pro
2008 3030 2232 3093 populo:
2269 3031 2509 3081 interveni
2536 3048 2628 3096 pro
2667 3031 2804 3082 clero
2832 3052 2845 3081 :
2880 3034 2955 3082 in-

1752 3096 1947 3144 tercede
1972 3096 2265 3157 [intervenit
2300 3096 2395 3161 G.]
2421 3113 2513 3161 pro
2528 3099 2715 3148 devoto
2737 3100 2959 3149 femineo

1749 3176 1887 3211 sexu.
1949 3168 2030 3225 pf.
2082 3161 2295 3212 Cantate
2320 3164 2423 3227 (ij.)
2442 3171 2559 3213 πω
2590 3165 2711 3214 Post
2734 3174 2953 3229 pastum.

1769 3292 1801 3340 h
1817 3227 2034 3275 Initium
2058 3229 2221 3277 sancti
2250 3231 2497 3293 evangelii
2528 3232 2800 3281 secundum
2838 3232 2959 3280 Ma·

1748 3298 1771 3339 t
1803 3307 1932 3342 eum.

1749 3362 1805 3441 l
1838 3359 1946 3408 iber
1972 3360 2310 3423 generationis
2346 3361 2468 3424 Jesu
2505 3361 2713 3412 Christi.
2788 3363 2861 3412 Et
2884 3379 2959 3411 re-

1791 3424 1988 3489 ⁴liqua.
2080 3426 2249 3475 Sermo
2314 3442 2376 3476 ex
2430 3430 2784 3477 commentario
2830 3430 2963 3479 beati

1750 3488 2033 3554 hieronymi
2042 3492 2325 3555 presbyteri.
2680 3494 2845 3544 Lectio
2866 3496 2958 3561 vij.

1811 3573 1843 3605 n
1866 3556 2005 3621 ysaia
2026 3558 2222 3621 legitur.
2297 3559 2688 3609 Generationem
2712 3562 2823 3625 ejus
2846 3562 2962 3627 quis

1808 3622 2071 3673 enarrabit.
2144 3623 2196 3673 N
2198 3640 2264 3673 on
2282 3640 2399 3689 ergo
2422 3633 2656 3691 putemus
2678 3629 2963 3691 evangelis-

1751 3696 1854 3738 tam
1878 3689 2122 3753 prophete
2145 3706 2251 3739 esse
2262 3691 2561 3741 contrarium
2584 3712 2595 3741 :
2632 3702 2687 3742 ut
2710 3695 2851 3759 quod
2877 3694 2963 3742 ille

1751 3771 1853 3804 non
1889 3754 2015 3805 dixit
2051 3770 2159 3805 esse
2195 3756 2453 3807 futurum:
2488 3757 2587 3807 hoc
2623 3758 2709 3809 hic
2756 3774 2961 3811 narrare

1752 3820 1993 3886 incipiat:
2028 3822 2145 3886 quia
2184 3821 2254 3871 ibi
2294 3822 2359 3872 de
2401 3825 2729 3888 generatione
2774 3826 2963 3876 divini-

1753 3889 1869 3937 tatis
1894 3906 1906 3936 :
1941 3888 2024 3937 hic
2046 3888 2110 3937 de
2134 3888 2477 3939 incarnatione
2508 3898 2585 3940 est
2624 3892 2839 3942 dictum.
2912 3893 2961 3941 A

1751 3954 2030 4003 carnalibus
2074 3962 2240 4003 autem
2286 3956 2455 4019 cepit:
2480 3964 2533 4005 ut
2570 3972 2660 4021 per
2692 3958 2961 4009 hominem

1751 4020 1901 4069 deum
1926 4020 2115 4069 discere
2139 4021 2451 4084 incipiamus.
2522 4020 2613 4073 Re.
2672 4024 2965 4089 Conoeptio

1752 4085 1967 4149 gloriose
2007 4086 2211 4151 virginis
2250 4088 2406 4137 marie
2443 4104 2505 4137 ex
2540 4090 2735 4139 semine
2772 4090 2963 4141 abrahe

1752 4160 1991 4215 concepta
2008 4152 2074 4201 de
2090 4152 2219 4201 tribu
2237 4153 2361 4216 juda
2376 4154 2512 4203 clara
2530 4170 2589 4204 ex
2608 4157 2768 4221 stirpe
2784 4158 2961 4207 david.

1752 4216 1909 4281 Cujus
1944 4218 2046 4267 vita
2081 4219 2266 4283 inclyta
2308 4230 2511 4269 cunctas
2545 4220 2765 4271 illustrat
2801 4224 2963 4273 eccle·

1750 4282 1865 4333 sias.
1940 4274 1989 4345 Ϋ
2015 4285 2295 4349 Conceptio
2316 4294 2391 4335 est
2424 4286 2577 4337 hodie
2612 4296 2791 4337 sancte
2804 4290 2963 4338 marie

1750 4349 1969 4415 virginis.
2012 4350 2169 4415 Cujus
2193 4352 2309 4401 vita.
2652 4354 2825 4404 Lectio
2850 4357 2955 4420 τὰ).

3088 510 3101 853 2

3086 864 3101 1522 J

3086 1685 3099 1858 Ι

3086 3442 3101 3541 -—-
3097 3420 3101 3425 .
3091 3282 3101 3385 —..
3097 3208 3101 3225 -

3089 3902 3101 4279 -———————
