3117 4959
865 235 944 293 'S.
995 237 1105 310 JA
1115 237 1166 292 C
1163 237 1306 292 OB!
1349 237 1405 290 A
1414 235 1781 294 POSTOLI.

618 343 756 398 415

142 447 302 583 H
307 453 478 513 erent
505 448 627 512 sibi
657 449 882 512 divine
916 449 1237 514 lectiones
1266 469 1282 514 :

307 547 369 600 et
426 537 792 619 frequenter
839 559 974 601 una
1033 539 1284 620 pendet

141 647 216 690 ex
247 625 478 689 altera:
521 635 596 688 ut
639 645 1115 708 nonnunquam
1163 647 1283 690 ex-

141 714 300 776 ordia
325 714 770 795 subsequentis
801 713 1060 778 facilius
1091 714 1284 778 intel-

139 802 392 883 ligantur
432 823 516 865 ex
564 803 1090 866 consideratione
1137 823 1285 884 pre-

141 889 414 953 cedentis,
501 887 698 970 Quod
731 891 797 952 in
830 889 956 954 hac
999 889 1285 955 lectione

141 975 302 1040 facile
329 978 758 1041 advertimus:
798 979 853 1041 si
887 978 1060 1041 illius
1091 999 1284 1061 supe-

140 1065 284 1128 riora
299 1082 638 1148 parumper
659 1065 1099 1131 attendamus.
1159 1067 1286 1132 Su-

139 1173 238 1236 pra
252 1154 410 1216 enlm
431 1152 651 1217 retulit
663 1155 935 1236 evangel
943 1156 1044 1219 ica
1057 1155 1254 1219 lectio
1267 1177 1282 1219 :

138 1241 268 1322 quia
307 1242 657 1305 ascendens
700 1243 894 1324 Jesus
939 1242 1282 1307 hierosoli-

139 1347 290 1391 mam
317 1331 662 1412 assumpsit
703 1329 1054 1395 duodecim
1087 1331 1282 1395 disci-

138 1415 300 1498 pulos
341 1437 488 1481 suos
530 1427 830 1482 secreto:
880 1428 948 1482 et
993 1421 1088 1482 ait
1133 1418 1280 1484 illis.

115 1504 286 1567 'Ecce
312 1506 722 1569 ascendimus
743 1505 1279 1588 hierosolymam.

135 1602 236 1656 etc.
315 1591 686 1678 Statimque
722 1594 1130 1678 evangelista
1159 1595 1280 1659 a'd-

130 1679 324 1762 junxit
349 1681 584 1746 dicens.
662 1682 854 1746 Tunc
887 1684 1162 1748 accessit
1193 1685 1280 1749 ad

135 1788 262 1832 eum
335 1779 541 1833 mater
611 1769 898 1834 filiorum
987 1771 1279 1836 zebedei.

133 1855 323 1920 Mater
366 1857 646 1922 filiorum
701 1858 973 1923 zebedei
1036 1870 1279 1924 mater-

133 1951 250 2008 tera
273 1944 389 2008 fuit
422 1945 806 2011 salvatoris:
857 1956 1070 2011 mater
1098 1948 1282 2012 vide·

133 2031 262 2094 licet
280 2032 490 2114 jacobi
515 2043 584 2098 et
608 2035 939 2117 johannis,
970 2036 1106 2100 Lcc.
1140 2037 1278 2119 viij.

131 2122 364 2255 Hac
392 2143 480 2184 ex
533 2142 736 2186 causa
766 2124 1000 2186 fratres
1047 2124 1283 2188 mulier

293 2208 592 2274 incitatur
623 2211 709 2274 ad
735 2211 1132 2294 dignitatem
1166 2233 1282 2296 pe-

133 2295 364 2360 tendam
422 2300 581 2379 pro¹
646 2298 797 2362 filiis
867 2301 1002 2362 suis
1031 2321 1046 2364 :
1123 2301 1280 2382 quia

131 2393 256 2464 post
308 2387 528 2450 omnia
601 2389 866 2452 dixerat
925 2388 1235 2452 dominus
1265 2409 1282 2453 ε

106 2471 206 2542 ¹Et
241 2475 424 2538 tertia
470 2475 579 2538 die
631 2495 986 2558 resurgam.
1082 2477 1282 2540 Puta-

129 2557 224 2622 bat
249 2563 411 2625 enim
459 2562 698 2626 mulier
736 2564 917 2646 quod
970 2564 1280 2628 dominus

131 2659 252 2728 post
281 2653 812 2715 resurrectionem
831 2672 1020 2716 suam
1046 2673 1280 2734 regna-

130 2743 282 2799 turus
309 2749 477 2802 esset
509 2739 576 2802 in
607 2751 788 2804 terra
811 2740 1236 2822 corporaliter
1263 2762 1280 2806 :

131 2831 184 2884 ct
245 2825 630 2907 dignitatem
706 2837 1036 2892 terrenam
1105 2836 1283 2892 esset

131 2909 569 2980 distributurus.
667 2915 819 2980 Hac
851 2917 1052 2998 igitur
1068 2917 1280 2982 avidi-

131 3005 242 3062 tate
282 3001 560 3068 feminea
613 3004 890 3069 incitata
936 3005 1020 3069 ad
1067 3005 1282 3069 domi-

131 3103 259 3150 num
278 3092 541 3155 accessit
569 3113 584 3156 :
629 3111 872 3175 rogans
891 3093 1237 3157 dominum
1264 3115 1279 3158 :

131 3182 189 3237 ut
235 3177 410 3242 daret
467 3179 620 3243 filiis
677 3181 812 3244 suis
874 3190 1276 3263 potestatem

129 3262 398 3329 sedendi:
443 3269 554 3332 uni
585 3289 630 3330 a
659 3268 955 3333 dextris:
997 3279 1071 3349 et,
1090 3270 1278 3333 alteri

129 3367 164 3410 a
196 3351 466 3420 sinistris.
561 3357 1008 3438 Respondeas
1054 3367 1278 3421 autem

127 3433 286 3514 jesus
317 3441 486 3507 dixit
515 3465 530 3508 :
581 3445 871 3508 Nescitis
901 3445 1060 3527 quid
1094 3456 1280 3528 peta-

127 3523 208 3588 tis.
276 3528 485 3594 Mater
506 3531 780 3614 quidem
807 3535 1128 3614 petierat:
1159 3534 1278 3597 sed

127 3611 392 3681 dominus
451 3619 812 3702 discipulos
873 3623 1278 3703 increpavit:

127 3701 252 3780 quia
281 3705 605 3773 intellexit
648 3710 1040 3791 petitionem
1073 3729 1276 3792 quam

127 3799 308 3854 mater
332 3797 644 3860 attulerat
673 3817 762 3860 ex
782 3799 1090 3861 suasione
1114 3796 1278 3860 filio.

127 3893 246 3940 rum
272 3881 700 3948 descendisse.
946 3885 1166 3949 Lectio
1190 3885 1278 3950 ix.

124 3965 532 4092 Interrogat
591 3993 708 4036 eos
782 3973 1092 4037 dominus
1130 3995 1145 4036 :
1221 3975 1276 4038 si

209 4053 460 4121 calicem
480 4068 757 4142 possent
776 4060 1002 4125 bibere
1029 4081 1044 4125 :
1076 4082 1274 4144 quem

123 4133 408 4208 bibiturus
432 4157 590 4211 erat.
646 4149 712 4211 id
736 4160 839 4213 est
870 4150 924 4212 si
955 4149 1276 4217 eandem²

123 4231 458 4306 passionem
569 4236 840 4301 sufferre
957 4247 1230 4322 possent
1258 4259 1272 4302 :

205 4363 540 4487 :trra

1120 4375 1144 4404 ²
1172 4373 1348 4423 eadem
1373 4391 1385 4424 =
1421 4373 1475 4424 S.

1128 4441 1150 4471 ⁸
1182 4455 1381 4491 secura:
1421 4439 1548 4491 R.S.

1890 343 2031 396 416

1387 469 1589 532 quarn
1621 447 1733 512 ille
1764 469 2077 532 passurus
2110 458 2252 513 erat
2284 469 2407 532 pro
2437 449 2585 514 illis.

1389 538 1685 603 Calicem
1737 538 1952 620 inquit
1998 538 2307 601 dominus
2360 557 2583 601 meum

1385 627 1647 690 bibetis.
1695 625 1760 688 id
1796 626 1934 690 est³
1952 625 2330 707 passionem
2364 645 2585 690 meam

1385 713 1813 778 sustinebitis.
1922 713 2171 778 Sedere
2216 723 2445 777 autem
2500 713 2589 778 ad

1385 803 1739 866 dexteram
1783 821 2001 865 meam
2050 801 2157 865 vel
2207 802 2583 866 sinistram:

1385 909 1519 954 non
1551 898 1655 954 est
1684 908 1909 953 meum
1940 889 2101 954 dare
2123 889 2327 953 vobiS.
2377 890 2443 953 id
2478 901 2579 954 est

1385 998 1516 1042 non
1568 977 1863 1042 humana
1910 986 2245 1060 potestate
2296 979 2424 1042 ista
2472 978 2575 1043 do.

1383 1067 1605 1133 Aliter
1636 1086 1653 1132 ε
1732 1067 1889 1130 Non
1947 1075 2049 1129 est
2112 1085 2331 1130 meum
2416 1067 2577 1131 dare

1381 1155 1573 1219 vobis
1617 1154 1685 1218 id
1733 1161 1835 1218 est
1882 1153 2183 1236 superbis
2230 1162 2297 1218 et
2341 1153 2577 1220 elatis:

1379 1242 1499 1306 sed
1541 1243 1782 1326 quibus
1828 1251 2135 1324 paratum
2180 1252 2282 1306 est
2315 1263 2357 1306 a
2386 1252 2607 1325 patre,

1381 1349 1575 1394 meo:
1617 1329 1978 1393 humilibus
2018 1330 2270 1394 scilicet
2298 1340 2368 1393 et
2398 1332 2575 1394 miti-

1379 1417 1523 1482 bus,
1618 1418 1841 1500 Hujus
1864 1438 2024 1500 ergo
2048 1419 2298 1482 meritis
2329 1427 2397 1481 et
2428 1439 2576 1501 pre-

1379 1507 1570 1570 cibus
1599 1506 1777 1570 beati
1803 1505 2087 1589 apostoli
2111 1507 2337 1589 jacobi
2358 1507 2579 1588 gratia

1381 1594 1574 1658 nobis
1627 1604 1881 1660 annuat
1925 1595 2192 1660 divina:
2247 1604 2321 1658 ut
2366 1595 2571 1677 perci-
2646 1611 2653 1616 ·

1378 1684 1643 1766 piamus
1672 1702 1809 1746 non
1839 1683 2019 1766 quod
2054 1703 2423 1746 meremur:
2456 1683 2572 1746 sed

1379 1772 1564 1854 quod
1594 1772 1909 1854 petimus.
1970 1771 2037 1834 id
2070 1779 2171 1835 est
2202 1771 2411 1834 vitam
2441 1790 2574 1854 que

1379 1869 1729 1942 permanet
1789 1861 1857 1923 in
1918 1859 2141 1923 secula
2198 1855 2571 1922 seculorum

1386 1947 1606 2013 Cetera
1635 1947 1732 2011 ad
1770 1947 2132 2011 matutinas
2172 1957 2239 2010 et
2275 1947 2471 2010 horas
2497 1946 2579 2010 de

1375 2035 1705 2099 communi
1758 2037 1961 2099 unius
2028 2035 2300 2118 apostoli
2326 2058 2352 2099 .·
2426 2055 2573 2098 cum

1377 2124 1667 2186 oratione
1689 2124 1992 2206 sequenti.
2325 2123 2571 2188 Oratio.

1376 2213 1636 2343 Esto
1665 2212 1937 2276 domine
1974 2210 2153 2293 plebi
2184 2221 2297 2274 tue
2329 2212 2573 2276 sancti-

1529 2298 1761 2363 ficator
1780 2308 1849 2364 et
1868 2310 2090 2364 custos
2115 2298 2165 2362 :⁴
2186 2309 2260 2363 ut
2284 2299 2569 2382 apostoli

1378 2389 1474 2451 tui
1534 2387 1760 2469 jacobi
1822 2389 2081 2451 munita
2142 2388 2443 2470 presidiis
2503 2397 2572 2450 et

1378 2477 1879 2540 conversatione
1953 2475 2074 2540 tibi
2136 2477 2436 2558 placeat:
2503 2485 2573 2538 et

1377 2565 1642 2627 secuta³
1670 2563 2016 2628 deserviat.
2066 2584 2185 2646 per
2206 2563 2569 2627 dominum.

1377 2652 1478 2715 Et
1487 2653 1631 2736 fiat
1656 2651 1967 2716 memoria
1989 2652 2085 2715 ad
2108 2652 2469 2714 matutinas
2496 2651 2575 2712 de

1375 2749 1596 2804 sancto
1638 2740 2020 2822 christoforo
2064 2749 2365 2819 martyre.
2454 2739 2583 2802 Ad

1377 2840 1673 2910 vesperas
1699 2828 1920 2892 omnia
1940 2827 2020 2890 de
2038 2829 2366 2891 communi
2392 2836 2574 2907 apos-

1377 2918 1653 2981 tolorum
1676 2939 1701 2980 .·
1742 2937 1889 2980 cum
1931 2914 2218 2980 oratione
2254 2915 2423 2978 Esto
2452 2916 2545 2979 do

1381 3006 1577 3068 mine.
1611 3064 1621 3077 ,
1668 3013 1744 3068 ut
1769 3015 1989 3085 supra.

1382 3098 1446 3172 π
1494 3093 1825 3157 Memoria
1853 3092 1935 3156 de
1958 3099 2183 3155 sancta
2198 3110 2390 3153 anna.
2436 3091 2579 3155 Aa.

1382 3180 1617 3247 Simile
1648 3189 1751 3245 est
1795 3200 2073 3262 regnum
2126 3178 2419 3242 celorum
2467 3199 2575 3241 sa-

1377 3289 1565 3351 gene.
1655 3286 1704 3355 y
1752 3265 2015 3332 Diffusa
2046 3276 2192 3330 est.·
2325 3266 2577 3332 Orati0.

1379 3360 1652 3490 Deus
1689 3357 1804 3440 qui
1850 3356 2119 3420 beatam
2166 3375 2409 3418 annam
2458 3355 2572 3417 diu

1534 3445 1829 3508 sterilem
1859 3444 2045 3528 prole
2073 3443 2341 3507 voluisti
2374 3443 2575 3526 glori-

1379 3553 1496 3597 osa
1525 3543 1595 3597 et
1625 3533 1921 3599 humano
1964 3533 2189 3616 generi
2234 3531 2575 3595 salutifera

1377 3621 1720 3685 fecundari
1749 3643 1763 3686 :
1840 3621 1930 3684 da
2011 3640 2372 3704 quesumus
2408 3640 2423 3684 :
2500 3626 2574 3682 ut

1377 3730 1613 3774 omnes
1644 3730 1869 3774 amore
1899 3708 2035 3772 filie
2066 3719 2351 3772 matrem
2380 3727 2578 3771 vene-

1379 3808 1641 3862 rantes:
1688 3798 1755 3862 in
1779 3797 1943 3861 hora
1968 3798 2199 3860 mortis
2231 3797 2575 3877 utriusque

1377 3887 1711 3969 presentia
1784 3887 2078 3966 gaudere
2156 3883 2577 3947 mereantur.⁶

1378 3995 1496 4056 per
1546 3972 1914 4038 dominum.
2033 3972 2160 4035 Ad
2212 3970 2577 4034 matutinas

1375 4061 1597 4126 omnia
1626 4063 1796 4125 sicut
1826 4059 2023 4124 unius
2052 4069 2344 4122 matrone
2361 4082 2388 4122 .·
2424 4072 2577 4140 pre-

1379 4161 1480 4214 ter
1504 4151 1839 4234 legendam
1866 4157 1931 4212 et
1957 4147 2324 4211 orationem.

2286 4233 2503 4299 Lectio
2513 4233 2577 4319 j.

1827 4371 1846 4401 ⁸
1885 4376 1899 4400 ‘
1918 4370 2022 4420 ω’
2048 4386 2179 4420 om.:
2212 4371 2280 4420 N.

1834 4440 1853 4468 ·
1886 4453 2163 4488 mereamur
2238 4437 2292 4490 S.
