3117 4959
635 203 696 263 s,
746 161 1127 264 eroN'Js
1173 206 1294 262 ET
1333 205 1567 280 JUDE
1608 206 2243 267 APOSTOLORUM.

712 313 867 372 643

170 437 311 482 non
342 439 489 483 esse
532 439 729 485 ausos
757 441 979 484 coram
1028 420 1215 485 vobis
1259 441 1377 503 po·

170 509 343 570 sitos
392 508 583 570 nobis
642 510 803 572 dare
852 529 1205 592 responsa:
1257 529 1377 573 vos

172 595 373 658 nobis
426 596 647 659 sutura
700 598 1031 679 predicite.
1125 598 1377 662 Dicunt

170 682 232 746 ei
295 683 623 764 apostoli:
672 685 1013 748 Modicum
1072 685 1375 750 sustine:

168 779 241 834 et
266 771 655 851 jubebimus
680 773 801 836 hos
819 774 1141 838 demones
1172 773 1373 855 loqui.

166 857 288 921 Ad
352 878 583 922 vocem
643 870 870 924 autem
918 859 1370 943 apostolorum

162 955 493 1028 ceperunt
534 947 627 1010 dii
668 968 897 1011 eorum
928 948 1121 1012 simul
1153 950 1373 1013 dicere

159 1035 427 1115 grande
467 1034 719 1098 bellum
751 1036 1041 1100 futurum
1072 1057 1255 1100 esse:
1301 1045 1371 1100 et

158 1141 257 1184 ex
290 1133 573 1206 utraque
604 1133 793 1206 parte
843 1144 1039 1206 posse
1091 1124 1368 1188 interfici

154 1209 546 1290 preliantes,
638 1212 829 1275 Tunc
852 1213 1135 1294 apostoli
1160 1213 1268 1276 dei
1298 1215 1367 1275 in

154 1297 374 1361 risum
427 1299 701 1363 excitati
753 1308 927 1364 sunt.
1020 1300 1215 1363 Dixit
1274 1301 1367 1363 eis

152 1384 498 1450 baradach
519 1388 662 1450 dux
688 1407 703 1450 :
729 1387 844 1450 Me
863 1387 1065 1451 timor
1092 1388 1366 1451 invasit:

149 1483 225 1537 et
244 1493 375 1537 vos
394 1475 636 1538 ridetis.
687 1475 939 1539 Dicunt
960 1477 1019 1539 ei
1045 1474 1329 1559 apostoli
1352 1495 1369 1540 :

151 1561 403 1626 Cesset
477 1563 679 1626 timor
752 1572 947 1626 tuus:
1009 1565 1165 1646 quia
1226 1584 1365 1646 pax

148 1649 517 1713 nobiscum
550 1651 821 1714 intravit
866 1652 933 1714 in
979 1651 1177 1716 istam
1210 1671 1364 1734 pro-

142 1738 471 1801 vinciam.
562 1739 741 1802 Nam
772 1739 972 1802 hodie
1001 1740 1364 1803 intermitte

144 1824 687 1907 profectionem:
731 1835 800 1890 et
840 1828 1126 1891 crastina
1154 1827 1265 1890 die
1295 1829 1362 1890 in

144 1915 291 1976 hac
322 1913 489 1976 hora
504 1915 773 1977 venient
791 1915 903 1996 qui
924 1917 1074 1996 paci
1096 1916 1113 1954 ¹
1145 1924 1364 1978 vestre

143 2009 443 2084 pactum
494 2001 939 2066 firmissimum
1002 2003 1365 2066 stabilient.

160 2091 461 2222 Tunc
492 2090 893 2171 templorum
926 2111 1095 2173 pon·-
1130 2091 1231 2174 [L.
1266 2091 1361 2173 ig‘s.

330 2177 543 2241 tifices
613 2179 981 2242 dixerunt:
1074 2180 1365 2243 Domine

138 2264 297 2328 noli
330 2265 435 2328 his
464 2264 843 2330 hominibus
873 2268 1154 2332 credere.
1251 2267 1361 2330 Dii

135 2355 249 2418 tui
290 2354 409 2436 qui
457 2373 793 2436 nunquam
840 2354 1126 2418 fallunt:
1158 2356 1363 2419 dede-

136 2450 315 2505 runt
396 2441 515 2505 tibi
593 2461 981 2524 responsum
1029 2464 1044 2506 :
1122 2451 1199 2506 ut
1272 2443 1364 2506 sis

132 2539 415 2594 cautus
548 2529 863 2612 Apostoli
938 2550 1097 2594 vero
1170 2530 1363 2594 dixe-

134 2627 311 2682 runt
375 2617 571 2681 duci:
620 2619 775 2681 Non
838 2619 960 2682 tibi
1020 2618 1362 2683 diximus:

133 2714 455 2789 expecta
526 2725 731 2769 unum
810 2725 1151 2770 mensem:
1240 2705 1359 2770 sed

132 2813 363 2858 unum
428 2793 625 2857 diem.
718 2794 799 2856 In
859 2795 1146 2858 crastino
1204 2814 1364 2858 vero

128 2891 485 2946 venerunt
514 2883 771 2944 nuncii:
822 2883 937 2964 qui
987 2882 1169 2945 missi
1221 2882 1362 2945 sue-

130 2980 343 3034 rant:
391 2979 461 3032 et
505 2970 978 3033 nunciaverunt
1010 2970 1235 3032 omnia
1265 2971 1361 3033 ita

128 3079 339 3122 esse:
372 3058 545 3120 sicut
574 3056 859 3139 apostoli
907 3058 1357 3140 predixerunt.

124 3148 349 3210 Tunc
412 3147 617 3208 iratus
677 3145 1103 3227 pontificibus
1150 3146 1294 3209 dux
1341 3166 1356 3210 :

122 3233 370 3298 voluit
420 3253 535 3295 eos
565 3234 750 3296 vivos
782 3234 1139 3297 accendere
1176 3253 1191 3296 :
1238 3234 1356 3296 sed

121 3319 613 3405 apostolorum
662 3330 896 3402 rogatu
942 3321 1193 3385 dimisit
1224 3341 1355 3384 eos,

120 3412 315 3474 Post
332 3409 459 3471 hec
478 3427 637 3471 vero
654 3409 1013 3490 supradicti
1027 3410 1163 3472 duo
1176 3409 1355 3490 magi

118 3497 651 3562 multitudinem
684 3497 1088 3578 serpentium
1134 3497 1357 3559 venire

114 3587 470 3651 fecerunt.
480 3585 595 3646 sed
617 3583 900 3666 apostoli
914 3585 1020 3646 dei
1036 3584 1357 3648 miserunt

114 3677 299 3738 illos
332 3673 406 3735 in
438 3671 708 3734 eosdem
742 3691 975 3753 magos
1004 3692 1019 3735 :
1065 3680 1133 3734 et
1164 3692 1355 3753 cepe-

110 3769 304 3827 runt
324 3760 679 3824 comedere
700 3779 929 3823 carnes
948 3758 1207 3822 illorum
1238 3780 1253 3822 :
1286 3769 1353 3823 et

109 3849 491 3915 ulularunt
522 3847 699 3928 magi
731 3847 899 3911 sicut
930 3847 1085 3930 lupi.
1131 3847 1207 3910 L.
1230 3847 1353 3930 iiij.

316 3955 449 3998 unc
500 3954 620 3997 rex
672 3935 938 3998 dicebat
986 3936 1354 4017 apostolis:

316 4021 681 4087 Permitte²
720 4022 815 4085 eis
866 4031 943 4086 ut
990 4023 1358 4086 moriantur

102 4116 217 4180 ab
282 4111 437 4174 illis.
533 4110 867 4173 Dixerunt
920 4111 1203 4192 apostoli
1264 4111 1349 4174 ad

103 4219 409 4285 regem:
443 4199 587 4261 Nos
618 4199 797 4261 missi
823 4218 1051 4262 sumus
1076 4220 1117 4262 a
1142 4209 1353 4263 morte

314 4375 327 4404 ¹
367 4371 545 4437 pacis:
581 4371 647 4422 N.

820 4373 842 4402 ²
875 4369 1151 4422 Permittite
1173 4391 1185 4422 :
1222 4373 1286 4423 R.
1296 4373 1361 4422 N.

1992 315 2146 371 644

1478 420 1568 485 ad
1597 420 1805 485 vitam
1838 422 2165 487 reducere.
2237 419 2328 487 Et
2357 420 2676 487 dixerunt

1476 512 1895 592 serpentibus
1929 531 1944 574 :
2038 511 2282 574 Redite
2365 510 2452 594 ad
2527 510 2676 575 loca

1474 607 1737 661 vestra:
1811 617 2014 662 omne
2085 617 2414 662 venenum
2491 599 2672 680 quod

1476 684 1806 749 infudistis
1841 686 2054 768 magis
2099 686 2282 750 istis:
2327 685 2671 749 vobiscum

1473 772 1744 838 auferte.
1827 774 2018 837 Tunc
2049 773 2143 837 illi
2176 774 2352 856 magi
2387 774 2673 855 majores

1472 861 1799 925 cruciatus
1860 863 2036 944 passi
2085 872 2291 925 sunt:
2335 881 2488 925 cum
2539 882 2672 925 ser-

1471 958 1706 1030 pentes
1737 949 1974 1013 iterum
2009 950 2337 1013 morsibus
2381 950 2671 1014 edebant

1469 1055 1701 1100 carnes
1732 1057 1978 1100 eorum.
2363 1037 2580 1102 Lectio
2608 1058 2668 1102 v.

1468 1125 1880 1256 Apostoli
1911 1133 2138 1188 autem
2169 1127 2380 1207 rogati
2429 1147 2468 1189 a
2515 1145 2670 1208 rege

1637 1214 2066 1277 morabantur
2095 1214 2160 1277 in
2192 1214 2567 1277 babilonia:
2599 1221 2670 1277 et

1467 1299 1782 1378 baptisati
1830 1311 1984 1364 sunt
2016 1321 2164 1364 cum
2201 1321 2352 1384 rege
2383 1300 2668 1384 amplius

1466 1407 1671 1468 quam
1717 1389 2072 1470 sexaginta
2119 1389 2300 1452 milia
2343 1390 2667 1453 virorum:

1466 1477 1769 1558 exceptis
1816 1476 2108 1558 parvulis
2155 1486 2221 1540 et
2266 1477 2664 1548 mulieribuS,

1468 1562 1892 1627 Ordinabant
1910 1583 2064 1628 vero
2084 1564 2506 1646 presbyteros
2525 1565 2668 1628 dia-

1466 1669 1669 1714 conos
1702 1661 1770 1715 et
1791 1651 2078 1715 clericos.
2111 1673 2200 1715 ex
2226 1652 2464 1735 quibus
2495 1673 2666 1715 unus

1463 1737 1783 1802 diaconus
1806 1740 2074 1805 nomine
2092 1739 2486 1804 eufrosinus:
2516 1760 2670 1821 pas-

1463 1845 1578 1888 sus
1595 1825 1722 1890 suit
1744 1827 1990 1890 crimen
2012 1829 2318 1892 incestus,
2371 1828 2664 1891 Venien-

1466 1922 1570 1976 tes
1587 1935 1746 1978 vero
1777 1915 2063 1996 apostoli
2095 1917 2180 1978 ad
2215 1925 2525 1998 parentes
2544 1937 2668 1998 pu-

1465 2000 1594 2064 elle
1624 2003 1968 2067 dixerunt:
2011 2003 2302 2086 Quando
2335 2013 2529 2067 natus
2561 2013 2664 2066 est

1464 2090 1678 2171 puer?
1772 2091 2156 2156 Dixerunt:
2229 2092 2452 2155 Hodie
2501 2091 2666 2154 hora

1465 2177 1698 2259 prima.
1790 2179 1982 2242 Tunc
2015 2179 2357 2260 adjuratus
2387 2199 2552 2261 puer
2594 2179 2662 2242 in

1466 2266 1738 2328 nomine
1808 2266 1968 2347 Jesu
2033 2266 2276 2332 Christi
2313 2289 2328 2330 :
2403 2267 2663 2330 locutus

1463 2361 1567 2415 est
1627 2353 1854 2417 dicens
1929 2355 2106 2436 quod
2172 2356 2490 2418 diaconus
2551 2354 2662 2419 ille

1464 2450 1637 2504 esset
1657 2441 1757 2504 vir
1785 2453 2053 2506 sanctus
2083 2453 2150 2506 et
2179 2453 2400 2506 castus
2431 2453 2498 2506 et
2529 2463 2662 2506 non

1464 2529 1832 2609 inquinavit
1856 2550 2119 2593 carnem
2152 2550 2360 2594 suam.
2418 2531 2556 2594 Lec.
2576 2531 2664 2613 vj.

1484 2617 1766 2747 Tunc
1824 2626 2148 2681 venerunt
2216 2617 2500 2701 apostoli
2573 2619 2662 2682 ad

1635 2707 1918 2787 suanyr⁸
1949 2707 2283 2769 civitatem
2306 2725 2663 2788 magnam:

1462 2791 1529 2853 in
1561 2791 1836 2855 domum
1871 2794 2218 2875 cujusdam
2243 2795 2362 2856 viri
2395 2794 2663 2857 nomine

1460 2878 1714 2943 semei.⁴
1805 2880 2278 2963 Veneruntque
2315 2881 2662 2963 pontifices

1458 2987 1612 3030 cum
1658 2966 1908 3049 populo
1953 2969 2354 3032 clamantes:
2404 2969 2662 3031 Produc

1460 3054 1760 3118 inimicos
1845 3057 2120 3118 deorum
2214 3065 2588 3118 nostrorum
2643 3077 2660 3121 :

1461 3163 1611 3205 cum
1646 3143 1886 3225 quibus
1931 3145 1985 3206 si
2029 3163 2162 3206 non
2195 3143 2661 3207 sacrificaveris

1459 3230 1888 3294 incendemus
1918 3242 1987 3294 te
2015 3252 2030 3294 :
2062 3241 2131 3296 et
2161 3232 2438 3294 domum
2471 3240 2656 3294 tuam

1458 3337 1610 3381 cum
1644 3319 1818 3401 ipsis,
1881 3319 2193 3401 Apostoli
2218 3329 2442 3383 autem
2474 3319 2658 3383 ducti

1456 3406 1543 3468 ad
1591 3405 1916 3488 templum
1963 3407 2158 3472 solis:
2204 3407 2659 3471 clamaverunt

1456 3495 1818 3557 demones:
1868 3495 2048 3578 Quid
2105 3495 2300 3558 nobis
2352 3504 2421 3558 et
2467 3495 2658 3558 vobis

1457 3583 1740 3662 apostoli
1773 3582 1896 3645 dei.
1993 3583 2072 3646 In
2105 3582 2402 3665 ingressu
2434 3592 2656 3646 vestro

1455 3668 1742 3732 flammis
1774 3670 2131 3734 exurimur.
2223 3672 2413 3735 Tunc
2437 3671 2655 3734 simon

1454 3757 1631 3820 dixit
1661 3757 1746 3820 ad
1779 3757 2244 3822 simulachrum
2279 3759 2468 3821 solis:
2505 3759 2656 3820 Pre-

1455 3845 1631 3926 cipio
1677 3846 1800 3909 tibi
1846 3846 2090 3908 demon
2127 3847 2239 3908 exi
2288 3846 2374 3908 de
2425 3843 2655 3908 simul-

1453 3932 1655 3996 achro
1697 3933 1894 3997 solis:
1940 3943 2008 3996 et
2062 3934 2436 3996 comminue
2490 3931 2652 3994 illud

1452 4030 1524 4084 et
1596 4022 1990 4104 quadrigam
2065 4020 2224 4101 ejus,
2335 4018 2656 4084 Similiter

1450 4129 1606 4172 cum
1655 4108 1777 4173 hec
1824 4108 2022 4187 judas
2064 4108 2146 4170 ad
2180 4107 2651 4170 simulachrum

1452 4197 1608 4261 lune
1653 4197 1975 4261 dixisset:
2021 4195 2264 4277 egressi
2311 4203 2468 4258 sunt
2517 4195 2654 4258 duo

1612 4373 1632 4402 ³
1665 4383 1846 4434 sanyr:
1883 4369 1936 4419 S.
2143 4369 2162 4399 ⁴
2197 4365 2376 4416 semei:
2413 4366 2478 4417 R.
