3117 4959
685 250 792 305 IN
833 247 1102 305 FESTO
1153 246 1765 303 CONCEPYIONIS
1809 248 2103 305 MARJE.

689 358 790 411 111

173 465 726 549 quemadmodum
759 482 877 545 per
905 461 1118 525 multa
1149 482 1355 543 expe-

171 557 446 617 rimenta
473 554 808 635 signorum
841 552 908 613 in
970 550 1193 632 anglia
1223 571 1238 613 ε
1285 559 1353 613 et

167 642 233 705 in
293 642 568 705 francia:
672 641 1038 720 ceterisque
1123 638 1352 701 mundi

175 730 546 795 climatibus
596 728 756 791 olim
819 728 906 789 sit
975 726 1350 790 declarata:

169 838 274 879 me
305 818 597 881 anselmo
627 814 1066 881 cantuariensi
1097 813 1350 878 archie—

165 908 432 987 piscopo
491 914 840 969 narrante:
886 904 1117 966 audiat
1145 903 1348 965 dilec-

163 994 256 1055 tio
311 1001 543 1057 vestra.
666 993 999 1073 Tempore
1079 1011 1347 1073 nanque

161 1081 314 1145 illo:
359 1102 492 1163 quo
522 1081 744 1144 divine
791 1079 1039 1163 placuit
1069 1080 1300 1161 pietati
1331 1100 1346 1143 :

159 1169 500 1250 anglorum
533 1178 808 1251 gentem
839 1168 926 1231 de
986 1166 1180 1229 malis
1209 1168 1346 1230 suis

156 1258 511 1339 corrigere:
557 1267 627 1321 et
669 1276 788 1320 sue
834 1256 1168 1319 servitutis
1205 1256 1346 1319 offi-

158 1346 272 1407 ciis
301 1347 504 1409 artius
537 1346 940 1425 astringere:
987 1363 1346 1406 normano-

157 1454 296 1495 rum
367 1434 544 1497 duci.
675 1432 1010 1495 Vilelmo¹
1057 1432 1342 1495 eandem

154 1523 430 1601 patriam
455 1520 860 1585 debellando
891 1518 1198 1601 subegit.²

150 1614 300 1742 A
313 1610 618 1673 udientes
630 1617 854 1676 autem
867 1608 1038 1672 dacii
1050 1608 1076 1645 ³
1089 1606 1252 1690 [Lec.
1273 1606 1347 1690 ij.

309 1698 610 1780 angliam
656 1696 1024 1778 subjectam
1080 1716 1344 1760 norma-

151 1786 280 1849 nis:
305 1804 490 1849 arma
509 1793 899 1869 preparant:
925 1783 1203 1848 classem
1225 1805 1342 1867 ap-

149 1882 332 1937 tant:
378 1884 453 1938 ut
483 1875 584 1937 eis
615 1874 1014 1937 adeuntibus
1046 1874 1298 1935 adacia
1325 1894 1340 1937 :

149 1961 398 2025 dictum
444 1982 674 2044 regem
722 1962 808 2026 ab
853 1960 1080 2043 anglia
1109 1961 1340 2043 expel-

148 2048 300 2114 lant.
393 2051 555 2114 Hoc
606 2059 950 2131 comperto
999 2069 1121 2111 rex
1156 2049 1342 2112 vilel-

146 2156 288 2201 mus
364 2139 654 2201 elsinum
739 2137 1052 2201 abbatem
1133 2158 1338 2201 reme-

143 2226 368 2290 siensis
443 2226 707 2292 cenobii
799 2225 1188 2288 accersitum
1270 2228 1338 2289 in

141 2315 397 2378 daciam
461 2316 737 2397 dirigit:
815 2322 888 2378 ut
979 2314 1175 2394 hujus
1245 2316 1336 2377 rei

138 2403 476 2467 veritatem
597 2403 902 2484 requirat.
1038 2403 1338 2484 Negocio

141 2490 412 2554 fideliter
471 2500 796 2574 peracto:
873 2490 962 2553 ad
1041 2490 1334 2573 angliam

141 2580 364 2643 reverti
387 2580 670 2662 cupiens
699 2601 714 2643 :
745 2599 928 2641 mare
951 2578 1336 2661 ingreditur.

131 2665 226 2730 Et
280 2668 506 2731 subito
573 2668 794 2730 densis
863 2668 1333 2748 surgentibus⁴

139 2756 380 2821 ventis:
425 2754 701 2819 horrida
731 2764 1095 2836 tempestas
1117 2752 1330 2819 celui’n

137 2844 492 2909 commovit
560 2853 630 2907 et
686 2844 920 2907 undas,
1027 2844 1332 2925 Cumque

140 2930 218 2993 de
246 2931 460 2995 salute
479 2952 837 3015 corporum
863 2932 1331 3013 desperarent:

137 3028 200 3081 et
227 3020 492 3085 beatam
531 3020 810 3083 mariam
858 3020 1098 3082 devote
1130 3021 1331 3084 recla-

138 3110 468 3173 marent:5
532 3129 688 3172 ecce
748 3108 972 3170 subito
1003 3109 1331 3190 aspiciunt

134 3194 338 3259 virum
393 3195 766 3279 pontificali
820 3195 1028 3258 infula
1057 3197 1328 3261 decora·

133 3290 286 3347 tum.
375 3284 516 3368 Qui
551 3304 796 3349 vocans
826 3285 912 3348 ad
945 3305 1016 3346 se
1049 3284 1330 3349 elsinum

142 3371 447 3435 abbatem
479 3396 496 3437 :
549 3373 727 3435 dixit
758 3374 835 3435 ei.
929 3372 1116 3437 Scias
1151 3395 1258 3436 me
1289 3395 1330 3438 a

135 3458 398 3525 domina
447 3472 682 3525 nostra
726 3460 1054 3523 directum
1099 3464 1186 3524 ad
1221 3471 1330 3528 te:

229 3607 244 3637 ¹
277 3607 584 3658 willelmo:
618 3608 816 3658 E.G.S.

227 3674 246 3702 ²
282 3676 298 3701 ⁸
313 3674 402 3724 Re.
471 3674 650 3724 Hodie
671 3679 915 3738 concepta
935 3681 1010 3723 est
1023 3675 1171 3725 beata
1193 3676 1334 3740 virgo

135 3738 282 3789 maria
318 3755 380 3789 ex
417 3741 662 3805 progenie
701 3740 854 3789 david
893 3755 982 3803 per
1051 3758 1166 3790 uam
1200 3743 1334 3793 salus

136 3805 299 3853 mundi
335 3806 660 3855 credentibus
705 3806 952 3871 apparuit.
1015 3758 1184 3872 Qujus
1229 3810 1334 3858 vita

133 3868 340 3931 gloriosa
361 3872 530 3923 lucem
555 3872 694 3922 dedit
716 3872 900 3924 seculo.
965 3863 1018 3937 Ϋ
1039 3874 1334 3924 Beatissime

133 3935 330 4050 {ggglss
373 3940 962 4055 mariecconceptdignerss
987 3940 1336 4057 Gdevotissime

207 4018 236 4051 e
271 4019 452 4053 remus.
577 4021 608 4053 u
629 4021 686 4055 us
739 4022 770 4055 a
866 4026 880 4057 ε
966 4042 977 4055 .
1037 4043 1050 4057 .

223 4068 245 4097 ⁸
275 4068 385 4118 daei
412 4089 427 4119 ε
465 4070 529 4119 E.
539 4022 624 4121 G.J

227 4136 246 4165 ⁴
283 4136 567 4201 ‘undique'
592 4136 692 4187 add
719 4154 730 4185 :
766 4138 831 4189 G.

227 4202 246 4229 ⁸
281 4200 557 4251 clamarent
582 4220 597 4252 :
631 4203 676 4251 E
704 4204 766 4254 G.

230 4267 251 4295 ⁸
287 4270 302 4293 ‘
320 4267 622 4317 Beatissime
669 4270 876 4333 virginis
922 4270 1076 4319 marie
1123 4284 1338 4335 concep·

138 4328 317 4381 tionem
341 4332 666 4383 devotissime
686 4336 992 4387 celebremus
1019 4338 1090 4387 Ut
1115 4337 1224 4400 ipsa
1247 4352 1338 4400 pro

141 4396 278 4447 nobis
300 4398 578 4450 intercedat
613 4402 676 4451 ad
712 4402 968 4452 dominum
989 4404 1162 4467 Jesum
1185 4402 1334 4453 chris·

2004 356 2127 409 112

1457 471 1524 525 et
1586 460 1642 524 si
1692 460 1889 525 dictis
1952 463 2117 527 meis
2194 462 2655 547 obtemperare

1457 549 1785 613 volueris:
1876 570 2076 613 sanus
2154 560 2222 615 et
2302 552 2653 617 incolumis

1454 639 1699 701 evades
1772 638 2177 715 ⁴immanens
2282 640 2648 721 periculum

1453 728 1670 789 maris,
1764 724 1897 807 Qui
1943 727 2269 791 concessit
2313 748 2385 791 se
2429 728 2651 793 illico⁷

1451 814 1510 877 ei
1556 814 1697 878 sore
1746 814 1813 877 in
1874 815 2183 878 omnibus
2230 815 2657 899 obtempera-¹

1449 912 1637 967 tum:
1704 902 1761 965 si
1824 902 1949 967 hoc
2010 906 2322 968 evaderet
2397 906 2649 987 pericu-

1449 990 1633 1055 Ιιιῐιι.6
2310 993 2519 1057 Lectio
2552 993 2647 1076 iij.

1448 1079 1879 1210 Promitte
1940 1078 2156 1161 inquit
2216 1080 2326 1145 ille
2385 1082 2517 1145 deo
2576 1094 2647 1147 et

1612 1167 1813 1231 mihi:
1878 1168 2060 1249 quod
2123 1168 2301 1231 diem
2362 1189 2645 1253 concep-

1445 1255 1647 1318 tionis
1676 1265 1746 1319 et
1776 1256 2126 1320 creationis
2146 1258 2375 1321 matris
2398 1257 2643 1322 Christi
2729 1265 2734 1269 ’

1445 1342 1807 1407 solenniter
1864 1343 2266 1410 celebrabis:
2342 1355 2411 1409 et
2472 1346 2643 1410 cele-

1444 1430 1773 1495 brandum
1836 1432 2222 1513 predicabiS.
2329 1433 2431 1497 At
2492 1434 2641 1499 ille:

1449 1520 1538 1583 Et
1585 1519 1653 1583 in
1701 1540 1839 1603 quo
1888 1521 1999 1583 die
2052 1521 2175 1584 erit
2222 1520 2347 1585 hoc
2396 1520 2638 1586 festum

1443 1608 1967 1671 celebrandum?
2057 1608 2150 1671 Et
2178 1610 2345 1674 .ait:
2424 1610 2641 1675 Sexto

1445 1695 1594 1760 idus
1627 1696 2017 1760 decembris
2114 1696 2203 1759 Et
2252 1717 2387 1778 quo
2418 1706 2643 1761 utetur

1445 1784 1664 1849 officio
1697 1786 1761 1846 in
1794 1783 2239 1848 ecclesiastico
2270 1786 2640 1868 obsequio?

1447 1872 1670 1937 Omne
1702 1874 1915 1954 inquit
1946 1872 2235 1935 officium
2266 1876 2447 1955 quod
2478 1876 2639 1938 dici-

1444 1970 1550 2025 tur
1581 1962 1649 2025 in
1682 1962 1823 2043 ejus
1860 1961 2209 2024 nativitate
2236 1982 2250 2023 :
2282 1961 2539 2025 dicetur
2570 1964 2639 2027 in

1441 2049 1585 2131 ejus
1615 2051 2091 2131 conceptione:
2136 2058 2423 2131 excepto
2454 2053 2635 2132 quod

1443 2158 1691 2201 nomen
1742 2137 2107 2201 nativitatis
2154 2137 2521 2201 mutabitur
2566 2140 2635 2203 in

1442 2246 1687 2290 nomen
1719 2226 2189 2308 conceptionis
2284 2226 2411 2291 His
2442 2227 2639 2290 dictis

1440 2315 1711 2378 evanuit
1745 2336 1762 2380 :
1809 2322 1877 2376 et
1928 2314 2125 2377 citius
2156 2334 2273 2397 per
2302 2314 2501 2378 deum
2535 2336 2639 2377 se-

1439 2402 1601 2467 data
1675 2410 2117 2484 tempestate:
2196 2401 2406 2465 abbas
2481 2424 2635 2465 curn

1438 2492 1573 2554 suis
1605 2491 1926 2573 applicuit
1957 2490 2234 2571 anglicis
2284 2490 2633 2556 littoribus,

1437 2591 1506 2643 et
1582 2600 1715 2661 que
1788 2579 2047 2642 viderat
2136 2586 2205 2641 et
2295 2580 2637 2645 audierat:

1435 2666 1676 2749 quibus
1737 2667 1954 2749 potuit
1985 2666 2387 2731 notificabat.
2482 2668 2641 2732 Sta-

1434 2757 1693 2838 tuitque
1741 2758 1918 2819 idem
1965 2754 2207 2818 festum
2257 2756 2323 2817 in
2371 2757 2637 2819 remesi-

1434 2845 1575 2908 ensi
1622 2844 1901 2907 cenobio
1962 2841 2314 2906 celebrari:
2364 2851 2432 2905 et
2494 2844 2635 2925 ipse

1434 2934 1659 3015 quoad
1719 2932 1929 2994 vixit:
1978 2931 2239 2993 devotis
2300 2928 2634 3011 obsequiis

1435 3020 1601 3084 illud
1663 3019 2044 3083 celebravit.
2139 3017 2231 3080 Et
2289 3038 2413 3080 nos
2477 3038 2635 3100 ergo

1432 3110 1709 3173 fratres:
1758 3107 1871 3189 qui
1904 3114 2171 3188 portum
2224 3105 2456 3168 salutis
2519 3128 2633 3187 ap-

1433 3196 1844 3280 prehendere
1890 3194 2235 3259 volumus:
2280 3193 2388 3256 dei
2434 3212 2635 3275 gene-

1430 3283 2149 3365 trici3.c0nceptionem
2186 3281 2632 3347 celebremus:

1431 3382 1506 3437 ut
1560 3374 1646 3437 ab
1696 3372 1837 3454 ejus
1889 3370 2027 3434 filio
2076 3370 2281 3453 digna
2330 3371 2634 3435 mercede

1432 3458 1968 3525 remuneremur!

1433 3618 1556 3660 tum.
1611 3610 1739 3659 Cum
1758 3608 2071 3675 jocunditate
2088 3606 2469 3672 conceptionem
2486 3606 2633 3657 beate

1433 3678 1587 3726 marie
1610 3676 1929 3725 celebremus.
2006 3675 2079 3724 Ut
2098 3675 2112 3698 ’
2133 3674 2233 3723 add
2259 3692 2271 3723 ε
2308 3672 2444 3723 E.G.

1499 3745 1518 3773 ’
1558 3746 1575 3772 ‘
1594 3744 1681 3793 Re.
1723 3742 1885 3806 Stirps
1915 3740 2047 3805 jesse
2064 3740 2254 3803 virgam
2277 3737 2511 3803 produxit
2535 3738 2631 3787 vir·

1431 3826 1594 3875 gaque
1650 3808 1839 3859 florem.
1914 3806 1982 3855 Et
2038 3822 2185 3870 super
2247 3803 2381 3853 hunc
2436 3804 2625 3855 florem.

1436 3876 1721 3941 Requiescit
1766 3874 1968 3939 spiritus
2024 3872 2196 3921 almus.
2250 3859 2301 3933 Ῡ
2336 3870 2494 3933 Virgo
2549 3869 2631 3919 dei

1435 3942 1651 4005 genitrix
1666 3942 1803 4004 virga
1818 3949 1891 3990 est
1915 3939 2009 3989 flos
2032 3937 2161 3987 filius
2180 3936 2300 4000 ejus.
2376 3936 2442 3984 Et
2462 3950 2625 3999 super.

1437 4008 1625 4057 Gloria.
1724 4006 2005 4071 Requievit.
2110 4004 2180 4051 In
2236 4002 2292 4066 2'1‘-
2354 4008 2478 4050 noct.
2540 4010 2625 4051 an.

1439 4074 1612 4123 Hodie
1637 4082 1879 4136 concepta
1903 4080 1977 4120 est
2002 4070 2142 4133 virgo
2166 4068 2324 4115 maria
2348 4082 2409 4115 ex
2443 4068 2633 4116 semine

1437 4140 1621 4188 abrahe
1644 4139 1857 4187 letantur
1895 4133 2177 4198 archangeli
2214 4133 2437 4183 exultant
2462 4149 2635 4182 omnes

1437 4206 1595 4253 sancti
1638 4214 1688 4254 et
1727 4202 2008 4267 congaudet
2046 4201 2209 4249 omnis
2254 4199 2483 4248 mundus».
2546 4205 2629 4263 pf.

1439 4270 1711 4319 Eructavit.
1782 4275 1868 4318 αῆ.
1943 4268 2168 4331 Dignum
2208 4280 2425 4329 namque
2469 4274 2543 4314 est
2578 4276 2631 4315 ut

1439 4336 1484 4383 ei
1498 4336 1583 4401 qui
1601 4336 1713 4398 [pro
1736 4339 1749 4361 ‘
1763 4336 1847 4399 qui
1871 4335 1884 4358 '
1898 4348 2032 4383 cum:
2053 4332 2140 4397 G.]
2157 4346 2352 4380 summa
2364 4330 2633 4380 devotione

1439 4400 1733 4451 famulemur
1755 4416 1843 4465 per
1866 4416 2015 4465 quam
2058 4398 2203 4447 nobis
2227 4396 2523 4462 virginitatis
2558 4398 2631 4447 in·
