3117 4959
1040 253 1099 308 S.
1154 251 1409 306 PETRI
1456 250 1580 305 ET
1621 249 1890 304 PAULI
1929 249 2568 305 APOSTOLORUM.

1143 361 1298 417 845

556 482 823 538 tantum
870 469 1285 534 voluntatem
1316 474 1385 528 et
1426 463 1758 547 operatio·

562 579 715 626 nem
737 563 803 624 in
824 558 1098 622 domino
1117 557 1273 638 Jesu
1298 553 1566 618 Christo
1579 554 1756 616 dice-

559 651 723 714 bant
752 647 855 712 vel
888 645 1357 728 predicabant:
1404 661 1555 706 cum
1589 641 1758 703 duas

558 738 939 801 voluntates
970 743 1037 796 et
1068 729 1487 814 operationes
1512 731 1578 791 in
1612 729 1758 810 ipso

560 825 883 890 catholica
929 821 1156 884 credat
1201 829 1270 882 et
1316 817 1611 900 predicet
1651 836 1758 880 ec-

560 914 775 978 clesia.
1411 905 1629 968 Lectio
1661 904 1757 986 iij.

572 999 860 1138 Gratia
890 997 1161 1080 quidem
1195 993 1451 1058 divina¹
1476 1013 1590 1055 cor
1613 990 1758 1073 ejus

692 1098 759 1152 et
778 1106 1015 1170 corpus
1040 1105 1079 1148 a
1104 1083 1497 1164 contagione
1518 1091 1586 1144 et
1607 1099 1758 1162 pec·

560 1177 693 1241 cati
742 1176 936 1240 sorde
998 1171 1386 1235 mundavit:
1440 1169 1754 1232 idoneum

564 1265 933 1328 ministrum
968 1260 1169 1324 sacris
1193 1256 1511 1321 altaribus
1542 1257 1760 1338 previ-

560 1351 678 1418 dit.
770 1361 839 1414 et
881 1349 1115 1413 offerre
1147 1347 1203 1410 ei
1238 1347 1579 1410 incensum
1612 1344 1759 1425 dig-

563 1459 722 1505 num
770 1440 837 1502 in
890 1439 1162 1501 odorem
1216 1433 1560 1497 suavitatis
1607 1451 1758 1512 pre-

562 1528 909 1592 ordinavit.
1020 1523 1325 1588 Mortuus
1378 1530 1481 1584 est
1529 1521 1758 1602 itaque

562 1629 631 1680 et
684 1615 982 1698 sepultus
1030 1612 1116 1676 ad
1170 1611 1439 1674 beatum
1492 1618 1756 1690 petrum

562 1705 938 1790 apostolum
972 1701 1095 1766 sub
1126 1699 1235 1763 die
1258 1707 1495 1780 quarto
1526 1696 1758 1759 kalen-

562 1796 798 1858 darum
826 1791 989 1874 julii.
1042 1788 1261 1855 Cetera
1284 1785 1380 1848 ad
1398 1783 1760 1848 matutinas

561 1893 625 1948 et
671 1883 767 1946 ad
816 1881 1014 1945 horas
1058 1877 1137 1940 de
1192 1872 1519 1938 communi
1560 1872 1760 1935 unius

562 1968 941 2052 confessoris
978 1976 1040 2031 et
1074 1963 1417 2050 pontificis.
1507 1961 1602 2023 M
1596 1981 1759 2022 emo·

564 2059 673 2123 ria
700 2059 782 2122 de
805 2064 1022 2120 sancto
1032 2053 1341 2137 johanne.
1420 2055 1525 2113 αῆ.
1607 2049 1760 2130 Ipse

562 2147 825 2232 preibit.
892 2154 954 2208 et
981 2163 1107 2207 non
1136 2148 1495 2224 sequuntur
1517 2137 1762 2222 suffra-

551 2236 679 2319 gia
706 2243 1016 2298 consueta.

568 2329 633 2402 π
679 2322 969 2388 Rubrica
1012 2319 1092 2383 de
1117 2318 1292 2399 festo
1336 2315 1760 2399 apostolorum

564 2421 878 2496 queratur
906 2410 973 2473 in
1006 2407 1240 2491 vigilia
1282 2405 1496 2469 sancti
1517 2405 1760 2488 johan-

564 2501 673 2565 nis
702 2499 985 2582 baptiste.

568 2594 633 2667 01
678 2589 783 2656 In.
822 2587 929 2669 vig
937 2585 1057 2649 ilia
1115 2581 1539 2665 apostolorum
1585 2580 1766 2663 petri

562 2687 627 2740 et
640 2675 835 2758 pauli
862 2673 959 2738 ad
980 2682 1269 2754 vesperas
1296 2669 1667 2751 antiphona.

702 2783 853 2828 uem
929 2761 1158 2826 dicunt
1234 2759 1537 2821 homines
1617 2777 1760 2820 esse

702 2852 909 2916 filium
972 2847 1259 2912 hominis
1320 2847 1495 2910 dixit
1565 2845 1760 2926 Jesus

564 2940 903 3024 discipulis
950 2937 1101 3000 suis.
1193 2933 1610 3016 respondens
1647 2953 1760 3015 pe·

564 3039 747 3094 trus:
795 3028 971 3092 dixit
1001 3036 1075 3089 tu
1120 3043 1192 3087 es
1240 3023 1541 3087 Christus
1589 3020 1760 3084 filius

565 3119 672 3181 dei
702 3117 853 3181 vivi.
942 3123 1012 3178 et
1042 3133 1169 3196 ego
1209 3111 1360 3174 dico
1390 3110 1557 3174 tibi:
1605 3109 1762 3191 quia

564 3215 637 3270 tu
664 3227 734 3269 es
756 3212 980 3287 petrus
998 3211 1065 3265 et
1088 3219 1287 3283 super
1308 3199 1480 3262 hanc
1501 3208 1758 3280 petram

566 3293 890 3357 edificabo
910 3289 1254 3353 ecclesiam
1282 3307 1518 3350 meam.
1562 3285 1760 3349 Psal-

566 3381 665 3444 mi
690 3379 980 3461 feriales.
1072 3377 1205 3440 Αῆ.
1300 3375 1529 3438 Petrus
1573 3375 1655 3438 ad
1691 3394 1763 3437 se

565 3487 861 3533 reversus
907 3464 1096 3528 dixit.
1192 3481 1367 3526 nunc
1420 3463 1557 3525 scio
1610 3483 1764 3526 vere

567 3556 723 3639 quia
802 3553 980 3617 misit
1058 3550 1367 3614 dominus
1450 3550 1760 3632 angelum

568 3663 761 3707 suum
816 3651 885 3704 et
945 3639 1184 3720 eripuit
1246 3657 1352 3700 me
1410 3637 1495 3700 de
1558 3657 1760 3702 manu

567 3730 832 3796 herodis
862 3738 931 3792 et
961 3727 1045 3791 de
1076 3725 1258 3789 omni
1289 3727 1760 3807 expectatione

569 3818 782 3904 plebis
809 3815 1179 3899 judeorum.
1254 3815 1387 3878 Aa.
1470 3813 1762 3878 Domine

568 3909 623 3973 si
678 3917 751 3972 tu
800 3926 871 3969 es
918 3903 1079 3988 jube
1133 3921 1241 3965 me
1287 3902 1509 3965 venire
1558 3902 1644 3965 ad
1695 3913 1762 3966 te

571 4017 770 4080 super
798 4013 1023 4077 aquas,
1071 4000 1140 4055 et
1163 3991 1537 4054 extendens
1569 3991 1762 4072 Jesus

572 4104 845 4151 manum
878 4079 1316 4166 apprehendit
1340 4098 1493 4142 eum
1518 4089 1588 4142 et
1611 4080 1766 4142 dix-

571 4178 623 4240 it
654 4175 885 4257 Jesus:
934 4170 1190 4234 modice
1220 4167 1373 4231 fidei
1405 4187 1612 4250 quare
1641 4168 1764 4231 du-

572 4262 816 4327 bitasti.
905 4259 1038 4324 Ar‘i.
1151 4257 1430 4339 Cunque
1492 4255 1766 4319 vidisset

2371 356 2528 412 8146

1845 473 2132 530 ventum
2191 463 2488 528 validum
2543 461 2919 527 venientem
2965 461 3028 526 ti-

1860 554 2044 617 muit.
2158 561 2228 616 et
2285 571 2439 614 cum
2501 551 2788 632 cepisset
2847 553 3026 632 mergi

1855 641 2173 704 clamavit
2203 641 2432 704 dicens
2477 639 2752 702 domine
2797 637 3024 702 salvum

1857 749 1966 792 me
1991 729 2112 792 fac.
2187 729 2319 792 Αῆ.
2401 728 2602 792 Solve
2627 726 2902 808 jubente
2923 728 3026 788 deo

1857 828 2177 881 terrarum
2225 827 2408 899 petre
2453 815 2776 878 cathenas
2815 814 2927 895 qui
2955 813 3026 876 fa·

1856 907 1950 968 cis
2025 914 2100 968 ut
2174 913 2450 988 pateant
2508 903 2781 967 celestia
2857 923 3026 984 regna

1857 993 2090 1057 beatis,
2669 990 3035 1072 Capitulum.

1856 1082 2188 1212 Petrus
2250 1079 2336 1143 ad
2390 1100 2462 1144 se
2524 1097 2824 1142 reversus
2883 1079 3035 1141 dixit

2010 1189 2187 1233 nunc
2247 1169 2383 1231 scio
2443 1188 2596 1231 vere
2657 1168 2811 1248 quia
2882 1167 3035 1229 misit

1856 1257 2168 1321 dominus
2221 1256 2534 1339 angelum
2579 1275 2776 1318 suum
2823 1264 2896 1319 et
2935 1255 3032 1318 eri·

1859 1347 2002 1428 puit
2035 1366 2143 1410 me
2173 1345 2262 1408 de
2294 1365 2492 1407 manu
2519 1343 2802 1406 herodis
2883 1353 2948 1406 et
2965 1345 3035 1416 de:

1857 1435 2040 1497 omni
2074 1433 2542 1514 expectatione
2575 1431 2789 1514 plebis
2819 1431 3035 1516 judeo-i¹

1858 1541 2021 1586 rum.
2140 1522 2244 1584 Re.
2353 1521 2701 1586 Cornelius
2761 1519 3035 1600 centurio}

1855 1611 1958 1673 vir
2009 1610 2352 1691 religiosus
2411 1629 2490 1672 ac
2549 1609 2796 1672 timens
2857 1607 3035 1682 deum}

1855 1698 2026 1762 vidit
2073 1696 2420 1762 manifeste
2466 1695 2782 1780 angelum
2818 1696 2926 1760 dei
2954 1695 3035 1759 di·i

1859 1798 2121 1850 centem
2171 1785 2314 1849 sibi.
2431 1785 2700 1851 Corneli
2751 1787 2940 1849 mitte
2979 1794 3035 1870 εἰς

1858 1875 2102 1938 accersi
2148 1894 2498 1957 symonem
2549 1874 2665 1956 qui
2713 1874 3035 1966 cognomi-j

1859 1974 2057 2027 natur
2085 1973 2311 2047 petrus
2331 1964 2437 2028 hic
2457 1963 2635 2028 dicet
2659 1963 2799 2026 tibi.
2877 1961 3035 2056 Quid}

1859 2061 1928 2116 te
1959 2061 2268 2136 oporteat
2291 2052 2521 2118 facere.
2577 2069 2625 2138 γ
2674 2051 2845 2117 Cum
2879 2061 3035 2136 oras-3

1860 2151 1964 2206 set
1995 2141 2320 2206 cornelius
2359 2141 2656 2205 nondum
2692 2141 2760 2203 in
2793 2139 3035 2220 Christo}

1861 2239 2128 2294 renatus
2173 2230 2483 2312 apparuit
2527 2231 2588 2292 ei
2635 2228 2910 2311 angelus
2953 2227 3035 2306 di-{

1859 2339 2032 2383 cenS.
2128 2318 2413 2384 Corneli.
2507 2317 2754 2381 Gloria.
2857 2315 3035 2398 Quid.

1861 2407 2148 2540 Felix
2201 2427 2320 2489 per
2372 2426 2605 2469 omnes
2655 2405 2786 2468 fes-
2833 2404 3027 2488 [Hym.

2000 2504 2144 2559 tum
2180 2496 2410 2558 mundi
2453 2494 2758 2558 cardines
2790 2503 3028 2576 aposto-

1863 2583 2075 2646 lorum
2138 2583 2463 2665 prepollet
2525 2581 2833 2645 alacriter
2889 2579 3033 2664 petri}

1862 2672 2041 2736 beati
2118 2671 2297 2753 pauli
2382 2670 2810 2734 sacratissimi
2891 2687 3033 2752 quos

1865 2759 2164 2825 Christus
2219 2760 2399 2822 almo
2444 2757 2863 2822 consecravit
2907 2776 3033 2820 san·

1860 2848 2062 2929 guine
2166 2847 2591 2910 ecclesiarum
2713 2845 3033 2927 deputavit}

1861 2936 2208 3018 principes,
2299 2935 2429 2998 Hii
2489 2944 2648 2998 sunt
2703 2933 2876 2997 olive
2923 2936 3024 2996 due

1857 3043 2082 3087 coram
2165 3023 2440 3086 domino
2514 3032 2584 3086 et
2659 3021 3026 3086 candelabra

1863 3111 2008 3175 luce
2056 3110 2383 3174 radiantia
2427 3109 2726 3193 preclara
2771 3111 2891 3175 celi
2919 3109 3026 3172 duo

1862 3198 2224 3263 luminaria.
2303 3198 2498 3262 fortia
2529 3198 2802 3262 solvunt
2832 3217 3026 3280 pecca·

1861 3296 2082 3351 torum
2157 3287 2422 3351 vincula
2498 3296 2730 3370 portas
2807 3283 3024 3368 olympi

1861 3385 2155 3439 reserant
2203 3374 2524 3438 fidelibus.
2619 3375 2904 3438 Habent
2946 3393 3024 3434 su·

1862 3483 2098 3547 pernas
2129 3472 2532 3546 potestatem
2579 3463 2890 3526 claudere
2925 3481 3022 3524 ser-

1863 3573 2059 3616 mone
2090 3553 2282 3616 sedes
2313 3552 2606 3634 pandere
2637 3549 3022 3634 splendentia

1861 3640 2112 3703 lumina
2166 3639 2300 3722 poli
2362 3660 2563 3722 super
2621 3640 2760 3703 alta
2823 3639 3020 3722 sydera

1862 3729 2084 3810 lingue
2137 3747 2363 3791 eorum
2425 3728 2647 3792 claves
2709 3729 2836 3792 celi
2885 3727 3018 3791 facte

1860 3828 2014 3880 sunt
2051 3838 2064 3880 ε
2157 3815 2370 3879 larvas
2463 3817 2798 3899 repellunt
2889 3816 3020 3878 ultra

1863 3904 2093 3969 mundi
2143 3903 2440 3968 limitem.
2529 3905 2782 3968 Petrus
2827 3905 3018 3968 beatus

1861 3993 2292 4057 cathenarum
2326 3992 2600 4075 laqueos
2650 3993 2914 4058 Christo
2947 3991 3018 4072 ju·

1862 4081 2062 4144 bente
2138 4081 2316 4162 rupit
2393 4080 2786 4144 mirabiliter
2843 4089 3018 4144 custos

1862 4169 2052 4231 ovilis
2097 4179 2166 4232 et
2211 4169 2448 4233 doctor
2491 4169 2768 4232 ecclesie
2815 4177 3031 4252 pastor-i

1864 4277 1998 4338 que
2057 4256 2276 4339 gregis
2339 4267 2772 4321 conservator
2843 4257 3031 4346 oviqu

1655 4439 1667 4470 ¹
1706 4437 1905 4488 divini:
1944 4438 1996 4489 S.

3028 4481 3031 4492 1
