3117 4959
784 257 849 312 S.
898 253 1292 314 DIONYSII
1329 255 1453 312 ET
1490 253 1933 314 SOCIORUM.

652 365 809 421 608
1931 365 2088 420 604

102 471 263 555 ejus
326 479 396 535 et
468 471 691 535 vultus
766 471 855 534 ab
930 469 1315 534 hominibus
1417 489 1797 535 successore
1847 470 2035 534 verbi
2095 469 2301 534 divini
2359 469 2618 536 semina

102 579 332 641 usque
362 559 449 622 ad
481 559 989 640 disjunctionem
1014 560 1228 624 carnis
1251 567 1321 622 et
1418 559 1732 641 gentibus
1804 559 2144 640 eroganda
2215 567 2612 640 susceperat.

102 649 393 730 spiritus
459 655 601 710 erat
672 648 765 710 ita
839 647 1315 712 absconditus:
1403 656 1502 729 pi.
1540 647 1787 710 Beatus
1817 648 1931 711 vir.
1979 648 2112 710 Αῆ.
2145 645 2302 730 Quo
2331 645 2618 729 amplius

104 735 301 819 quod
336 735 807 799 nominabatur
842 735 1141 818 pelagius
1172 751 1317 798 mo·
1418 734 1811 817 gentilitatis
1840 731 2088 798 fervere
2105 736 2422 818 cognovit
2441 754 2616 798 erro-

106 822 395 888 nachus.
487 823 793 886 Tandem
856 843 1015 887 vero
1061 843 1209 887 cum
1246 823 1314 885 in
1418 840 1602 886 rem:
1647 822 1800 886 illuc
1831 822 2238 905 intrepidus:
2285 831 2354 886 et
2398 822 2618 887 calore

104 909 446 974 extremis
478 919 651 974 esset
682 910 946 994 posita:
978 911 1317 994 predictus
1413 909 1568 974 fidei
1621 919 1919 976 armatus
1965 910 2281 975 accessit:
2325 920 2397 974 et
2440 911 2613 993 pari·

104 1000 446 1064 diaconus
510 999 780 1062 nomine
826 998 1105 1079 jacobus
1164 1017 1313 1061 eam
1414 998 1552 1062 sius
1611 999 1886 1062 domino
1943 997 2230 1062 ducente
2302 999 2618 1080 pervenit.

104 1087 461 1150 visitavit:
492 1095 561 1149 et
592 1087 1055 1168 migrationem
1088 1085 1319 1150 nunci-
1402 1093 1506 1167 pi.
1554 1084 1780 1169 Quare
1808 1085 2232 1150 fremuerunt.
2291 1087 2426 1150 Αῆ.
2461 1086 2616 1150 Non

106 1177 307 1238 avit:
398 1194 769 1256 corpusque
843 1173 1083 1238 ancille
1145 1172 1318 1236 servi

109 1261 373 1329 Christi
394 1263 793 1345 sepelierunt
819 1281 833 1325 :
861 1263 965 1324 cui
986 1269 1087 1324 est
1108 1260 1324 1325 honor

106 1361 180 1414 et
239 1350 459 1432 gloria
510 1369 629 1432 per
680 1349 1051 1414 seculorum
1100 1348 1325 1412 secula

112 1439 355 1505 Cetera
412 1435 494 1502 de
546 1438 873 1501 communi
942 1438 1141 1501 unius
1184 1457 1324 1500 ma-

106 1537 320 1591 irone.

110 1619 179 1693 (s
238 1610 483 1677 Sancti
496 1611 783 1693 dionysii
798 1631 942 1676 cum
963 1611 1152 1676 sociis·
1166 1611 1325 1676 suis.

200 1701 279 1765 A
286 1699 345 1764 d
353 1711 643 1783 varperas
659 1699 1001 1783 antiphone
1012 1709 1077 1763 et
1078 1698 1297 1783 psalm
1302 1699 1335 1762 i.

92 1789 404 1874 fm'ales.
484 1787 868 1871 Capitulum.
949 1787 1178 1853 Sancti
1211 1808 1329 1870 per

106 1879 350 1944 fidem.
394 1875 510 1939 Re.
563 1877 655 1940 Hi
686 1876 898 1939 sancti
930 1876 1065 1940 viri.
1112 1876 1327 1956 Hym-

106 1987 249 2030 nus
301 1964 700 2030 Sanctorum
734 1964 999 2028 meritis.
1088 1983 1139 2050 y
1185 1963 1326 2026 Ex-

108 2056 349 2119 ultent
372 2051 551 2134 justi.
640 2053 727 2116 In
756 2073 1011 2134 evange.
1043 2061 1152 2115 αῆ.
1216 2053 1327 2114 In·

107 2145 352 2225 signes
396 2139 727 2223 preconii¹
778 2141 953 2204 alme
993 2149 1109 2202 tue
1140 2138 1327 2202 nobi-

105 2230 296 2296 litati
332 2236 698 2292 consonant
719 2247 913 2292 voces
940 2227 1328 2291 collaudan-

109 2329 227 2383 tes
262 2315 470 2381 verbo
522 2316 803 2399 supplici
851 2335 1331 2397 prosequamur

108 2427 251 2472 ave
302 2404 553 2486 inclyte
604 2413 901 2486 martyr:
939 2403 1324 2486 angelorum

106 2512 453 2560 consors:
530 2492 983 2575 apostolorum
1062 2492 1329 2556 socius:

108 2580 601 2668 prophetarum
632 2580 959 2644 concivis:
992 2587 1059 2642 et
1078 2587 1332 2661 marty-

108 2689 275 2735 rum
324 2668 593 2732 coheres
623 2677 849 2731 sancte
880 2667 1142 2750 dionysi
1172 2686 1326 2730 cum

108 2758 327 2822 sociis
365 2757 497 2820 tuis
540 2756 876 2820 intercede
927 2775 1049 2838 pro
1104 2763 1331 2818 nostra

108 2845 565 2926 omniumque
593 2843 824 2908 salute.
900 2851 1002 2926 pf.
1064 2842 1329 2923 Magni-

108 2935 303 2999 ficat.
1081 2929 1330 2995 Oratim

108 3023 403 3154 Deus
426 3020 541 3102 qui
564 3019 887 3082 hodierna
916 3018 1025 3081 die
1055 3018 1327 3082 beatum

285 3107 665 3188 dionysium
696 3107 938 3170 virtute
960 3107 1332 3171 constantie

110 3201 187 3266 in
230 3195 540 3278 passione
587 3194 909 3258 roborasti
954 3194 1202 3277 quique
1234 3194 1329 3256 illi

110 3286 211 3351 ad
232 3283 709 3366 predicandum
729 3282 1328 3365 gentibusgloriam

110 3385 319 3439 tuam
389 3371 703 3434 rusticum
766 3379 836 3434 et
894 3370 1328 3434 eleutherium

108 3459 385 3527 sociare
414 3457 727 3540 dignatus
750 3478 861 3522 es:
892 3459 1106 3521 tribue
1138 3457 1331 3522 nobis

111 3567 494 3634 quesumus
543 3567 633 3609 ex
681 3565 909 3611 eorum
959 3545 1331 3610 imitatione

110 3657 253 3724 pro
286 3653 514 3698 amore
560 3642 679 3699 tuo
731 3653 1047 3717 prospera
1099 3633 1331 3697 mundi

112 3723 513 3806 despicere:
560 3731 629 3788 et
673 3722 855 3786 nulla
884 3721 1027 3802 ejus
1057 3720 1333 3785 adversa

114 3811 507 3879 formidare.
572 3831 691 3893 per
760 3810 1129 3874 dominum.
1216 3809 1341 3874 Ad

114 3899 393 3966 matuti.
466 3896 713 3962 Inv'ita.
833 3897 1157 3962 Gaudete.
1232 3905 1333 3980 psi

116 3987 401 4055 Venite.
462 3986 773 4068 Hymnus
805 3986 1057 4049 Eterna
1088 3985 1333 4050 Christi

120 4095 430 4142 munera.
521 4074 607 4139 In
635 4073 859 4156 primo
893 4081 1199 4136 nocturno
1227 4081 1333 4138 ari.

122 4167 428 4232 Sanctus
475 4161 819 4244 dionysius
872 4161 983 4242 qui
1030 4160 1336 4224 tradente

122 4256 339 4324 beato
407 4250 733 4314 clemente
806 4249 977 4332 petri
1050 4248 1336 4332 apostoli

340 4388 355 4418 ι
392 4384 875 4516 Ρηοοῃξὶερετοκῖἒιξε
890 4449 903 4473 ’
930 4463 1088 4513 quas:
1129 4450 1189 4500 R.
1202 4450 1267 4499 N.

278 4533 439 4592 ΥΟΕ..
492 4533 567 4582 11.

1328 4384 1348 4413 ²
1380 4383 1521 4432 Are:
1558 4382 1626 4434 N.

1423 1173 1670 1238 veritus
1695 1172 2030 1238 incredule
2057 1175 2278 1257 gentis
2307 1183 2625 1257 expetere

1423 1260 1796 1326 feritatem:
1843 1262 2002 1344 quia
2060 1263 2372 1326 virtutem
2427 1281 2616 1326 suam

1424 1351 1886 1433 preteritarum
1911 1368 2232 1432 penarum
2253 1351 2622 1414 recordatio

1426 1435 1798 1501 roborabat.
1873 1445 1975 1518 pf.
2023 1437 2196 1502 Cum
2227 1438 2622 1501 invocarem.

1426 1539 1475 1612 γ
1521 1523 1854 1588 Exultent
1877 1523 2056 1606 justi.
2342 1525 2556 1588 Lectio
2565 1525 2630 1607 j.

1427 1616 1689 1746 Post
1719 1612 2096 1695 passionem
2125 1611 2380 1677 domini
2420 1613 2627 1676 nostri

1582 1699 1744 1782 Jesu
1793 1699 2039 1764 Christi
2074 1717 2089 1764 ε
2135 1699 2628 1784 gloriosamque

1427 1787 1922 1852 ascensionem:
1949 1807 2102 1852 cum
2125 1787 2360 1852 beatus
2392 1788 2630 1871 paulus

1430 1874 1776 1957 apostolus
1861 1895 1980 1957 per
2056 1877 2342 1957 gratiam
2417 1877 2630 1940 sancti

1432 1963 1705 2046 spiritus
1755 1961 1959 2027 fidem
2007 1982 2210 2046 quam
2260 1972 2459 2028 antea
2508 1984 2631 2048 eir-3

1431 2060 1887 2134 pugnaverat:
1963 2051 2255 2133 perfecta
2313 2052 2630 2134 religione

1428 2147 1814 2221 sequeretur
1851 2147 1920 2202 et
1971 2138 2214 2204 Christi
2253 2159 2499 2204 nomen
2531 2139 2628 2224 ig-

1428 2228 1606 2291 notis
1634 2226 1946 2310 gentibus
1975 2228 2344 2308 predicaret
2370 2249 2386 2293 :
2432 2227 2630 2292 adve-

1432 2316 1530 2378 nit
1579 2316 1854 2380 atheniS.
1949 2315 2052 2379 Ibi
2083 2315 2429 2398 dionysius
2459 2317 2630 2380 ario-

1430 2403 1662 2485 pagita
1691 2402 1971 2466 aliorum
2016 2403 2252 2467 doctor
2280 2405 2627 2470 institerat.

1433 2491 1655 2575 Quem
1707 2491 2120 2574 interrogans
2169 2493 2406 2575 paulus
2467 2493 2629 2575 quid

1431 2578 1677 2643 coleret
1707 2579 1844 2644 ait:
1897 2579 2046 2642 Hos
2074 2580 2370 2644 colimus,
2416 2580 2632 2645 Aras¹

1430 2686 1598 2749 quas
1658 2666 1888 2730 vides³
1945 2668 2177 2731 martis
2233 2677 2305 2732 et
2350 2667 2631 2732 herculis

1434 2753 1736 2818 mercurii
1762 2763 1830 2817 et
1859 2754 2073 2837 priapi
2096 2753 2346 2818 honore
2375 2764 2631 2820 sacrate

1430 2849 1604 2906 sunt.
1694 2841 1812 2905 Re.
1863 2841 2022 2905 Post
2081 2843 2457 2925 passionem
2512 2842 2633 2906 do-

1434 2930 1596 2992 mini
1627 2929 1694 2992 in
1727 2930 2044 2992 universis
2075 2930 2384 3011 gentibus
2415 2932 2632 3014 predi-

1388 3064 1393 3068 ·
1431 3017 1608 3082 catio
1639 3016 1982 3100 profutura
2012 3019 2340 3082 successit.
2421 3018 2528 3083 Ita
2560 3028 2634 3083 ut

1432 3104 1565 3168 fide
1596 3113 1929 3169 crescente
1983 3105 2172 3168 multi
2229 3116 2634 3170 mererentur

1433 3193 1572 3256 fieri
1604 3193 2010 3257 consessores
2045 3214 2060 3256 :
2107 3213 2275 3275 quos
2307 3193 2632 3259 catholica

1432 3281 1864 3364 postmodum
1893 3281 2142 3363 gaudet
2173 3281 2448 3345 ecclesia
2477 3303 2631 3365 pro-

1434 3369 1750 3433 meruisse
1783 3379 2121 3451 martyreS.
2213 3387 2259 3456 γ
2309 3369 2628 3452 Quicum

1431 3457 1779 3521 imminere
1807 3477 1960 3520 suas
1991 3467 2334 3522 cernerent
2377 3460 2629 3542 passio-

1434 3566 1551 3609 nes
1571 3567 1586 3610 :
1607 3546 2219 3628 que⁴dominoJesu
2239 3547 2632 3612 Christodo-

1432 3633 1658 3698 cente⁵
1681 3633 2048 3697 didicerant
2078 3635 2310 3717 repleti
2334 3637 2634 3718 spiritus-

1432 3722 1643 3786 sancti
1681 3722 1897 3803 gratia
1926 3722 2308 3786 docuerunt.
2403 3724 2510 3787 Ita
2540 3733 2630 3788 ut.

1434 3809 1777 3941 Paulus
1835 3829 1994 3874 vero
2053 3810 2225 3874 inter
2273 3811 2515 3893 [Lectio
2562 3813 2631 3893 ij.

1589 3908 1840 3962 ceteras
1890 3917 2036 3961 aras
2114 3899 2354 3979 reperit
2426 3898 2634 3962 altare

1438 4005 1688 4050 unum:
1751 3985 1854 4047 cui
1917 3993 2059 4048 erat
2117 3985 2348 4049 titulus
2405 4006 2637 4068 supra-

1436 4073 1759 4154 scriptus:
1807 4073 1957 4137 Hec
1987 4081 2090 4136 est
2122 4093 2234 4136 ara
2266 4073 2475 4155 ignoti
2507 4074 2633 4139 dei.

1440 4161 1533 4224 Et
1562 4160 1780 4224 dixit:
1831 4159 2000 4244 Quis
2040 4169 2144 4224 est
2186 4160 2297 4223 ille
2340 4161 2635 4244 incogni-

1440 4256 1548 4311 tus
1580 4247 1790 4312 deus?
1841 4246 1960 4311 Ad
2003 4267 2205 4330 quem
2247 4249 2636 4331 dionysius:

1995 4383 2016 4413 ⁸
2056 4381 2166 4432 ‘in’
2189 4383 2328 4434 add:
2365 4384 2430 4434 N.

1823 4453 1842 4478 ⁵
1873 4449 2108 4499 dicente:
2149 4453 2203 4503 S.

2229 4533 2372 4582 RR
