3117 4959
347 252 440 308 IN
478 247 784 308 OCTAVA
839 247 902 303 S.
952 243 1217 302 PETRI
1255 241 1376 300 ET
1417 243 1692 302 PAULI
1732 247 2380 307 APOSTOLORUM.

616 355 763 414 879

151 463 440 548 pretuleris
471 481 488 528 t
551 462 768 526 minus
852 469 1078 527 tamen
1170 467 1276 526 est

151 552 298 636 quod
325 550 431 616 tibi
458 549 716 614 bellicus
756 549 944 614 labor
973 549 1274 615 subdidit

149 661 314 722 quam
342 639 504 722 quod
545 659 682 722 pax
725 637 1086 702 christiana
1116 638 1268 701 sub-

151 727 290 791 .ecit·
1163 725 1177 738 .
1193 728 1203 738 .
1221 725 1262 739 ..

143 748 164 809 J
293 834 388 878 am
415 834 556 878 cum
597 813 952 878 duodecim
985 812 1269 896 apostoli

291 923 398 984 per
441 902 736 984 spiritum
789 911 1096 966 sanctum
1128 922 1272 965 om-

141 987 292 1052 nium
345 988 658 1054 locutione
719 991 1092 1072 linguarum
1147 990 1272 1052 im-

139 1076 428 1140 buendum
513 1077 856 1158 evangelio
945 1077 1270 1141 mundum

138 1165 452 1228 distributis
479 1166 597 1229 sibi
629 1177 950 1230 terrarum
970 1165 1270 1248 partibus

136 1255 562 1334 suscepissent:
591 1253 1012 1317 beatissimus
1044 1263 1271 1336 petrus

133 1339 390 1422 princeps
457 1342 800 1424 apostolici
873 1343 1120 1405 ordinis
1181 1340 1268 1404 ad

133 1445 312 1490 arcem
339 1431 578 1494 romani
612 1431 982 1493 destinatur
1011 1429 1270 1512 imperii

131 1523 190 1576 ut
214 1515 316 1577 lux
341 1518 622 1582 veritatis
668 1537 798 1599 que
852 1518 918 1581 in
968 1519 1268 1580 omnium

129 1604 380 1683 gentium
451 1605 867 1670 revelabatur
937 1605 1268 1670 salutem:

131 1689 412 1755 efficacius
495 1714 566 1758 se
649 1692 736 1757 ab
825 1693 976 1775 ipso
1048 1695 1268 1776 capite

127 1797 222 1858 per
259 1787 458 1846 totum
511 1781 744 1845 mundi
781 1801 1020 1864 corpus
1055 1781 1268 1845 effun-

131 1863 296 1928 deret.
961 1870 1176 1933 Lectio
1205 1888 1267 1934 v.

127 1953 296 2082 Ad
361 1953 530 2020 hanc
620 1974 782 2040 ergo
869 1957 1102 2020 urbem
1191 1966 1266 2021 tu

257 2041 624 2108 beatissime
704 2052 894 2126 petre
965 2045 1268 2127 apostole

126 2127 307 2192 venire
355 2151 485 2195 non
535 2133 780 2196 metuis
830 2140 902 2197 et
961 2141 1268 2197 consorte

121 2215 288 2295 glorie
333 2227 445 2284 tue
495 2220 702 2303 paulo
755 2221 1059 2304 apostolo
1107 2220 1269 2286 alia-

123 2321 234 2366 rum
277 2305 484 2370 adhuc
530 2308 958 2374 ecclesiarum
1003 2310 1270 2373 ordina-

119 2389 362 2456 tionibus
389 2405 758 2481 occupato:
804 2397 1038 2461 silvam
1069 2398 1268 2460 istam

108 2475 494 2546 'frementium
547 2484 912 2549 bestiarum
944 2495 1012 2548 et
1039 2484 1271 2549 turbu-

119 2563 433 2634 lentissime
453 2573 930 2654 profunditatis
945 2591 1270 2636 oceanum

121 2658 478 2722 constantior
566 2681 774 2742 quam
847 2681 998 2724 cum
1073 2681 1274 2743 super

119 2758 262 2807 mare
281 2747 649 2828 gradereris
679 2748 1056 2830 ingrederis,
1127 2749 1274 2812 Nec

121 2834 309 2896 mundi
352 2836 702 2900 dominam
733 2837 932 2900 times
963 2857 1220 2900 romam
1255 2855 1272 2902 ε

117 2917 206 2998 qui
232 2919 290 2984 in
315 2923 612 3006 cayphe¹
662 2925 870 2990 domo
901 2944 1274 3008 expaveras

115 3008 428 3074 sacerdotis
459 3011 798 3078 ancillam.
941 3011 1156 3076 Lectio
1186 3011 1272 3095 ψ’.

111 3093 508 3223 Nunquid
561 3109 685 3163 aut
731 3099 984 3182 judicio
1031 3100 1220 3183 pilati
1256 3117 1274 3164 ε

258 3197 366 3250 aut
386 3188 672 3254 servicia
685 3187 1039 3269 judeorum
1060 3188 1276 3252 minor

111 3275 193 3368 fst
217 3272 313 3335 vel
356 3275 424 3340 in
473 3276 748 3341 claudio
779 3285 1122 3358 potestas:
1165 3273 1274 3339 vel

108 3373 164 3418 m
189 3379 415 3427 nerone
467 3363 852 3428 crudelitas
941 3364 1276 3430 Vincebat

113 3460 240 3526 ergo
301 3453 659 3516 materiam
734 3451 1103 3518 formidinis
1175 3452 1274 3514 vis

111 3537 337 3603 amoris,
427 3541 584 3604 Nec
628 3539 992 3604 estimabas
1041 3538 1275 3604 terrori

111 3621 446 3690 cedendum
485 3649 500 3692 t
551 3627 718 3691 dum
778 3626 1016 3694 horum
1077 3626 1276 3690 saluti

107 3713 475 3782 consuleres:
510 3737 686 3798 quos
717 3733 1098 3798 susceperas
1127 3714 1278 3778 dili-

108 3800 345 3874 gendos.
443 3804 513 3866 H
523 3823 656 3869 unc
689 3813 914 3868 autem
947 3803 1278 3885 intrepide

107 3881 412 3954 charitatis
491 3890 814 3956 affectum
883 3890 1026 3972 jam
1117 3899 1278 3954 tunc

107 3975 371 4052 profecto
448 3999 857 4061 conceperas
901 3999 916 4043 ε
1007 3977 1280 4060 quando

107 4062 400 4130 confessio
431 4068 536 4130 tui
571 4068 814 4132 amoris
838 4067 904 4129 in
930 4066 1276 4129 dominum

107 4149 244 4214 trine
286 4155 832 4237 interrogationis
864 4163 966 4218 est
995 4154 1281 4217 solidata

107 4243 394 4320 mysterio
423 4265 464 4318 ε,
491 4245 602 4308 cui
632 4241 844 4306 honor
873 4251 942 4306 et
971 4243 1180 4324 gloria
1212 4243 1278 4305 in

1884 355 2049 414 880

1372 460 1597 525 secula
1640 459 2013 526 seculorum
2059 481 2275 529 amen.
2363 463 2578 546 Expo-

1373 548 1526 612 sitio
1553 549 1820 614 dicatur
1845 571 1991 614 cum
2036 550 2249 616 tribus
2291 550 2575 616 lectioni·

1370 636 1489 700 bus
1538 637 1619 700 de
1662 637 1879 702 eadem
1927 639 2009 702 de
2063 659 2191 703 uno
2241 641 2571 722 evangelio

1368 724 1885 807 subsequentium
1946 727 2015 790 in
2076 727 2303 791 missis
2378 729 2569 808 infra

1369 822 1663 876 octavam
1693 835 1819 877 non
1848 815 2095 878 dieitur
2116 839 2143 878 .·
2170 825 2365 898 prout
2388 825 2573 879 stant

1371 900 1443 963 in
1501 901 1729 964 ordine
1780 902 2147 985 subscripto.
2264 904 2417 968 Hoc
2464 913 2569 968 est

1369 999 1773 1072 preceptum.
1838 991 2048 1054 Facta
2076 1001 2180 1055 est
2204 993 2567 1056 contenti0.

1369 1086 1434 1140 et
1465 1077 1613 1141 Hec
1644 1079 1895 1143 mando
1935 1079 2145 1145 vobiS.
2240 1079 2465 1148 Cetera
2492 1090 2572 1144 ut

1372 1164 1442 1226 in
1472 1167 1813 1231 communi.

1374 1257 1438 1329 01·
1465 1253 1552 1316 In
1580 1263 1805 1318 octava
1830 1255 2259 1338 apostolorum
2288 1256 2485 1320 Petri
2506 1266 2571 1321 et

1367 1340 1591 1406 Pauli.

1367 1430 1494 1492 Ad
1518 1440 1811 1511 vesperas
1837 1429 2212 1512 antiphona.
2284 1431 2563 1513 Juravit.

1354 1525 1456 1599 ps'.
1505 1518 1702 1580 Dixit
1741 1518 2067 1582 dominus,
2154 1521 2293 1582 Αῆ.
2342 1520 2565 1584 Collo-

1368 1613 1490 1668 cet.
1537 1605 1635 1668 Et
1659 1615 1851 1668 cetere
1869 1605 2213 1687 antiphone
2236 1616 2303 1670 et
2313 1608 2571 1689 psalmi

1366 1693 1448 1756 de
1511 1693 1830 1775 apostolis.
1925 1693 2317 1775 Capitulum.
2407 1695 2563 1760 Non

1367 1801 1504 1844 vos,
1596 1781 1907 1862 Hymnus
2009 1782 2164 1864 Jam
2224 1783 2415 1848 bone.
2491 1793 2569 1848 ut

1366 1879 1570 1950 supra
1629 1869 1701 1932 in
1753 1870 1861 1933 die
1902 1869 2002 1933 ad
2045 1869 2423 1936 matutinas.
2515 1889 2564 1957 γ

1371 1958 1629 2020 Doctor
1680 1957 1959 2040 egregie.
2049 1975 2098 2043 γ
2144 1957 2339 2024 Olive
2392 1960 2565 2026 bine.

1368 2061 1417 2132 γ
1465 2045 1572 2110 Sit
1630 2045 1927 2110 trinitati.
2049 2063 2098 2131 γ
2152 2047 2231 2111 In
2292 2067 2561 2112 omnem

1369 2141 1635 2196 terram.
1722 2134 1811 2196 In
1858 2134 2189 2216 evangelio
2240 2144 2347 2200 ar'i.
2441 2135 2564 2200 Isti

1369 2229 1524 2284 sunt
1553 2221 1686 2284 due
1715 2221 1903 2286 olive.
1952 2232 2029 2285 ut
2052 2233 2249 2304 supra
2282 2223 2352 2286 in
2383 2223 2565 2305 festo

1367 2307 1583 2372 sancti
1644 2308 1985 2383 Jolzannis
2039 2319 2105 2374 et
2160 2311 2386 2375 Pauli.
2459 2320 2567 2393 ps.

1372 2396 1781 2478 Magnificat.
2318 2398 2567 2465 Oratio.

1369 2487 1643 2616 Deus
1664 2485 1851 2566 cujus
1869 2484 2153 2550 dextera
2163 2485 2435 2551 beatum
2451 2508 2566 2571 pe-

1525 2581 1701 2636 trum
1716 2572 2096 2656 apostolum
2112 2573 2567 2639 ambulantem

1372 2660 1440 2724 in
1461 2659 1769 2726 fluctibus
1790 2681 1875 2724 ne
1895 2671 2303 2742 mergeretur
2319 2663 2569 2727 erexit:

1373 2757 1441 2811 et
1464 2748 1924 2831 coapostolum
1958 2747 2101 2829 ejus
2132 2751 2405 2831 paulurn
2438 2759 2570 2813 ter·

1372 2835 1468 2902 tio
1527 2836 2033 2917 naufragantem
2092 2837 2180 2899 de
2238 2837 2573 2920 profundo

1371 2924 1593 3007 pelagi
1616 2923 1919 2986 liberavit
1947 2943 1963 2987 ε
1995 2924 2241 2987 exaudi
2266 2944 2390 2988 nos
2420 2945 2572 3008 pro·

1372 3011 1577 3095 pitius
1604 3032 1621 3076 ε
1650 3020 1721 3074 et
1750 3011 2043 3074 concede
2071 3032 2087 3075 z
2120 3021 2193 3075 ut
2217 3013 2569 3077 amborum

1375 3099 1627 3164 meritis
1650 3098 2017 3163 eternitatis
2041 3097 2321 3181 gloriam
2342 3120 2571 3164 conse-

1375 3207 1675 3270 quamur.
1736 3187 1850 3269 qui
1880 3186 2061 3251 vivis.
2152 3188 2280 3251 Ad
2300 3189 2567 3253 matuti-

1375 3297 1498 3339 nas
1523 3274 2015 3339 Invitaton‘um.
2084 3275 2342 3358 Regem
2376 3297 2571 3359 apos-

1376 3363 1683 3429 tolorum.
1757 3371 1859 3443 pff.
1906 3362 2167 3429 Venite.
2249 3362 2469 3431 Cetera
2498 3374 2575 3430 ut

1376 3451 1450 3514 in
1480 3450 1822 3513 communi.

1380 3539 1609 3603 Sermo
1668 3537 1839 3603 beati
1893 3537 2241 3620 augustini
2292 3540 2572 3623 episcopi.

1375 3627 1828 3758 piscatoris
1880 3635 1950 3690 et
1995 3647 2297 3709 persecu·
2332 3628 2496 3712 [Lec.
2508 3629 2575 3712 j.

1527 3715 1691 3780 toris
1766 3716 2281 3780 sacratissimum
2342 3717 2575 3780 diem:

1379 3800 1491 3864 ille
1522 3822 1657 3885 quo
1688 3802 1854 3866 retia
1898 3804 2108 3866 evasit
2162 3803 2403 3867 seculi:
2451 3805 2577 3866 iste

1379 3909 1516 3972 quo
1546 3910 1636 3953 ex
1668 3889 1963 3970 predone
1996 3889 2334 3953 confessor
2364 3889 2577 3953 factus

1379 3986 1482 4041 est
1544 3978 1829 4041 Christi:
1873 3978 2141 4060 gemine
2200 3977 2579 4040 festivitatis

1381 4085 1655 4129 occursu
1704 4065 2061 4129 devotione
2106 4065 2419 4146 precipua
2462 4064 2583 4145 ho-

1381 4153 1488 4216 die
1521 4152 1948 4217 celebramus
2044 4151 2269 4234 Elegit
2300 4151 2421 4216 hos
2454 4153 2579 4216 du-

1381 4262 1457 4304 os
1491 4241 1793 4308 Christus
1830 4261 1843 4304 :
1890 4259 2095 4304 unum
2126 4241 2525 4325 piscatorem
2567 4261 2583 4309 ε

1085 4417 1096 4444 ¹
1133 4414 1351 4482 caiphe:
1389 4413 1456 4466 N.

213 4523 373 4576 VOL.
409 4523 492 4578 11.

2190 4519 2323 4572 CC
