3117 4959
1144 240 1207 296 S.
1256 233 1701 296 BONIFACII
1741 233 2192 290 MARTYRIS.

952 347 1109 404 293

420 451 709 516 virorum
764 450 1125 516 multitudo
1166 471 1207 515 a
1237 446 1624 514 marcellino

2235 342 2387 398 294

1725 452 1789 525 ΕΙ
1827 446 2064 512 Sancti
2074 447 2322 529 petroci
2334 447 2361 484 ²
2387 443 2768 528 confessoris
2795 463 2910 509 non

423 541 814 623 presbytero
844 549 945 603 est
985 539 1324 622 baptizata
1354 558 1472 621 per
1502 557 1622 610 ex·
1709 536 2053 618 pontificis.
2140 535 2447 617 Legenda
2467 545 2530 597 et
2553 545 2760 597 cetera
2785 554 2912 598 om·

422 627 869 692 hortationem
928 628 1141 692 sancti
1196 627 1367 710 petri
1426 643 1626 688 exor-

422 717 609 779 ciste.
1295 713 1515 777 Lectio
1548 733 1620 794 y.

555 822 790 866 erenus
851 822 1010 884 ergo
1060 801 1339 866 vicarius
1398 820 1624 884 prece-

557 890 656 973 pit
687 890 1139 954 marcellinum
1160 889 1622 971 presbyterum

428 979 669 1060 pugnis
716 997 940 1040 cesum
994 977 1284 1059 separari
1338 997 1379 1040 a
1430 984 1622 1059 petro

426 1074 496 1129 et
571 1065 825 1129 nudum
916 1065 1092 1128 mitti
1174 1064 1287 1127 ubi
1376 1063 1620 1127 vitrum

428 1152 707 1215 fractum
769 1172 1106 1234 aspersum
1167 1161 1359 1216 erat:
1404 1159 1473 1214 et
1532 1148 1625 1212 ibi

426 1241 725 1302 clausum
784 1260 864 1303 ac
922 1239 1257 1302 vinctum¹
1320 1236 1624 1320 relinqui.

434 1328 702 1390 Petrum
744 1327 942 1408 jussit
972 1327 1039 1389 in
1070 1326 1349 1390 vinculis
1380 1325 1626 1406 recipi:

430 1424 499 1480 et
529 1415 735 1497 pedes
765 1415 908 1496 ejus
954 1414 1022 1478 in
1068 1415 1265 1497 cippo
1294 1412 1628 1478 artissimo

432 1502 811 1583 constringi.
874 1502 1231 1585 Apparens
1260 1511 1487 1564 autem
1510 1519 1628 1562 an-

429 1589 619 1671 gelus
648 1589 757 1652 dei
790 1589 1173 1653 marcellino
1204 1589 1626 1672 presbytero:

428 1678 695 1740 vestivit
724 1697 877 1740 eum
910 1685 979 1740 et
1004 1677 1183 1740 dixit
1212 1677 1288 1740 ei.
1338 1675 1631 1756 Sequere

432 1783 556 1828 me.
653 1764 996 1846 Ingressus
1026 1784 1184 1846 ergo
1214 1761 1491 1846 angelus
1516 1762 1628 1825 ubi

432 1861 657 1934 petrus
688 1852 1020 1916 exorcista
1040 1861 1183 1915 erat
1205 1851 1379 1915 hunc
1411 1849 1631 1913 absol-

431 1941 546 2002 vit.
638 1939 729 2002 Et
781 1939 1025 2002 ducens
1072 1959 1187 2002 eos
1238 1939 1305 2002 in
1351 1939 1628 2001 domum

436 2027 547 2089 ubi
598 2045 830 2089 omnes
877 2027 1196 2108 baptizati
1245 2035 1432 2090 erant
1478 2046 1630 2108 pre-

435 2114 615 2195 cepit
676 2113 771 2176 eis
830 2123 905 2176 ut
965 2133 1083 2194 per
1154 2123 1413 2196 septem
1486 2114 1630 2176 dies

435 2199 758 2283 populum
790 2200 1273 2265 confortarent:
1307 2209 1373 2263 et
1398 2209 1631 2282 postea

434 2307 668 2351 sereno
724 2287 969 2351 vicario
1042 2307 1115 2351 se
1187 2288 1633 2352 ostenderent.

436 2378 811 2506 Factum
842 2384 944 2439 est
974 2395 1133 2457 ergo
1162 2395 1314 2439 cum
1342 2375 1501 2458 [Lec.
1536 2375 1633 2456 iij.

588 2463 1187 2545 appropinquasset
1263 2463 1426 2526 hora
1484 2483 1636 2545 pas-

435 2550 640 2613 sionis
668 2560 1049 2614 sanctorum
1073 2560 1440 2632 martyrum
1462 2571 1637 2614 mar-

434 2637 655 2700 cellini
702 2646 771 2702 et
830 2639 1041 2721 petri:
1088 2638 1425 2703 carnifices
1472 2639 1636 2701 irru-

438 2734 628 2788 entes
658 2725 1057 2790 arthemium
1104 2726 1330 2808 gladio
1370 2745 1638 2808 percus-

437 2822 663 2877 serunt
692 2835 705 2877 :
730 2821 799 2876 et
818 2833 1095 2876 uxorem
1122 2814 1264 2895 ejus
1282 2815 1638 2878 candidam

445 2909 651 2982 atque
710 2900 915 2964 filiam
992 2920 1221 2966 eorum
1299 2901 1640 2983 paulinam

440 2989 772 3072 lapidibus
822 2989 1200 3054 obruerunt.
1309 2989 1642 3052 Marcelli-

441 3097 601 3140 num
655 3097 811 3141 vero
860 3086 926 3140 et
977 3087 1237 3158 petrum
1270 3076 1640 3140 decollave-

441 3175 607 3229 runt.
702 3165 856 3247 Ipse
885 3175 1111 3228 autem
1141 3164 1255 3248 qui
1286 3163 1642 3228 decollavit

440 3271 557 3314 eos
630 3253 898 3314 nomine
972 3252 1331 3317 dorotheus
1365 3273 1380 3316 ε
1456 3252 1640 3314 omni

443 3338 691 3420 populo
752 3339 1049 3402 indicans
1109 3360 1239 3421 que
1312 3339 1638 3404 vidisset:

442 3426 819 3507 baptizatus
850 3436 966 3489 est.
1029 3427 1218 3490 Vidit
1240 3427 1418 3490 enim
1451 3447 1640 3490 sanc-

442 3521 663 3576 torum
709 3513 967 3574 animas
1019 3514 1103 3576 de
1146 3534 1421 3596 corpore
1454 3516 1638 3578 exire

445 3609 649 3681 atque
711 3600 1099 3680 angelorum
1168 3601 1474 3664 manibus
1550 3602 1635 3665 ad

443 3686 623 3752 celos
701 3706 843 3750 esse
917 3686 1229 3751 sublatas.
1340 3689 1639 3769 Corpora

444 3794 603 3837 vero
651 3795 880 3837 eorum
928 3775 1230 3858 sepelivit
1291 3774 1509 3839 lucilla
1572 3777 1635 3839 in

444 3863 555 3925 via
601 3862 911 3926 lavicana.
1023 3862 1325 3945 Quorum
1389 3864 1640 3926 meritis

446 3959 515 4013 et
545 3951 847 4033 precibus
890 3952 1139 4032 gaudia
1186 3952 1375 4014 nobis
1408 3969 1638 4034 prove-

446 4038 634 4102 niant
706 4040 1127 4121 sempiterna.
1268 4037 1489 4105 Cetera
1562 4038 1643 4102 de

444 4125 771 4189 communi
788 4126 1223 4207 plurimorum
1253 4136 1639 4208 martyrum.

549 4285 562 4315 ¹
597 4283 817 4334 victum:
852 4285 903 4334 S.
1172 4289 1194 4318 ²
1216 4287 1451 4352 petracii:
1485 4285 1630 4336 RN.

545 4352 566 4380 ⁸
598 4349 915 4400 diocletiani:
952 4351 1071 4399 NJ»
1109 4351 1438 4403 dioclecianiz
1474 4353 1524 4404 S.

547 4419 564 4447 ⁸
596 4416 1006 4466 commiscebatur
1031 4435 1043 4465 ι
1080 4417 1149 4467 N.

1725 623 1935 686 niade
1961 623 2288 687 communi
2313 625 2513 686 unius
2539 622 2912 708 confessoris·

1727 731 1852 774 non
1868 711 2212 792 pontific-225.

1728 803 1792 876 π
1828 799 2064 862 Sancti
2079 798 2412 879 Bomfacii
2427 799 2754 878 martyris.
2787 796 2913 878 L.j.

1747 887 2270 1017 Temporibus
2331 885 2752 950 diocliciani⁸
2795 885 2912 946 im-

1891 975 2250 1056 peratoris:
2283 983 2428 1038 erat
2455 974 2746 1055 quedam
2777 991 2915 1036 mu-

1727 1059 1847 1123 lier
1905 1080 2089 1125 rome
2141 1063 2410 1124 nomine
2461 1060 2730 1142 aglaes:
2791 1078 2916 1141 que

1725 1148 2019 1213 habebat
2048 1150 2384 1231 quendam
2415 1169 2676 1212 servum
2709 1147 2918 1210 nomi-

1728 1256 1815 1299 ne
1843 1235 2247 1300 bonifacium
2278 1238 2392 1318 qui
2425 1238 2486 1300 ei
2519 1235 2917 1300 comisceba-

1725 1325 1877 1386 tur⁴
1938 1325 2004 1386 in
2057 1333 2423 1406 peccatum.
2517 1324 2652 1388 Hic
2700 1331 2920 1386 autem

1729 1420 1873 1475 erat
1902 1411 2198 1475 ebriosus
2229 1419 2298 1475 et
2327 1411 2632 1475 adulter:
2675 1412 2796 1474 sed
2825 1420 2926 1473 ta-

1733 1518 1886 1562 men
1961 1498 2484 1580 hospitalitatem
2549 1498 2922 1581 largitatem

1731 1595 1800 1650 et
1831 1586 2342 1650 misericordiam
2374 1587 2712 1669 diligebat.
2769 1586 2950 1665 Post,

1731 1694 1941 1738 annos
2003 1674 2248 1737 multos
2316 1683 2694 1758 conpuncta
2721 1675 2748 1712 ⁸
2821 1673 2926 1736 dei

1733 1762 1947 1844 gratia
1993 1762 2219 1844 aglaes
2264 1761 2457 1825 dixit.
2550 1762 2785 1824 Frater
2815 1761 2928 1823 bo-

1733 1849 1931 1912 nifaci
1972 1870 2174 1932 perge
2217 1850 2282 1912 in
2331 1850 2632 1931 partibus
2661 1849 2930 1912 orientis

1732 1938 1896 2001 affer
1925 1938 2116 2001 nobis
2147 1947 2528 2001 sanctorum
2561 1945 2926 2018 martyrum

1732 2024 2088 2107 reliquias:
2135 2034 2210 2088 ut
2257 2044 2380 2088 nos
2425 2026 2716 2089 oratoria
2747 2023 2931 2088 edifi-

1728 2123 1959 2176 cantes
2017 2112 2158 2176 eiS.
2143 2133 2158 2147 ·
2203 2131 2322 2194 per
2379 2123 2646 2176 sanctas
2705 2131 2930 2176 eorum

1734 2200 2078 2281 passiones
2106 2200 2453 2264 salvemur.
2618 2199 2834 2262 Lectio
2863 2199 2933 2280 ᾔ.

1735 2287 2194 2417 Egrediens
2223 2297 2452 2351 autem
2482 2307 2647 2369 puer
2678 2284 2934 2350 bonifa-

1887 2394 2026 2438 cius
2057 2376 2356 2458 pervenit
2385 2375 2498 2439 ubi
2523 2375 2738 2438 sancti
2763 2394 2934 2437 mar·

1737 2471 1917 2544 tyres
1957 2463 2156 2544 positi
2205 2473 2395 2526 erant
2441 2464 2506 2526 in
2545 2463 2934 2527 tormentis:

1737 2558 1809 2614 et
1855 2551 2258 2615 exclamavit
2309 2551 2552 2615 dicens,
2647 2551 2938 2632 Magnus

1739 2646 1843 2702 est
1872 2639 2037 2702 deus
2061 2637 2581 2702 christianorum.
2629 2637 2938 2719 Cumque

1739 2726 2102 2808 simplicius
2119 2726 2332 2808 judex
2358 2727 2732 2808 aspexisset
2755 2743 2938 2788 eum:

1735 2813 1932 2896 jussit
1985 2833 2137 2877 eum
2189 2814 2502 2896 suspendi
2555 2823 2625 2876 et
2673 2813 2942 2894 ungulis

1743 2921 1979 2984 corpus
2025 2901 2168 2982 ejus
2219 2902 2361 2964 radi
2411 2903 2478 2964 in
2536 2911 2808 2965 tantum
2869 2909 2945 2963 ut

1743 3009 1897 3052 ossa
1942 2988 2086 3069 ejus
2123 2997 2534 3071 apparerent.
2629 2990 2792 3053 Post
2821 2989 2942 3051 hec

1743 3097 1900 3140 vero
1968 3075 2166 3157 jussit
2239 3075 2454 3140 afferri
2521 3076 2726 3139 ollam
2789 3095 2944 3139 cum

1743 3163 1933 3247 pice⁶
1964 3172 2033 3227 et
2066 3164 2332 3227 immitti
2365 3164 2430 3226 in
2461 3183 2610 3227 eam
2633 3174 2948 3227 sanctum

1743 3251 2148 3316 bonifacium
2181 3249 2480 3314 inverso⁷
2509 3251 2749 3332 capite.
2801 3251 2952 3314 An-

1739 3338 1930 3422 gelus
1960 3339 2136 3402 enim
2183 3338 2435 3401 domini
2479 3338 2836 3402 descendit
2865 3339 2954 3402 de

1741 3425 1885 3492 celo
1915 3436 1985 3489 et
2013 3425 2234 3508 tetigit
2264 3425 2468 3488 ollam
2497 3447 2511 3489 :
2545 3435 2613 3489 et
2644 3428 2956 3508 protinus

1742 3514 2100 3595 liquefacta
2161 3520 2313 3577 est:
2359 3523 2428 3576 et
2475 3523 2746 3577 sanctus
2815 3533 2956 3577 non

1741 3611 1842 3666 est
1877 3600 2315 3664 molestatus.⁸
2379 3601 2686 3664 Incendit
2717 3611 2956 3664 autem

1743 3689 1830 3753 de
1859 3688 2234 3752 astantibus
2253 3688 2427 3751 viros
2451 3688 2714 3752 multos.
2747 3689 2832 3752 L.
2855 3690 2958 3772 iij.

1765 3774 2304 3907 Tremesactus
2382 3784 2606 3839 autem
2679 3777 2906 3858 judex
2943 3798 2961 3840 :

1904 3863 2102 3944 jussit
2132 3873 2208 3927 ut
2236 3863 2464 3945 gladio
2500 3873 2704 3947 caput
2735 3865 2962 3927 sancti

1743 3949 2054 4015 bonifacii
2087 3951 2550 4016 abscideretur.
2643 3952 2858 4035 Quod
2889 3961 2962 4014 et

1744 4039 1994 4102 sactum
2070 4048 2189 4102 est.
2326 4037 2645 4103 Conservi
2721 4049 2958 4103 autem

1743 4127 1954 4191 sancti
2007 4127 2314 4209 martyris
2361 4124 2659 4191 tulerunt
2707 4147 2956 4211 corpus

1833 4287 2215 4364 ‘compuncta.
2252 4287 2316 4337 R.
2325 4285 2390 4336 N.

1839 4351 2055 4428 ‘piscez
2099 4352 2167 4401 N.

1841 4421 1858 4446 ⁷
1893 4433 2162 4468 immerso:
2199 4418 2251 4468 S.
2393 4422 2413 4448 ⁹
2448 4419 2714 4468 molestus:
2753 4419 2808 4468 S.
