3117 4959
1090 249 1198 302 IN
1235 247 1777 302 INVENTIONE
1822 247 1883 302 S.
1938 245 2393 301 STEPHANI.

1027 358 1182 410 445

487 489 596 552 dic
623 488 897 570 johanni
932 488 1246 570 episcopo
1275 510 1288 551 :
1336 497 1409 550 ut
1435 487 1691 570 aperiat

493 579 684 640 nobis
713 598 727 641 :
775 587 842 640 et
868 576 1066 640 faciat
1091 577 1307 640 locum
1334 578 1691 640 orationis:

493 674 567 728 ut
627 684 745 747 per
798 674 1091 728 nostram
1153 665 1691 728 intercessionem

494 754 880 816 misereatur
915 753 1224 817 dominus
1271 751 1520 835 populo
1553 771 1691 814 su0.

483 850 580 922 ps':
653 840 976 904 Exultate
1002 841 1180 922 justi.
1257 857 1305 926 γ
1349 841 1691 921 Justorum

493 930 732 992 anime.
849 929 1177 1009 Septima¹
1231 928 1409 991 lectio
1465 929 1548 990 de
1586 949 1693 990 ex-

480 1019 800 1098 positione
913 1017 1235 1098 evangelii
1345 1016 1694 1079 secundum

494 1103 852 1167 mattheum
877 1127 900 1167 .·
953 1105 1128 1169 Ecce
1178 1125 1304 1186 ego
1355 1106 1550 1167 mitto
1603 1105 1691 1169 ad

494 1213 629 1256 vos,
758 1193 986 1256 S'crmo
1073 1213 1152 1256 ex
1236 1193 1695 1255 commentario

495 1281 666 1344 beati
690 1280 1062 1362 hieronymi.
1145 1281 1296 1344 Hoc
1320 1281 1502 1363 quod
1535 1290 1693 1343 ante

496 1370 778 1434 dixerat.
867 1368 1154 1451 Require
1211 1369 1280 1432 in
1341 1368 1474 1432 alio
1518 1370 1696 1450 sesto

497 1459 684 1538 infra
744 1457 1154 1520 nativitatem
1213 1457 1480 1521 domini.
1577 1457 1689 1519 Re.

499 1547 786 1610 Sanctus
844 1545 1154 1627 gamaliel
1209 1545 1274 1608 in
1323 1547 1467 1608 visu
1515 1546 1693 1608 dixit

497 1634 796 1697 luciano:
844 1633 1194 1714 diligenter
1239 1633 1693 1696 animadverte

497 1743 627 1803 que
687 1722 888 1785 dico:
964 1732 1031 1783 et
1093 1723 1318 1783 statim
1381 1723 1693 1802 deposuit

497 1829 719 1873 coram
771 1829 852 1872 eo
904 1818 1037 1871 tres
1091 1808 1386 1872 calathos
1441 1829 1692 1872 aureos,

499 1899 590 1962 Et
623 1906 894 1978 quartus
914 1906 1266 1977 argenteus
1291 1897 1526 1978 plenus
1551 1906 1694 1960 erat

497 2005 706 2049 croco,
827 2001 868 2070 γ
953 1985 1043 2046 Et
1103 2005 1272 2047 unus
1333 2005 1421 2046 ex
1481 1986 1694 2048 tribus

497 2072 776 2136 calathis
811 2073 1122 2135 rubentes
1169 2072 1462 2135 habebat
1511 2093 1695 2136 rosas

498 2171 822 2242 tanquam
856 2162 1287 2241 sanguinem:
1334 2161 1447 2223 alii
1467 2171 1692 2224 autem

497 2249 634 2312 duo
667 2247 882 2312 referti
916 2257 1106 2312 erant
1136 2250 1298 2312 rosis
1328 2249 1512 2313 albis,
1604 2250 1695 2312 Et

498 2347 790 2418 quartus,
1307 2337 1524 2401 Lectio
1554 2337 1698 2420 vizj.

511 2425 747 2557 Cum
795 2444 953 2506 ergo
1000 2425 1341 2488 inventum
1386 2433 1560 2488 esset
1594 2446 1696 2488 sa-

559 2589 568 2596 ,
635 2513 1071 2576 cratissimum
1098 2533 1337 2594 corpus
1364 2512 1538 2575 beati
1566 2523 1696 2576 ste-

499 2599 740 2683 phani:
787 2603 1013 2664 statim
1057 2610 1449 2664 terremotus
1481 2599 1697 2663 factus

500 2699 600 2752 est
633 2709 957 2771 magnus:
1004 2698 1072 2751 et
1120 2698 1304 2751 tante
1349 2689 1696 2752 suavitatis

501 2779 666 2840 odor
725 2778 884 2840 inibi
939 2777 1289 2860 fragravit:
1337 2778 1699 2858 quantam²

501 2865 716 2929 nullus
755 2866 1097 2929 hominum
1129 2884 1200 2928 se
1233 2885 1525 2946 unquam
1561 2886 1699 2928 me-

501 2954 782 3017 minerat
841 2955 1168 3018 odorasse.
1293 2953 1405 3014 Ex
1473 2953 1698 3016 odoris

501 3060 661 3123 ergo
755 3042 954 3105 mira³
1029 3041 1387 3124 fragrantia
1471 3041 1698 3104 m'ultis

499 3131 744 3211 egrotis
763 3132 1010 3193 sanitas
1023 3129 1357 3192 emanavit
1377 3130 1695 3194 maxima.

500 3217 942 3299 Septuaginta
974 3238 1262 3299 namque
1286 3226 1353 3281 et
1379 3228 1511 3280 tres
1537 3228 1696 3281 tunc

499 3326 538 3367 a
571 3307 764 3368 variis
811 3306 1235 3388 languoribus
1285 3307 1492 3368 curati
1542 3316 1697 3369 sunt

497 3394 801 3456 homines
851 3395 915 3455 in
972 3394 1350 3456 inventione
1402 3395 1696 3476 corporis

497 3481 803 3562 stephani
837 3481 1056 3543 dilecti
1095 3481 1338 3544 Christi
1366 3482 1690 3563 martyris,

496 3569 610 3632 Re.
701 3567 909 3631 Vides
953 3590 994 3631 o
1026 3567 1226 3631 frater
1266 3568 1522 3633 luciane
1570 3571 1691 3633 hos

495 3656 794 3720 calathos
844 3656 948 3720 hic
997 3676 1177 3720 rosas
1231 3656 1484 3720 habens
1545 3659 1692 3740 pul-

595 3793 608 3823 ¹
647 3792 819 3842 Verba
855 3807 885 3841 a
930 3791 1188 3856 ‘Septima
1225 3791 1409 3842 lectio’
1443 3809 1599 3858 usque
1631 3795 1697 3844 ad

502 3859 728 3909 'domini
749 3859 764 3882 '
795 3859 1090 3908 omittuntur
1107 3859 1242 3924 apud
1283 3859 1346 3910 R.
1385 3867 1436 3909 et
1461 3861 1526 3910 N.
1557 3868 1606 3909 et
1644 3861 1697 3910 in

492 3941 667 3977 eorum
719 3925 826 3975 vice
881 3925 1096 3990 legenda
1150 3932 1282 3975 sunt.
1380 3930 1394 3954 ‘
1413 3926 1696 3975 Secundum

493 3994 763 4043 matheum.
857 3991 924 4041 In
980 3991 1070 4040 illo
1127 3999 1369 4056 tempore.
1477 3992 1695 4042 Dicebat

487 4059 635 4124 Jesus
659 4061 750 4108 tur'
773 4059 815 4107 is
833 4057 1097 4123 judeorum
1121 4066 1171 4107 et
1206 4057 1516 4124 principibus
1533 4073 1695 4108 sacer·

490 4126 682 4175 dotum.
759 4125 890 4174 Ecce
925 4141 1019 4188 ego
1041 4123 1189 4173 mitto
1223 4124 1288 4173 ad
1312 4141 1402 4173 vos
1425 4123 1697 4188 prophetas

491 4201 540 4240 et
567 4191 817 4254 sapientes
841 4198 888 4239 et
913 4191 1100 4240 scribas
1126 4208 1139 4240 :
1172 4199 1224 4240 et
1247 4206 1304 4239 ex
1333 4191 1432 4240 illis
1455 4191 1695 4240 occidetis

489 4264 541 4305 et
580 4257 913 4321 crucifigetis:
961 4265 1011 4306 et
1057 4273 1117 4306 ex
1162 4256 1234 4306 eis
1280 4256 1597 4320 flagellabitis
1640 4257 1694 4305 in

492 4322 784 4387 [simagogis
805 4341 818 4372 ε
889 4323 978 4386 R.]
1035 4323 1303 4387 synagogis
1359 4322 1551 4372 vestris.
1627 4322 1695 4373 Et

490 4388 695 4453 reliqua.
748 4389 917 4438 Sermo
936 4405 999 4438 ex
1018 4390 1366 4438 commentario
1387 4389 1517 4438 beati
1535 4389 1694 4438 hiero·

485 4455 632 4516 nymi
641 4453 913 4519 presbyteri
931 4455 986 4502 de
1005 4455 1165 4503 eadem
1189 4455 1396 4504 lectione.
1439 4455 1570 4506 Lect.
1597 4456 1686 4520 vij.

2316 353 2473 407 446

1794 487 2197 550 cherrimas:
2242 484 2501 548 loculus
2564 491 2668 546 est
2726 482 2979 565 preciosi

1801 577 2111 657 martyris
2142 573 2468 656 stephani.
2542 572 2679 654 Qui
2702 572 2879 634 solus
2905 591 2979 633 ex

1798 664 1992 726 nobis
2026 665 2345 744 martyrio
2387 663 2629 724 meruit
2684 659 2981 723 coronari.

1795 768 1845 839 γ
1894 753 2345 834 Introgressus
2390 750 2635 813 ostium
2671 747 2980 830 sepulchri

1796 842 2091 902 invenies
2140 860 2294 902 eum
2328 839 2394 902 in
2433 847 2623 920 parte
2679 835 2983 899 orientali.

1795 929 1929 1011 Qui
1962 928 2161 992 solus,
2666 925 2888 987 Lectio
2914 924 2987 987 ix.

1794 1017 2112 1148 Igitur⁴
2170 1025 2438 1078 sanctus
2498 1012 2989 1096 prothomartyr

1901 1105 2267 1186 stephanus
2328 1105 2635 1166 inventus
2702 1111 2852 1164 est:
2916 1101 2989 1162 ad

1796 1193 2252 1275 sepeliendum
2286 1210 2526 1272 corpus
2557 1210 2763 1253 suurn
2820 1207 2991 1250 sanc-

1796 1291 1903 1344 tus
1944 1281 2274 1363 johannes
2320 1281 2675 1361 episcopus
2714 1277 2993 1340 hieroso-

1798 1369 2161 1450 lymitanus
2208 1389 2359 1430 cum
2407 1369 2645 1430 ceteris
2704 1365 2991 1446 plurimis

1797 1458 2027 1520 aderat
2078 1454 2502 1538 coepiscopis,
2600 1453 2703 1517 Hi
2761 1454 2992 1535 quippe

1796 1565 1948 1608 cum
1986 1547 2290 1608 universo
2311 1544 2490 1607 clero
2508 1563 2631 1604 suo
2656 1543 2991 1604 venientes

1796 1635 1861 1696 in
1894 1644 2197 1697 sanctam
2228 1631 2575 1696 ecclesiam
2602 1651 2744 1712 que
2768 1631 2992 1692 dicitur

1794 1741 2010 1803 syon:
2065 1720 2375 1802 reliquias
2423 1719 2636 1782 sancti
2694 1719 2992 1798 martyris

1796 1817 2158 1892 posuerunt
2184 1828 2198 1872 ε
2246 1817 2447 1889 atque
2474 1807 2587 1869 ubi
2618 1807 2715 1869 ab
2740 1816 2991 1888 aposto-

1796 1898 1873 1960 lis
1929 1898 2036 1960 dei
2091 1897 2595 1960 archidiaconus
2655 1896 2993 1957 ordinatus

1795 1995 1932 2049 est:
1980 1983 2642 2048 honorificentissime
2676 2003 2841 2046 cum
2872 1981 2993 2044 lau·
3060 2049 3062 2052 Α

1795 2073 1992 2137 dibus
2058 2074 2299 2136 divinis
2375 2071 2806 2152 sepelierunt.
2928 2070 2993 2132 In
3058 2079 3062 2160 ἐ

1796 2183 1931 2244 quo
1986 2161 2133 2226 loco
2188 2161 2533 2223 innumera
2588 2159 2768 2222 fiunt
2819 2159 2999 2222 mira·
3057 2163 3062 2268 i

1799 2250 1998 2314 bilia:
2063 2251 2221 2332 quia
2270 2268 2501 2311 revera
2550 2247 2887 2311 decebat:
2936 2255 3001 2308 ut

1796 2339 1909 2420 qui
1973 2339 2226 2420 primus
2304 2346 2459 2418 post
2542 2337 2997 2399 ascensionem

1796 2427 2051 2490 domini
2121 2425 2557 2507 triumphavit
2619 2425 2693 2486 in
2758 2423 2997 2505 prelio:
3056 2461 3062 2480 .

1795 2514 2271 2596 gloriosissime
2317 2515 2561 2576 niteret
2608 2513 2679 2574 in
2716 2511 2997 2574 mundo:
3057 2483 3062 2558 Ῑ

1797 2603 1882 2664 ad
1916 2602 2178 2665 laudem
2212 2610 2441 2665 sancte
2478 2601 2807 2664 trinitatis
2836 2621 2853 2663 :
2898 2599 2997 2682 qui
3058 2577 3062 2650 Ι

1798 2691 2007 2754 trinus
2039 2701 2107 2752 et
2138 2711 2308 2753 unus
2353 2691 2518 2754 vivit
2549 2696 2620 2752 et
2652 2699 2901 2770 regnat
2944 2689 3001 2749 in
3060 2699 3062 2720 ²

1797 2779 2021 2841 secula
2050 2780 2216 2842 deus
2245 2797 2459 2840 amen.
2524 2777 2644 2840 Re.
2720 2777 3003 2840 Sanctus

1793 2865 2121 2948 johannes
2154 2866 2506 2948 episcopus
2550 2864 3005 2946 lachrymams

1800 2975 1917 3036 pre
1947 2955 2195 3036 gaudio
2228 2955 2579 3018 benedixit
2620 2953 3005 3016 dominum:

1800 3051 1869 3106 et
1915 3042 2093 3106 dixit
2139 3043 2224 3105 ad
2273 3041 2613 3104 lucianum
2664 3042 3007 3123 presbyte-

1799 3151 1945 3194 rum
1976 3150 1990 3193 ε
2037 3139 2301 3212 oportet
2326 3150 2432 3192 me
2466 3130 2624 3191 inde
2655 3130 3007 3193 transferre

1800 3219 2073 3282 beatum
2126 3227 2693 3300 protomartyrem
2746 3218 3009 3300 stepha·

1801 3327 1977 3370 num.
2058 3307 2190 3389 Qui
2223 3316 2546 3388 tanquam
2580 3307 2878 3387 angelus
2906 3326 3007 3387 ap-

1798 3395 2017 3478 paruit
2066 3396 2322 3477 positus
2382 3395 2446 3457 in
2515 3395 2857 3457 concione
2904 3395 3005 3456 ho-

1800 3485 2070 3547 minum.
2149 3499 2198 3563 y
2244 3482 2378 3565 Qui
2411 3482 2671 3564 primus
2694 3483 3005 3546 adversus

1792 3571 2031 3653 judeos
2078 3571 2415 3634 dominica
2468 3569 2651 3634 bella
2708 3573 3007 3654 peregit:

1799 3669 1867 3723 et
1915 3660 2146 3741 Jesurn
2196 3681 2238 3724 a
2285 3659 2545 3722 dextris
2582 3661 2865 3724 virtutis
2914 3658 3005 3720 dei

1798 3796 1919 3845 Hoc
1940 3796 2075 3861 quod
2114 3803 2231 3846 ante
2264 3796 2460 3846 dixerat
2494 3810 2588 3845 vos
2626 3795 2851 3860 implete
2888 3809 3007 3844 mn-
3057 3829 3062 3860 1

1798 3877 1965 3911 suram
2027 3870 2225 3926 patrum
2283 3869 2577 3920 vestrorum,
2630 3862 2701 3911 ad
2750 3875 3005 3926 personata
3059 3861 3062 3906 ἕ

1799 3927 1994 3977 domini
2034 3929 2283 3992 pertinere
2324 3927 2556 3976 videtur:
2593 3943 2659 3976 eo
2700 3928 2847 3992 quod
2892 3925 3005 3976 occi—

1794 3994 1993 4043 dendus
2034 4001 2165 4044 esset
2200 3994 2266 4043 ab
2304 3994 2393 4042 eis.
2470 3993 2647 4042 Potest
2686 4003 2743 4043 et
2781 3994 2855 4043 ad
2878 3989 3007 4042 disti·
3060 3993 3062 3996 ‘

1796 4060 1945 4126 pulos
1967 4059 2075 4124 ejus
2096 4060 2269 4109 referri
2294 4077 2307 4108 ε
2342 4059 2406 4108 de
2429 4059 2618 4124 quibus
2650 4074 2791 4108 nunc
2816 4059 3003 4108 dicitu
3059 4085 3062 4102 ;

1800 4127 1933 4174 Eece
1955 4141 2051 4189 ego
2068 4127 2217 4175 mitto
2251 4125 2316 4174 ad
2342 4139 2431 4174 vos
2472 4124 2757 4188 prophetas
2790 4135 2849 4175 et
2890 4123 3003 4186 sapi-
3059 4117 3062 4164 f

1796 4201 1937 4241 entes
1960 4202 2011 4241 et
2034 4192 2259 4241 scribas:
2293 4198 2387 4240 etc.
2434 4201 2493 4240 ut
2532 4190 2797 4257 impleatis
2820 4205 3003 4242 mem-
3059 4219 3062 4222 -

1796 4273 1901 4306 ram
1927 4264 2123 4322 patrum
2152 4256 2466 4306 vestrorum)
3059 4257 3062 4332 j

1895 4325 1916 4354 ²
1947 4331 2170 4388 quanta:
2206 4323 2275 4372 N.
3059 4335 3062 4396 ς

1893 4392 1915 4422 ⁸
1954 4391 2307 4439 ‘mira'om.=
2344 4388 2397 4438 S.

3059 4525 3062 4564 q

1896 4459 1915 4488 ⁸
1954 4461 1968 4483 ‘
1984 4465 2248 4521 postquam
2266 4455 2279 4478 '
2300 4455 2401 4504 add
2422 4471 2433 4504 :
2470 4453 2615 4506 RN.
