3117 4959
1577 229 1684 286 IN
1723 229 1990 288 FESTO
2091 279 2098 285 .

1074 340 1213 396 581

536 451 899 526 conspectu
944 445 1330 526 angelorum
1358 445 1534 510 votis
1578 465 1740 509 voce

538 533 884 614 psallimus
914 533 1319 598 alternantes
1336 553 1741 616 concrepan-

538 621 631 683 do
680 619 891 683 melos
934 621 1175 686 damus
1203 623 1497 694 vocibuS.
1589 621 1740 688 Col-

540 708 893 772 laudamus
922 718 1315 774 venerantes
1344 729 1580 773 omnes
1612 709 1736 773 celi

542 795 824 860 milites:
870 797 989 861 sed
1026 799 1338 881 precipue
1380 798 1735 881 primatem

538 882 801 946 celestis
846 887 1178 949 exercitus
1229 885 1621 950 michaelem
1670 885 1738 948 in

540 972 786 1034 virtute
882 981 1334 1038 conterentem
1434 973 1736 1037 zabulon.

548 1057 697 1137 Quo
746 1060 1024 1123 custode
1083 1061 1312 1144 procul
1380 1060 1553 1144 pelle
1617 1081 1736 1124 rex

546 1146 809 1211 Christe
871 1148 1165 1229 piissime
1226 1169 1423 1213 omne
1483 1148 1738 1232 nephas

542 1235 793 1298 inimici
826 1237 1077 1299 mundo
1108 1238 1305 1301 corde
1350 1245 1419 1300 et
1464 1257 1739 1318 corpore

544 1323 853 1404 paradiso
901 1324 1105 1388 redde
1136 1335 1253 1388 tuo
1287 1345 1406 1388 nos
1437 1325 1580 1388 sola
1611 1325 1738 1388 cle-

546 1411 815 1476 mentia.
939 1411 1165 1476 Gloria
1226 1413 1397 1496 patri
1458 1412 1740 1476 melodis

544 1517 975 1580 personemus
1049 1501 1320 1566 vocibus
1355 1523 1371 1566 :
1458 1501 1739 1583 gloriam

547 1586 813 1650 Christo
844 1607 1197 1654 canamus:
1238 1589 1515 1670 gloriam
1552 1609 1744 1671 para-

544 1674 740 1739 clito:
809 1676 923 1757 qui
975 1677 1140 1740 deus
1189 1679 1399 1741 trinus
1450 1685 1519 1740 et
1574 1697 1742 1740 unus

545 1770 739 1826 extat
786 1774 943 1827 ante
990 1763 1212 1829 secula
1260 1785 1474 1829 amen.
1562 1781 1612 1851 y
1661 1765 1741 1828 In

546 1861 907 1932 conspectu
988 1852 1377 1934 angelorum
1456 1852 1740 1936 psallam

542 1937 664 2002 tibi
698 1939 860 2002 deus
893 1959 1080 2004 meus
1110 1940 1435 2005 Adorabo
1452 1942 1539 2005 ad
1573 1951 1741 2004 tem-

544 2025 729 2106 plum
762 2036 1065 2091 sanctum
1097 2037 1327 2094 tuum:
1370 2037 1437 2092 et
1468 2029 1740 2092 confite-

544 2113 669 2175 bor
698 2115 947 2176 nomini
981 2126 1097 2178 tuo
1142 2116 1313 2181 all'a.
1399 2116 1485 2180 In
1514 2137 1742 2198 evang.

544 2209 650 2263 αῆ.
772 2201 955 2264 Dum
1014 2223 1273 2266 sacrum
1351 2206 1741 2285 mysterium

544 2297 841 2351 cerneret
886 2289 1259 2370 johannes:
1295 2292 1742 2394 archangelus

548 2375 829 2438 michael
889 2378 1052 2440 tuba
1104 2379 1395 2443 cecinit:
1470 2381 1742 2462 ignosce

546 2464 817 2527 domine
848 2466 1012 2528 deus
1044 2473 1309 2532 noster:
1354 2467 1470 2549 qui
1525 2470 1741 2551 aperis

547 2550 832 2616 librum:
880 2561 948 2617 et
992 2553 1196 2616 solvis
1226 2555 1568 2637 signacula
1599 2556 1742 2638 ejus

546 2638 656 2704 all'
657 2658 717 2702 a.
790 2649 893 2721 ps‘.
942 2641 1351 2743 Magnificat.
1490 2644 1740 2710 Gratia.

544 2729 818 2860 Deus
849 2730 963 2810 qui
996 2731 1165 2793 miro
1210 2730 1441 2795 ordine
1470 2731 1742 2815 angelo-

702 2835 846 2878 rum
872 2817 1233 2882 ministeria
1262 2818 1744 2903 hominumque

484 2933 487 2937 ²
546 2903 943 2985 dispensas:
1020 2908 1308 2971 concede
1367 2909 1742 2991 propicius:

548 3000 625 3054 ut
671 2994 912 3074 quibus
944 2993 1067 3057 tibi
1101 2994 1627 3059 ministrantibus
1675 2997 1740 3058 in

548 3079 693 3143 celo
722 3101 988 3164 semper
1026 3084 1391 3148 assistitur:
1423 3085 1509 3147 ab
1539 3083 1643 3148 his
1675 3085 1742 3146 in

546 3174 723 3231 terra
770 3171 909 3234 vita
956 3181 1183 3234 nostra
1228 3173 1582 3236 muniatur.
1628 3192 1746 3254 per

547 3255 913 3322 dominum.
1042 3259 1171 3321 Ad
1234 3259 1493 3323 maluti.
1569 3261 1744 3324 Invi.

545 3341 963 3425 Angelorum
1018 3347 1154 3427 regi
1204 3347 1332 3410 deo
1386 3347 1747 3429 jubilemus

547 3431 837 3531 pariter:
896 3433 1293 3496 Michaelem
1353 3447 1744 3500 venerantes

546 3518 899 3598 primatem
933 3521 1305 3587 solenniter.
1334 3532 1435 3604 ps’.
1483 3525 1744 3588 Venite.

546 3603 857 3685 Hymnus
885 3607 1039 3671 Tibi
1075 3608 1351 3675 Christe.
1418 3611 1505 3675 In
1520 3613 1746 3693 primo

548 3704 851 3757 nocturno
922 3716 1031 3760 an.
1189 3698 1394 3762 Stetit
1467 3700 1744 3782 angelus

543 3782 744 3863 juxta
773 3803 955 3848 aram
988 3784 1221 3868 templi
1253 3786 1504 3851 habens
1536 3789 1743 3852 thuri-

549 3870 779 3934 bulum
825 3893 1097 3937 aureum
1130 3874 1197 3937 in
1232 3895 1429 3939 manu
1472 3897 1608 3941 sua.
1642 3886 1744 3960 ps.

553 3960 844 4024 Domine
904 3962 1213 4026 dominus
1276 3972 1514 4027 noster.
1614 3966 1740 4031 An.

548 4047 879 4113 Ascendit
942 4049 1166 4116 fumus
1226 4062 1599 4116 aromatum
1676 4053 1742 4116 in

546 4147 907 4221 conspectu
940 4139 1193 4202 domini
1248 4141 1335 4203 de
1386 4161 1588 4205 manu
1627 4162 1742 4206 an-

547 4225 695 4305 geli.
803 4237 903 4308 ps.
985 4226 1065 4290 In
1124 4230 1403 4292 domino
1463 4229 1745 4294 confido,

548 4313 683 4378 Αῆ.
762 4315 1052 4380 Michael
1122 4317 1517 4402 archangele
1593 4319 1743 4382 veni

546 4401 615 4466 in
692 4402 1025 4486 adjutorio
1099 4405 1349 4489 populo
1426 4405 1554 4470 dei.
1644 4415 1742 4488 ps‘.

2347 340 2508 396 582

1843 443 2136 510 Domine
2192 445 2342 527 quis
2403 443 2748 509 habitabit.
2833 461 2880 530 y
2933 444 3004 509 In

1841 541 2224 616 conspectu.
2743 531 2998 596 Lemo
2951 553 3007 614 J

1833 621 2348 754 Angelorum
2391 619 2868 701 hominumque
2907 640 3008 683 na-

2001 719 2222 774 turam
2255 709 2340 772 ad
2371 709 2904 790 cognoscendum
2947 729 3004 772 se

1835 798 2144 862 dominus
2204 798 2544 862 condidit:
2607 816 2810 878 quam
2865 797 3003 858 dum

1835 886 2195 950 consistere
2223 885 2310 948 ad
2341 886 2763 949 eternitatem
2793 884 3006 949 voluit:

1834 993 1986 1036 eam
2037 972 2474 1055 proculdubio
2525 973 2612 1036 ad
2659 970 3008 1036 similitudi-

1837 1081 1992 1124 nem
2019 1081 2211 1124 suam
2235 1061 2500 1127 creavit.
2593 1060 2850 1124 Decem
2875 1081 3012 1123 vero

1837 1150 2148 1231 dragmas
2207 1148 2523 1212 habuisse
2568 1148 2638 1211 in
2690 1148 3010 1230 evangelio

1839 1237 2076 1300 mulier
2149 1236 2266 1300 illa
2338 1237 2735 1300 describitur
2771 1257 2792 1300 :
2877 1236 3010 1318 quia

1842 1345 2080 1388 novem
2112 1333 2268 1388 sunt
2316 1325 2582 1388 ordines
2631 1323 3012 1406 angelorum.

1842 1414 1977 1478 Sed
2040 1421 2116 1475 ut
2173 1412 2620 1494 compleretur
2675 1412 3008 1475 electorum

1841 1520 2208 1583 numerus:
2282 1501 2486 1563 homo
2560 1501 2863 1563 decimus
2929 1507 3012 1561 est

1840 1598 2116 1652 creatus,
2205 1589 2320 1653 Re.
2373 1590 2654 1653 Factum
2701 1597 2809 1651 est
2845 1587 3012 1650 silen-

1841 1677 2009 1740 tium
2063 1677 2133 1740 in
2183 1676 2326 1739 celo
2373 1676 2538 1740 dum
2591 1677 3014 1740 committeret

1842 1764 2090 1828 bellum
2167 1764 2369 1827 draco
2465 1784 2620 1828 cum
2717 1763 3012 1826 michaele

1841 1851 2277 1934 archangelo:
2342 1861 2412 1916 et
2471 1853 2704 1916 audita
2758 1861 2862 1916 est
2901 1871 3012 1913 vox

1843 1940 2026 2004 milia
2081 1939 2336 2002 milium
2383 1941 2799 2004 dicentium:
2845 1937 3014 2003 Salus

1842 2028 2055 2093 honor
2131 2037 2200 2092 et
2295 2029 2501 2092 virtus
2590 2025 3012 2110 omnipotenti

1840 2117 1988 2180 deo,
2085 2133 2137 2200 γ
2213 2117 2404 2179 Milia
2479 2116 2740 2179 milium
2819 2115 3016 2178 minis·

1841 2205 2140 2267 trabrant
2207 2205 2267 2266 ei
2311 2226 2326 2268 :
2401 2212 2472 2268 et
2529 2204 2756 2266 decies
2833 2201 3016 2266 milies

1838 2301 2124 2355 centena
2209 2291 2393 2355 milia
2483 2291 2892 2355 assistebant
2953 2291 3014 2351 ei.

1843 2379 2056 2445 Salus.
2727 2377 2940 2442 Lectio
2965 2377 3016 2458 ᾔ

1839 2469 2221 2600 Novem
2253 2487 2408 2532 vero
2440 2466 2834 2549 angelorum
2869 2465 3018 2529 ordi·

2028 2576 2145 2619 nes
2174 2556 2512 2621 diximus:
2543 2556 2704 2637 quia
2733 2553 3018 2618 videlicet

1841 2665 1988 2708 esse
2035 2653 2331 2708 testante
2378 2663 2566 2707 sacro
2613 2643 2882 2726 eloquio
2917 2643 3020 2704 sci·

1843 2752 1990 2795 mus
2021 2733 2338 2814 angelos:
2391 2730 2866 2814 archangelos:
2913 2729 3020 2792 vir-

1841 2829 2061 2885 tutes:
2120 2828 2528 2903 potestates:
2581 2820 3020 2901 principatus:

1841 2909 2334 2972 dominationes
2358 2930 2372 2973 :
2393 2907 2700 2971 thronos:
2727 2905 3018 2970 cherubin

1841 3005 2044 3077 atque
2075 2997 2402 3079 seraphin.
2494 2995 2620 3058 Per
2648 2993 3018 3077 prophetam

1844 3085 2044 3165 igitur
2073 3084 2313 3165 angelo
2337 3086 2451 3166 qui
2477 3093 2581 3147 est
2603 3085 2862 3166 primus
2891 3101 3018 3144 con·

1843 3173 2022 3235 ditus
2081 3173 2338 3237 dicitur.
2456 3172 2566 3235 Tu
2625 3168 3018 3253 signaculum

1843 3261 2294 3323 similitudinis
2324 3261 2558 3342 plenus
2590 3259 2920 3340 sapientia
2939 3263 3018 3319 :et

1845 3348 2172 3430 perfectus
2203 3350 2440 3413 decore
2473 3349 2540 3410 in
2570 3347 2829 3411 deliciis
2859 3363 3018 3428 pam·

1845 3437 1966 3498 disi
1999 3437 2106 3499 dei
2138 3436 2335 3500 fuisti.
2427 3436 2543 3499 Re.
2595 3435 2804 3500 Stetit
2851 3451 3016 3513 ange·

1844 3524 1944 3588 lus
1999 3525 2203 3606 juxta
2260 3544 2445 3588 aram
2505 3523 2745 3606 templi
2795 3522 3016 3587 habens

1844 3613 2252 3676 thuribulum
2285 3633 2557 3676 aureum
2591 3615 2662 3675 in
2692 3630 2898 3674 manu
2925 3626 3016 3672 sua

1843 3711 1914 3764 et
1965 3703 2126 3766 data
2177 3710 2332 3763 sunt
2384 3701 2443 3764 ei
2499 3703 2773 3764 incensa
2823 3696 3014 3762 multa.

1848 3789 1940 3852 Et
1970 3790 2268 3852 ascendit
2299 3788 2520 3853 fumus
2553 3797 2928 3852 aromatum
2953 3785 3014 3846 de

1845 3898 2046 3941 manu
2079 3877 2351 3960 angeli
2334 3898 2402 3941 m
2435 3886 2802 3959 conspectu
2833 3872 3014 3938 domi·

1845 3966 1932 4030 ni.
2023 3982 2076 4052 γ
2122 3968 2404 4030 Factum
2453 3975 2558 4030 est
2605 3960 3012 4028 silentiumin

1847 4054 1990 4118 celo
2021 4064 2090 4118 et
2121 4051 2380 4138 accepit
2411 4053 2693 4138 angelus
2747 4051 3012 4116 thuribu-

1845 4142 1986 4206 lum
2048 4152 2118 4208 et
2177 4142 2480 4226 implevit
2539 4143 2708 4207 illud
2762 4144 2854 4205 de
2897 4141 3008 4221 igne

1845 4231 2091 4296 altariS.
2182 4231 2292 4296 Et.
2705 4230 2920 4294 Lectio
2943 4223 3006 4306 iij

1856 4319 2049 4486 Qui
2110 4320 2483 4383 notandum
2532 4319 2718 4402 quod
2774 4339 2906 4382 non
2949 4311 3005 4376 ad

1981 4407 2486 4473 similitudinem
2582 4409 2692 4472 dei
2771 4407 3006 4474 sactus:
