3117 4959
842 231 849 236 ’
924 243 985 299 S.
1036 243 1324 300 BLASH
1367 243 1623 299 MART.

1013 353 1154 408 185

480 460 887 544 triumphum
936 459 1283 523 recolimus
1329 459 1395 522 in
1442 457 1683 522 terris:

477 551 622 632 ejus
653 550 955 633 precibus
987 547 1380 630 adjuvemur
1409 547 1475 610 in
1506 546 1682 611 celis,

479 659 597 719 per
626 637 989 701 dominum.
1066 636 1191 699 Ad
1210 635 1681 717 completorium

477 736 555 789 ut
615 737 815 807 supra
891 726 960 788 in
1044 724 1289 807 primis
1364 722 1678 804 vesperir.¹

480 820 545 893 ff
596 813 829 878 Sancti
854 812 1053 876 blasii
1078 812 1403 892 martyris.
1470 811 1682 875 Lectio

475 906 809 1034 Beatus
869 901 1117 965 blasius
1178 909 1326 964 toto
1396 897 1421 983 [
1429 899 1678 981 prima.

622 1001 920 1072 tempore
952 991 1085 1053 vite
1132 1008 1248 1052 sue
1290 997 1560 1052 sanctus
1607 996 1678 1052 et

476 1079 656 1141 mitis
703 1079 1036 1160 degebat:
1082 1077 1252 1140 sicut
1304 1076 1389 1139 de
1440 1084 1676 1140 sancto

468 1167 589 1249 job
608 1167 905 1249 legimus.
954 1166 1279 1230 Videntes
1299 1165 1439 1246 ejus
1463 1165 1675 1228 vitam

475 1254 1109 1338 irreprehensibilem
1164 1253 1230 1316 hi
1285 1253 1400 1335 qui
1450 1253 1515 1314 in
1572 1273 1675 1316 se-

472 1343 665 1407 basta
717 1344 1077 1426 capadocie
1125 1341 1392 1405 civitate
1440 1339 1674 1404 fideles

472 1432 857 1496 existebant
916 1430 1255 1512 elegerunt
1316 1447 1469 1493 eum
1544 1429 1673 1493 sibi

470 1521 875 1603 episcopum.
970 1520 1123 1602 Ipse
1146 1538 1302 1582 vero
1331 1517 1673 1580 declinans

467 1608 699 1692 populi
760 1607 1199 1691 frequentiam
1260 1625 1541 1688 pergens
1605 1606 1671 1668 in

470 1707 768 1760 montem
807 1697 921 1778 qui
970 1704 1245 1759 vocatur
1284 1692 1505 1775 argei:
1552 1692 1672 1756 ha-

470 1785 709 1848 bitavit
740 1786 828 1849 ibi
879 1785 944 1847 in
994 1785 1286 1866 quadam
1333 1779 1668 1864 spelunca.

466 1876 618 2005 ln
665 1873 794 1937 illis
840 1873 1066 1954 itaque
1111 1871 1349 1935 diebus
1410 1868 1572 1953 [Lec.
1600 1868 1671 1951 ij.

574 1961 818 2024 milites
838 1960 1019 2023 missi
1039 1979 1079 2024 a
1099 1957 1357 2042 preside
1378 1957 1670 2041 agricolo

466 2049 555 2113 ibi
589 2069 741 2112 eum
776 2047 1183 2111 invenientes
1228 2046 1543 2111 dixerunt
1589 2045 1668 2112 ei.

470 2137 837 2220 Egredere:
868 2144 1063 2200 vocat
1086 2143 1154 2198 te
1185 2154 1428 2217 preses.
1475 2134 1665 2218 Quos

463 2227 696 2288 videns
748 2233 1015 2288 sanctus
1067 2223 1286 2286 dixit:
1330 2221 1513 2286 filioli
1554 2243 1664 2287 ea—

464 2332 613 2376 mus
644 2312 857 2377 simul.
907 2312 1079 2377 Cum
1099 2331 1259 2394 ergo
1281 2320 1664 2394 pergerent:

463 2401 529 2464 in
561 2401 793 2465 itinere
842 2401 1051 2465 multa
1100 2399 1417 2463 miracula
1464 2399 1663 2463 sacie-

464 2489 599 2555 bat.
676 2490 835 2554 Non
866 2497 1129 2553 tantum
1162 2487 1509 2551 homines:
1539 2488 1659 2551 sed

462 2578 661 2642 etiam
710 2579 969 2643 diversa
1016 2576 1333 2640 animalia
1384 2595 1534 2640 cum
1587 2597 1660 2640 se

460 2665 757 2732 lederent
802 2667 887 2730 ad
936 2665 1215 2730 invicem
1265 2683 1429 2728 sana
1474 2665 1660 2728 resti-

460 2755 710 2819 tuebat.
856 2753 1075 2837 Quem
1165 2771 1317 2816 cum
1383 2752 1658 2817 vidisset

458 2844 825 2926 agricolus:
884 2843 1061 2907 dixit
1124 2840 1361 2905 Gaude
1442 2839 1660 2906 blasi:

458 2934 670 2997 amice
700 2933 993 2996 deorum.
1088 2929 1345 2994 Blasius
1387 2949 1658 3012 respon-

455 3022 571 3085 dit.
666 3021 902 3087 Gaude
949 3028 1016 3084 et
1072 3027 1145 3082 tu
1194 3038 1457 3102 preses:
1502 3038 1656 3085 nec-

453 3109 681 3176 dicas²
711 3130 825 3173 eos
855 3109 1018 3174 deos
1047 3127 1232 3172 esse:
1276 3106 1394 3171 sed
1426 3106 1659 3171 demo-

455 3219 607 3262 nes:
668 3199 783 3281 qui
832 3207 1063 3262 eterno
1112 3195 1247 3279 igni
1301 3195 1658 3260 traduntur

454 3306 605 3350 cum
638 3286 740 3350 his
760 3286 874 3370 qui
905 3305 1021 3349 eos
1050 3283 1353 3349 adorant.
1396 3283 1535 3349 Lec.
1554 3284 1654 3368 iii.

446 3377 745 3506 Iratus
806 3375 1033 3456 itaque
1112 3392 1386 3454 preses:
1453 3371 1656 3455 jussit

556 3483 707 3526 eum
740 3460 1189 3527 fustibus'cedi
1217 3481 1232 3525 ε
1274 3468 1343 3523 et
1372 3460 1439 3522 in
1472 3460 1656 3544 ligno

450 3551 811 3635 suspendi:
886 3560 954 3614 et
1003 3569 1233 3614 carnes
1291 3547 1437 3630 ejus
1496 3569 1651 3614 cum

449 3638 674 3703 ferreis
707 3638 1077 3721 pectinibus
1110 3636 1360 3701 laniari.
1407 3636 1650 3703 Postea

443 3729 640 3810 jussit
691 3747 843 3790 eum
891 3728 977 3791 de
1028 3727 1209 3808 ligno
1239 3725 1536 3808 deponi:
1580 3736 1650 3791 et

447 3819 514 3880 in
577 3835 907 3880 carcerem
971 3815 1162 3879 mitti.
1258 3815 1347 3879 Et
1408 3815 1648 3879 iterum

447 3916 603 3970 ante
636 3925 787 3969 eum
822 3906 1110 3969 adducto
1164 3924 1244 3967 eo
1273 3923 1289 3966 :
1333 3903 1509 3967 dixit
1540 3904 1648 3972 ei:

444 3995 567 4058 Vis
598 4015 773 4060 nunc
804 3995 1079 4058 adorare
1116 3993 1278 4056 deos
1323 4013 1409 4056 an
1458 4013 1592 4057 non
1622 3993 1646 4058 ἓ

446 4083 883 4167 Respondens
931 4093 1183 4164 martyr
1227 4081 1474 4147 Christi
1506 4081 1646 4146 ait:

443 4173 657 4255 Impie
704 4193 897 4236 cecus
948 4193 1017 4236 es
1068 4193 1083 4237 :
1140 4181 1207 4235 et
1261 4190 1393 4234 non
1456 4170 1643 4234 vides

436 4261 664 4329 lumen
718 4262 826 4326 dei
871 4281 1118 4326 verum.
1212 4259 1405 4324 Tunc
1438 4259 1643 4324 iratus

534 4405 549 4434 ¹
592 4401 807 4466 ‘infine
836 4403 1114 4483 psalteriis
1146 4401 1277 4451 add.-
1310 4399 1451 4452 E.G.
1533 4401 1635 4450 ‘ad

452 4471 599 4536 ampl.
632 4475 693 4517 u!
710 4476 863 4532 supra
876 4469 888 4492 ’
914 4486 1007 4519 om.
1029 4485 1046 4520 .·
1072 4471 1124 4521 ὁ.

1759 245 1821 298 S.
1878 245 2277 301 GILBERTI
2321 248 2552 304 CONF.

2319 357 2462 413 186

1785 459 2198 525 servissimus
2223 461 2374 527 ille:
2398 462 2600 545 jussit
2624 475 2825 549 caput
2845 468 2980 550 ejus

1785 550 2138 630 amputari.
2261 551 2353 615 Et
2403 572 2566 616 mox
2619 554 2984 636 speculator

1785 634 2054 716 ejiciens
2089 647 2448 721 martyrem
2501 641 2748 706 Christi
2793 644 2980 708 blasi-

1785 744 1939 789 um:
1987 745 2120 790 una
2167 747 2320 791 cum
2375 728 2641 793 duobus
2690 733 2904 814 pueris
2941 755 2982 797 a

1781 813 2073 894 pretorio
2097 818 2475 897 amputavit
2503 819 2728 900 capita
2745 841 2980 885 eorum.

1787 898 2012 1001 Cetera
2039 902 2121 965 de
2145 904 2480 968 communi
2516 907 2720 970 unius
2747 919 2981 990 maror-

1781 1007 1896 1052 ns.

1783 1082 1848 1155 ff
1899 1077 2139 1143 Sancti
2167 1079 2446 1162 gilberti
2469 1081 2869 1163 consessor-ir.

1773 1165 2142 1299 Sanctus
2153 1168 2477 1250 gilbertus
2498 1168 2738 1253 [Lectio
2737 1173 2978 1254 prima.

1904 1274 2147 1337 genere
2206 1266 2276 1321 et
2323 1277 2585 1321 morum
2633 1259 2982 1328 honestate

1775 1343 2216 1423 conspicuus:
2279 1345 2344 1408 in
2399 1346 2548 1410 vico
2595 1347 2780 1413 dicto
2825 1350 2982 1415 sim-

1776 1431 2152 1512 pynghram
2173 1434 2404 1497 extitit
2422 1435 2760 1502 oriundus,
2807 1437 2982 1503 Con-

1775 1518 2047 1582 stitutus
2121 1531 2350 1584 autem
2425 1523 2702 1589 ecclesie
2769 1536 2982 1592 rector

1775 1612 2098 1688 tanquam
2131 1607 2350 1673 fidelis
2395 1611 2856 1694 dispensator:
2903 1637 2979 1682 ac

1775 1697 2186 1776 paupertatis
2205 1707 2494 1763 amator:
2535 1701 2621 1763 de
2642 1701 2978 1768 beneficiis

1773 1781 2234 1850 ecclesiasticis
2253 1787 2378 1850 sibi
2389 1786 2650 1852 collatis
2663 1789 2976 1874 quicquid

1772 1869 2084 1954 colligere
2143 1873 2365 1956 potuit
2414 1883 2636 1940 totum
2697 1881 2978 1961 egenis:

1771 1957 2126 2042 orphanis:
2171 1970 2240 2026 et
2301 1965 2705 2046 pauperibus
2765 1970 2979 2052 depu-

1771 2048 1982 2112 tavit:
2027 2058 2102 2114 ut
2148 2069 2240 2114 ex
2272 2060 2666 2136 contemptu
2714 2065 2976 2140 tempo-

1770 2135 2006 2200 ralium
2037 2157 2052 2202 :
2097 2147 2166 2202 et
2213 2159 2300 2202 ex
2335 2140 2517 2204 lucro
2548 2144 2924 2210 animarum
2957 2169 2974 2212 :

1769 2223 2044 2306 duplam
2077 2245 2118 2288 a
2149 2226 2424 2291 domino
2476 2240 2849 2312 reportaret
2879 2255 2974 2297 re-

1769 2313 2316 2379 munerationem.
2438 2317 2653 2382 Lectio
2679 2323 2972 2388 soeunda.

1763 2399 2076 2534 Sciens
2107 2403 2312 2467 etiarn
2361 2404 2598 2470 beatus
2647 2408 2973 2491 gilbertus

1893 2498 2156 2572 gratam
2187 2493 2272 2555 a⁸
2301 2491 2431 2557 deo
2461 2513 2606 2558 esse
2630 2497 2972 2580 virginita-

1763 2584 1948 2644 tem:
1993 2588 2249 2662 septem
2295 2580 2626 2664 virgines:
2674 2605 2848 2668 quas
2878 2589 2972 2651 di-

1761 2665 1917 2730 vino
1949 2686 2177 2733 amore
2195 2671 2671 2738 succenderat:
2704 2675 2973 2742 inclusit

1763 2753 1888 2817 sub
1921 2756 2173 2837 pariete
2201 2757 2480 2822 ecclesie
2509 2759 2691 2824 beati
2723 2763 2972 2828 andree

1762 2842 1829 2906 in
1861 2844 2392 2927 sympynghram
2427 2846 2728 2914 solitarie
2757 2853 2970 2917 victu-

1761 2950 1885 2996 ras.
1975 2931 2238 3015 Quibus
2292 2945 2530 3017 postea
2593 2937 2768 3002 alias
2833 2941 2972 3006 ille-

1760 3018 2030 3100 gitimas
2091 3021 2424 3104 adjunxit.
2534 3025 2827 3093 Necnon
2905 3039 2972 3094 et

1761 3106 1994 3172 fratres
2039 3107 2288 3174 laicos:
2332 3119 2402 3176 et
2445 3111 2726 3180 clericos
2779 3138 2970 3201 regu·

1759 3194 1928 3259 lares
1959 3195 2085 3260 sibi
2115 3199 2486 3266 associavit.
2555 3203 2978 3271 Monialibus

1757 3303 1916 3347 vero
1993 3284 2290 3368 regulam
2366 3287 2546 3354 beati
2607 3292 2976 3361 benedicti.

1753 3369 2006 3435 clericis
2057 3393 2216 3438 vero
2261 3376 2559 3459 regulam
2602 3385 2826 3448 sancti
2859 3406 2981 3449 au·

1753 3460 2002 3544 gustini
2022 3464 2381 3528 tenendam
2394 3486 2802 3550 proponens,
2832 3473 2980 3538 Lae.

1752 3551 2102 3684 Instanti
2125 3550 2350 3635 itaque
2368 3563 2698 3638 ternpore:
2727 3557 2978 3643 [tertia.

1851 3657 1988 3720 quo
2016 3649 2253 3704 sancta
2281 3639 2424 3722 ejus
2470 3645 2698 3709 anima
2751 3652 2978 3714 carnis

1753 3725 2126 3810 hospicium
2159 3738 2301 3794 erat
2347 3731 2699 3799 relictura:
2749 3740 2979 3802 muni·

1751 3817 1846 3879 vit
1877 3837 1950 3880 se
1979 3820 2413 3882 sacramentis
2453 3821 2980 3892 ecclesiasticis:

1753 3913 1819 3968 et
1877 3906 1971 3968 sic
2035 3904 2266 3969 horam
2329 3907 2430 3971 sui
2490 3911 2778 3978 exitus:
2835 3936 2980 3998 qua

1750 3993 1970 4058 decuit
1982 3993 2342 4058 devotione
2362 4001 2776 4080 expectavit.
2827 4005 2978 4070 Sic-

1748 4101 1882 4164 que
1911 4083 2125 4165 pridie
2157 4103 2367 4147 nonas
2397 4084 2710 4152 februarii
2743 4113 2762 4156 z
2811 4083 2976 4156 anni

1747 4171 1958 4253 gratie
1978 4171 2312 4236 millesimi
2327 4177 2672 4240 centesimi
2693 4189 2974 4264 octoge-

1747 4260 1896 4324 simi
1920 4260 2076 4327 noni
2106 4282 2122 4326 :
2153 4281 2294 4326 nox
2319 4281 2474 4327 cum
2495 4264 2977 4334 immutaretur

2061 4401 2081 4430 ²
2115 4415 2246 4452 nec:
2281 4401 2424 4454 W.S.

2060 4469 2080 4498 ⁸
2119 4467 2209 4518 ‘a’
2235 4483 2336 4519 om.
2368 4488 2382 4519 ε
2417 4469 2480 4522 G.
