3117 4959
650 246 750 300 IN
795 246 1119 301 OCTAVA
1175 246 1232 299 S.
1287 246 1643 301 ANDREE
1695 248 2125 305 APOSTOLI.

678 356 813 409 107

177 462 563 527 Benedictus.
634 460 780 526 oro.
848 463 1034 525 Deus
1053 462 1164 545 qui
1187 460 1340 524 bea-

173 562 322 615 tum.
351 550 659 613 Memorie
672 558 750 613 ut
765 558 980 631 supra.
1011 550 1136 614 Ad
1149 548 1345 613 horas

169 648 284 702 at‘ie
322 639 396 702 a'e
435 637 744 701 laudibus.
834 648 1038 701 cetera
1067 637 1146 701 de
1177 658 1341 701 com-
1425 646 1526 718 pf.

167 728 384 790 muni:
424 746 562 789 cum
592 725 880 789 oratione
890 729 1178 808 propria.
1225 725 1349 790 Aa'

167 826 442 896 vesperas
509 823 633 877 aiie
688 814 770 877 de
835 814 1142 877 laudibus
1197 834 1340 877 cum

149 905 418 984 psalmis
429 902 800 981 ferialibus.
899 902 1046 984 Cap.
1130 903 1340 966 Bene-

163 992 520 1056 dictionem.
579 991 714 1057 Ubi
729 1001 945 1054 autem
962 990 1340 1071 hocsestum

158 1080 382 1160 duplex
435 1079 532 1163 fit
553 1102 577 1143 .·
654 1089 808 1143 tunc
875 1078 1138 1143 dicatur
1223 1078 1338 1142 Re.

163 1168 268 1231 Ex
339 1168 478 1250 ejus
551 1168 804 1231 tumba.
921 1167 1062 1231 sine
1119 1177 1341 1249 prosa.

159 1256 465 1337 Hymnus.
579 1256 740 1337 Jesu
803 1256 1198 1338 redemptor.
1294 1272 1340 1339 y

155 1345 435 1407 Amavit.
559 1344 644 1407 In
719 1364 974 1425 evange.
1053 1352 1160 1407 αῆ.
1275 1342 1338 1407 O

157 1431 388 1497 Christi
425 1432 678 1515 pietas:
725 1434 907 1496 omni
940 1451 1341 1515 prosequen-

151 1520 236 1583 da
265 1520 496 1584 laude:
547 1521 661 1602 qui
691 1521 790 1583 sui
823 1520 1052 1583 famuli
1101 1519 1338 1583 nicolai

153 1609 375 1671 merita
435 1608 636 1690 longe
691 1608 954 1690 lateque
1006 1608 1338 1681 declarat:

151 1716 297 1759 nam
343 1717 432 1760 ex
481 1698 720 1761 tumba
765 1697 907 1779 ejus
943 1696 1164 1760 oleum
1199 1716 1340 1759 ma-

151 1794 296 1848 nat:
325 1794 740 1867 cunctosque
757 1785 1103 1867 languidos
1127 1792 1336 1848 sanat.

136 1882 230 1954 pi.
293 1872 704 1955 Magnificat.
785 1873 919 1937 Oro
977 1883 1057 1936 ut
1120 1883 1336 1954 supra.

148 1961 466 2025 Memoria
494 1961 581 2025 de
605 1972 821 2024 sancto
850 1961 1112 2024 andrea.
1201 1960 1264 2023 A
1277 1969 1336 2023 ἢ.

148 2048 310 2113 Cum
335 2050 765 2132 pervenisset.
847 2067 896 2135 γ
943 2050 1202 2114 Dilexit
1225 2068 1340 2111 an-

143 2137 405 2202 dream.¹
1093 2136 1340 2201 Oratio.

143 2226 562 2355 Protegat
621 2246 743 2288 nos
803 2227 1072 2289 domine
1117 2226 1338 2307 sepius

295 2314 472 2377 beati
538 2314 784 2377 andree
833 2314 1118 2396 apostoli
1151 2332 1338 2395 repe-

143 2401 260 2465 tita
302 2402 715 2466 solennitas:
761 2410 835 2465 ut
880 2402 1069 2483 cujus
1117 2410 1338 2483 patro-

143 2490 304 2553 cinia
365 2492 512 2554 sine
577 2490 1064 2555 intermissione
1111 2489 1336 2553 recoli-

143 2598 325 2643 mus:
401 2587 798 2661 perpetuam
883 2578 1337 2642 defensionem

141 2668 520 2731 sentiamus.
622 2688 740 2749 per
784 2667 1142 2730 dominum.
1247 2666 1344 2729 Et

139 2754 240 2817 lzec
293 2755 610 2819 memoria
667 2756 937 2818 dicenda
979 2765 1078 2818 est
1133 2753 1204 2817 in
1247 2774 1342 2816 se·

139 2843 359 2907 cundis
393 2844 677 2925 vesperis·
704 2844 783 2906 de
815 2853 1032 2907 sancto
1057 2842 1295 2905 nicolao
1319 2865 1342 2905 .·

141 2932 388 3011 quando
439 2933 588 3015 ᾔεις
618 2933 875 3013 festum
937 2952 1062 2994 non
1125 2940 1338 2993 trans-

126 3020 364 3098 fertur.
457 3020 756 3101 alioquin
800 3020 1072 3083 dicenda
1133 3029 1229 3081 est
1269 3020 1340 3083 in

125 3108 364 3187 primis
485 3107 780 3189 vesperis.
914 3107 1063 3171 Fiet
1143 3106 1338 3173 etiam

139 3198 446 3261 memoria
507 3195 593 3259 de
635 3196 918 3259 adventu
937 3218 961 3257 .·
1003 3205 1065 3258 et
1111 3195 1192 3257 de
1231 3196 1342 3257 do·-

140 3287 336 3351 mina.
429 3284 490 3349 S
492 3284 524 3347 i
553 3294 771 3347 autem
817 3292 1044 3346 octava
1063 3282 1087 3319 ²
1131 3284 1346 3345 sancti

137 3373 368 3436 andree
416 3373 489 3437 in
555 3372 746 3435 a'n'ica
796 3370 1078 3435 evenerit
1096 3394 1120 3435 .·
1139 3371 1164 3408 ³
1204 3371 1345 3453 fiat

140 3470 390 3523 tantum
503 3466 820 3524 memoria
917 3459 1013 3523 ad
1079 3460 1344 3541 primas

137 3561 428 3631 vesperas
473 3558 540 3612 et
588 3549 684 3611 ad
709 3548 964 3611 maluti.
1008 3547 1088 3610 de
1128 3558 1346 3610 sancto

136 3638 394 3703 andrea.
427 3646 494 3701 et
522 3636 668 3701 licet
690 3637 946 3717 fistum
975 3636 1113 3717 ejus
1142 3646 1345 3697 neute-

133 3736 244 3789 tur
272 3726 342 3790 in
371 3726 725 3790 secundam
769 3724 1026 3805 ⁶feriam
1055 3747 1078 3786 .·
1135 3734 1352 3787 octave

137 3824 347 3878 tamen
418 3835 540 3877 sue
606 3834 730 3875 non
779 3822 1126 3875 mutantur
1180 3813 1352 3875 unde

135 3903 200 3963 si
240 3903 374 3967 alio
394 3905 418 3941 ⁴
468 3902 584 3965 die
610 3921 808 3982 quam
859 3901 968 3965 die
1023 3900 1346 3964 dominica

124 3991 376 4069 ,festum
406 3990 561 4070 ejvs
616 3988 894 4051 evenerit
916 4013 939 4051 .·
986 3988 1056 4051 in
1103 3990 1348 4051 octavis

137 4078 275 4141 suis
348 4088 565 4141 totum
616 4078 957 4140 servitium
1003 4077 1080 4139 de
1128 4098 1196 4139 eo
1218 4076 1350 4158 fiet

139 4189 278 4229 cum
325 4168 422 4249 iij.
457 4164 831 4229 lectionibus
859 4175 920 4228 et
942 4167 1250 4229 memoria
1273 4165 1352 4228 de

141 4255 443 4318 adventu.

409 4402 422 4431 ⁸
467 4406 483 4429 ⁴
503 4401 564 4449 R.
607 4400 668 4448 In
691 4399 898 4449 odorem
917 4398 930 4422 '
953 4399 1082 4449 add:
1118 4399 1182 4449 G.

404 4471 426 4498 ²
459 4474 656 4515 octove:
699 4466 754 4515 G.
779 4468 834 4515 ὃ.

271 4550 435 4599 vol..
491 4548 562 4598 11.

1962 358 2103 412 108

1443 464 1508 537 ff
1555 461 1639 523 In
1700 463 1943 527 octavis
1999 464 2214 527 sancti
2256 464 2506 531 andree.
2552 467 2649 529 ad

1441 558 1643 613 matu.
1706 549 1865 616 invi.
1975 550 2243 617 Dilexit
2304 554 2639 619 andream.

1618 638 1879 703 Venite.
1968 640 2296 721 Hymnus.
2389 642 2644 707 Eterna

1441 724 1707 790 Christi.
1842 728 1927 791 In
1981 728 2045 811 j.
2121 738 2429 794 nocturno
2530 739 2637 795 aii.

1440 812 1753 879 Andreas
1858 816 2219 897 apostolus.
2296 826 2395 899 pff.
2491 818 2635 883 Celi

1441 911 1763 967 enarrant.
1812 912 1875 965 et
1914 904 2106 967 ceteri
2147 905 2401 986 psalmi
2442 907 2640 969 unius

1439 990 1713 1069 apostoli
1766 990 1885 1055 snb
1928 991 2051 1055 hac
2090 1000 2241 1058 aria.
2287 1010 2335 1080 γ
2384 994 2463 1058 In
2496 1016 2639 1057 om-

1441 1097 1595 1141 nem
1628 1088 1887 1143 terram.
2342 1082 2563 1147 Lectio
2574 1086 2637 1165 j.

1451 1166 1825 1332 Quodam
1856 1188 2012 1231 vero
2032 1176 2333 1251 tempore
2352 1169 2636 1235 dilectus

1576 1255 1857 1319 andreas
1920 1255 2165 1321 Christi
2227 1257 2517 1323 famulus
2570 1269 2638 1324 et

1439 1343 1785 1425 apostolus
1843 1364 2043 1425 supra
2103 1364 2373 1409 arenam
2436 1348 2637 1411 maris

1439 1430 1756 1496 sedebat:
1806 1431 2163 1514 multisque
2224 1434 2401 1499 viam
2462 1435 2635 1499 salu-

1439 1519 1526 1583 tis
1555 1518 1911 1601 pandebat.
2006 1520 2099 1585 Et
2147 1540 2299 1587 ecce
2353 1523 2637 1586 cadaver

1439 1608 1506 1669 in
1586 1610 1749 1670 mari
1826 1616 2177 1674 necatum:
2268 1610 2635 1695 projectum

1439 1704 1582 1758 erat
1629 1706 1785 1759 ante
1829 1696 2034 1778 pedes
2082 1696 2243 1778 ejus.
2337 1698 2639 1780 Moxque

1439 1784 1783 1865 apostolus
1813 1784 1959 1847 fusa
1982 1786 2281 1848 oratione
2302 1796 2635 1850 mortuum

1439 1871 1827 1935 suscitavit:
1904 1870 2229 1955 illumque
2298 1894 2637 1957 exponere

1433 1959 1673 2040 jussit:
1722 1962 2063 2044 quomodo
2096 1962 2163 2024 in
2226 1963 2389 2025 mari
2441 1983 2634 2026 neca-

1439 2057 1546 2111 tus
1580 2058 1769 2112 esset.
1860 2048 1976 2113 Re.
2071 2049 2253 2113 Dum
2284 2052 2637 2132 perambu-

1441 2136 1624 2200 laret.
2332 2138 2543 2201 Lectio
2567 2141 2635 2221 ij.

1459 2226 1735 2355 Tunc
1811 2222 1923 2288 ille
2014 2226 2372 2289 suscitatus
2464 2228 2639 2291 dixit

1604 2312 1950 2395 apostolo:
2041 2312 2291 2377 Audivi
2368 2316 2639 2378 domine

1439 2402 1633 2481 signa
1691 2420 1770 2463 ac
1831 2402 2137 2483 prodigia
2212 2403 2639 2485 medelasque

1440 2509 1719 2571 magnas
1780 2488 1919 2552 fieri
1995 2510 2036 2553 a
2112 2490 2403 2572 quodam
2482 2494 2636 2556 doc-

1439 2586 1623 2642 tore:
1715 2588 1782 2641 et
1858 2578 2009 2641 ideo
2101 2580 2490 2661 properavi:
2568 2589 2642 2643 ut

1440 2686 1705 2748 possem
1766 2666 1991 2729 videre
2052 2687 2222 2730 eum.
2318 2668 2453 2732 Sed
2484 2688 2637 2731 cum

1440 2755 1825 2835 navigarem
1858 2774 2008 2818 cum
2056 2756 2276 2837 pueris
2309 2766 2375 2819 et
2409 2757 2638 2820 amicis

1442 2843 1651 2907 meis:
1698 2861 1851 2905 ecce
1882 2843 2155 2905 suborta
2201 2851 2641 2925 tempestate:

1441 2950 1675 2993 omnes
1722 2929 1918 2993 simul
1980 2929 2289 2994 fluctibus
2339 2934 2638 3013 oppressi

1439 3038 1687 3082 sumus,
1782 3017 1872 3082 Et
1935 3018 2189 3081 utinam
2253 3018 2447 3081 simul
2491 3040 2643 3101 pro-

1433 3107 1593 3188 jecti
1628 3126 1959 3169 essemus:
2021 3115 2094 3169 ut
2158 3127 2277 3188 per
2336 3118 2640 3185 sanctam

1443 3195 1811 3258 orationem
1866 3202 2053 3257 tuam
2087 3196 2639 3261 resuscitaremur.

1441 3282 1557 3345 Re.
1609 3282 1859 3348 Oravit.
2296 3284 2514 3347 Lectio
2546 3284 2639 3368 iij.

1465 3372 1601 3503 Τ
1613 3391 1742 3434 unc
1776 3370 2116 3453 apostolus
2150 3372 2234 3433 de
2264 3393 2335 3435 se
2356 3372 2481 3435 hoc
2507 3374 2642 3437 dic-

1614 3467 1756 3522 tum
1778 3458 2155 3541 intelligens
2179 3482 2193 3523 z
2230 3481 2467 3524 manus
2487 3482 2641 3524 suas

1445 3548 1773 3629 expandit
1804 3548 1888 3611 ad
1938 3548 2135 3611 deum
2184 3549 2453 3612 dicens:
2504 3552 2645 3613 Do-

1447 3636 1623 3698 mine
1654 3636 1812 3717 Jesu
1848 3636 2142 3699 Christe:
2188 3647 2445 3700 creator
2504 3658 2647 3701 om-

1447 3725 1631 3786 nium
1724 3744 1977 3786 rerum:
2069 3726 2345 3788 ostende
2437 3748 2647 3807 queso

1449 3811 1848 3894 reliquorum
1875 3812 2191 3875 cadavera
2216 3823 2645 3878 mortuorum.

1449 3900 1705 3968 Orante
1751 3908 1973 3963 autem
2022 3902 2370 3983 apostolo:
2417 3903 2647 3965 statim

1449 3997 1897 4070 apparuerunt
1961 3990 2237 4070 triginta
2288 3999 2355 4053 et
2405 4011 2645 4054 novem

1449 4096 1724 4157 corpora
1759 4085 2169 4140 mortuorum
2206 4078 2289 4141 ad
2340 4078 2525 4141 littus
2559 4079 2646 4143 ab

1451 4165 1645 4228 undis
1668 4164 1959 4228 devecta.
1997 4164 2251 4229 Orante
2274 4168 2512 4230 iterum
2537 4190 2654 4250 ap-

1449 4252 1669 4317 ostolo
1730 4254 2145 4317 diutissime:
2224 4267 2653 4320 surrexerunt

1820 4400 1839 4427 ⁸
1871 4399 2148 4447 evenerint:
2189 4401 2244 4449 G.
2266 4403 2319 4451 5.

1816 4467 1833 4494 ⁴
1866 4465 2001 4513 alia:
2044 4466 2101 4514 G.

2364 4550 2389 4597 1
