3117 4959
1188 194 1469 249 INDEX
1508 194 1566 248 A
1571 194 1698 247 NT
1689 194 2220 251 IPHONARUM.

990 291 1146 358 823

454 420 502 469 A
507 420 641 485 ngeli
656 419 753 468 dni
767 419 889 467 dam
912 418 1184 478 benedicite,
1216 416 1311 483 587

453 487 500 534 A
506 488 641 551 ngeli
657 486 943 549 archangeli
960 484 1135 533 throni
1149 490 1208 544 et,
1241 484 1334 547 587

452 552 762 615 Angelorum
786 566 899 601 esca
920 549 1184 607 nutrivisti,
1215 560 1308 613 537

451 619 677 682 Angelus
699 617 763 665 ad
788 625 1011 680 pastores
1030 616 1117 674 ait,
1147 614 1209 676 87

452 684 499 731 A
505 684 673 747 ngelus
694 681 1019 746 archangelus
1040 681 1257 740 michael,
1290 679 1386 744 583

451 750 679 813 Angelus
700 756 867 797 autem
890 746 977 795 dni
996 746 1254 795 descendit
1277 747 1342 797 de
1364 746 1489 807 celo,
1515 755 1616 809 405

450 816 678 879 Angelus
698 814 787 862 dni
810 812 1158 871 descendebat,
1188 822 1283 875 295

449 880 675 944 Angelus
696 880 785 928 dni
808 878 1062 928 nunciavit
1088 880 1177 939 (1),
1208 890 1275 925 20

447 947 671 1010 Angelus
690 943 889 993 domini
907 944 1170 993 nunciavit
1192 942 1349 991 Μσνίι
1372 944 1463 1003 (2),
1492 940 1592 1005 238

446 1012 672 1075 Angelus
694 1012 781 1060 dni
805 1008 1057 1059 nunciavit
1078 1009 1233 1059 marie
1258 1010 1347 1069 (2),
1376 1007 1475 1069 679

446 1076 642 1127 Anima
665 1093 773 1126 mea
793 1074 1054 1141 liquq‘acta
1074 1081 1155 1133 est,
1182 1072 1282 1135 476

448 1144 647 1191 Anima
671 1158 777 1191 mea
800 1141 1065 1205 liquefacta
1086 1145 1155 1187 est
1174 1146 1247 1200 ut,
1282 1150 1413 1200 109n

447 1209 634 1258 Anime
656 1207 922 1272 impiorum
945 1206 1234 1264 fremebant,
1264 1214 1361 1267 352

446 1276 643 1323 Annua
666 1272 950 1338 magdalene
972 1271 1233 1329 recolentes,
1262 1269 1362 1329 406

446 1341 659 1389 Annulo
678 1356 767 1389 suo
784 1338 1077 1387 subarravit
1094 1352 1185 1398 me,
1219 1347 1313 1398 142

444 1406 762 1456 Annunciate
784 1403 997 1468 populis,
1025 1414 1092 1463 49

446 1470 916 1520 Annunciaverunt
934 1476 1079 1532 opera
1100 1468 1189 1526 dei,
1220 1480 1257 1529 4

445 1537 580 1587 Ante
602 1536 859 1586 luciferum
880 1534 1091 1599 genitus,
1126 1532 1220 1594 169

441 1604 578 1651 Ante
594 1602 797 1653 thorum
818 1600 973 1665 hujus
994 1598 1216 1663 virginis,
1242 1597 1305 1651 61

444 1668 730 1732 Antequam
755 1665 1093 1724 convenirent,
1121 1676 1188 1725 24

440 1735 727 1797 Antequam
750 1740 796 1783 te
815 1731 1101 1789 ascendent,
1130 1728 1197 1779 88

438 1801 487 1849 A
492 1800 743 1849 nubchena
755 1798 885 1862 polis
902 1796 1073 1846 divini
1090 1796 1299 1854 lumine,
1326 1806 1419 1843 201

438 1864 687 1915 Anxiatus
706 1871 781 1913 est
804 1864 857 1913 in
878 1878 961 1913 me
980 1861 1195 1926 spiritus,
1226 1872 1325 1923 394

437 1932 676 1995 Aperiens
686 1937 864 1995 petrus
882 1945 935 1979 os
954 1943 1103 1977 suum
1120 1926 1249 1975 diat
1268 1927 1343 1987 in,
1372 1935 1469 1990 353

437 1996 641 2061 Apertis
662 1994 905 2045 thesauris
926 1994 1027 2043 suis
1048 1992 1353 2052 obtulerunt,
1386 1991 1481 2053 169

437 2065 683 2127 Apertum
704 2067 775 2110 est
792 2077 844 2110 os
862 2059 1087 2108 sachar-ie
1104 2066 1166 2117 et,
1196 2056 1293 2121 338

436 2126 685 2192 Apparuit
706 2142 822 2175 caro
844 2141 935 2175 suo
951 2123 1178 2188 johanni,
1211 2132 1302 2183 107

434 2193 695 2257 Apparuit
716 2192 900 2241 iterum
920 2196 1123 2242 sanctus
1136 2188 1389 2253 gamaliel,
1418 2198 1521 2250 447

313 2278 330 2285 -
434 2258 798 2324 Appenderunt
818 2256 1099 2306 mercedem
1120 2268 1301 2315 mecm,
1322 2254 1420 2317 369

435 2324 591 2390 Apud
612 2324 733 2372 dnm
757 2319 1110 2381 misericordia,
1138 2332 1197 2383 91

436 2393 585 2456 Aqua
606 2389 851 2439 comburit
875 2395 1147 2453 peecatum,
1183 2396 1275 2448 193

436 2458 586 2521 Aqua
607 2470 757 2521 quam
778 2470 875 2519 ego
896 2452 1098 2513 dedero,
1126 2451 1224 2515 326

434 2523 585 2587 Aqua
608 2522 777 2571 thome
799 2518 1061 2585 quinquies
1082 2517 1293 2576 varians,
1326 2524 1419 2577 127

437 2590 483 2637 A
489 2588 747 2652 rchangele
772 2586 966 2637 clar-isti
974 2582 1320 2649 pergratiam,
1353 2580 1449 2644 589

433 2652 745 2718 Archangele
766 2651 973 2701 michael
988 2648 1225 2699 constitui
1240 2654 1303 2707 te,
1334 2646 1430 2710 587

434 2719 750 2769 Architectus
770 2716 995 2767 fundavit
1016 2714 1236 2771 domum,
1266 2712 1363 2775 665

434 2787 716 2849 Argentum
737 2790 786 2832 et
804 2796 993 2833 aurum
1016 2794 1115 2829 non
1137 2786 1207 2828 est
1228 2778 1370 2836 mihi,
1400 2786 1495 2841 355

435 2852 691 2915 Arguebat
709 2848 929 2899 herodem
934 2845 1183 2921 johannes
1194 2850 1411 2909 propter,
1443 2854 1543 2907 520

434 2916 700 2966 Atridebat
724 2912 956 2979 parvulus
976 2924 1199 2969 occisori,
1234 2920 1254 2957 1
1266 2921 1325 2957 12

434 2984 598 3031 Artus
603 2980 747 3045 febre
750 2980 1037 3043 fatiscentes
1056 2975 1281 3039 spiritui,
1310 2973 1411 3037 683

432 3048 722 3097 Ascendens
739 3046 885 3110 Jesus
906 3044 959 3093 in
980 3040 1149 3091 navim
1172 3049 1221 3090 et
1242 3040 1437 3101 sedens,
1464 3039 1565 3101 624

430 3114 749 3162 Ascendente
765 3112 887 3176 Jesu
910 3109 963 3159 in
984 3106 1284 3165 naviculam,
1312 3118 1408 3169 223

430 3179 666 3228 Ascendit
692 3178 923 3227 Christus
942 3180 1090 3237 super
1106 3172 1236 3234 celos,
1263 3181 1363 3232 477

430 3244 672 3294 Ascendit
694 3243 818 3292 deus
840 3242 893 3291 in
912 3238 1223 3304 jubilatione,
1253 3236 1353 3300 482

430 3310 667 3361 Ascendit
669 3310 859 3373 fumus
879 3312 1161 3356 aromatum
1184 3303 1255 3365 in,
1288 3302 1378 3366 581

428 3375 664 3425 Ascendo
686 3374 749 3423 ad
774 3381 965 3437 patrem
988 3385 1171 3429 meum,
1196 3368 1299 3430 480

429 3441 617 3505 Aspice
638 3440 735 3489 dne
759 3438 876 3502 quia
898 3436 1028 3486 sacta
1048 3442 1124 3485 est
1144 3434 1383 3495 desolata,
1406 3432 1507 3484 610

428 3507 614 3571 Aspice
636 3506 687 3553 in
710 3519 790 3553 me
812 3500 1030 3561 domine,
1057 3513 1151 3562 901

432 3574 571 3621 Assit
590 3572 727 3621 nobis
746 3569 1005 3633 vin-‚vinum
1026 3573 1331 3625 sanctarum,
1364 3574 1425 3629 75

428 3637 712 3702 Assumpsit
730 3636 877 3700 Jesus
898 3630 1169 3696 discipulos
1190 3646 1325 3690 suos,
1355 3630 1453 3693 296

426 3706 699 3768 Assumpta
718 3708 790 3752 est
809 3699 973 3751 masia
994 3700 1052 3748 in
1072 3698 1243 3755 celum,
1270 3696 1371 3758 484

426 3773 725 3835 Assumptus
744 3784 807 3817 ex
826 3766 981 3818 eculeo
1000 3764 1163 3824 levita,
1200 3771 1291 3825 155

425 3838 717 3887 Astiterunt
720 3834 861 3899 justi
878 3838 993 3883 ante
1013 3830 1283 3887 mensum,
1314 3838 1411 3889 343

426 3903 707 3953 Astiterunt
728 3914 869 3965 reges
892 3908 1019 3949 terre
1041 3903 1108 3956 et,
1138 3893 1237 3957 389

424 3969 687 4019 Attendite
708 3982 740 4016 ο.
762 3966 897 4017 falsis
918 3960 1173 4040 prophetis
1194 3958 1295 4024 qui,
1323 3956 1422 4007 628

424 4034 686 4085 Attendite
708 4030 921 4083 universi
944 4028 1117 4106 populi
1140 4034 1205 4085 et,
1232 4036 1329 4087 401

423 4102 617 4150 Auctor
634 4101 875 4149 donorum
896 4097 1118 4161 spiritus,
1148 4102 1245 4153 223

422 4166 653 4215 Audiens
671 4180 781 4229 ergo
802 4162 1047 4221 lucianus,
1074 4168 1171 4235 447

422 4232 610 4282 Audite
632 4238 682 4280 et
704 4228 964 4294 intelligite
988 4225 1291 4284 traditiones,
1324 4233 1418 4284 323

422 4297 625 4345 Audivi
642 4310 797 4345 vocem
819 4294 877 4343 de
896 4294 991 4342 celo
1010 4292 1257 4347 dicentem,
1286 4288 1384 4348 667

419 4360 621 4406 Audivi
638 4374 795 4405 vocem
817 4358 873 4405 de
893 4356 986 4404 celo
1005 4356 1295 4410 venientem,
1320 4352 1385 4413 63

2269 302 2424 359 824

1753 417 1960 469 Auferte
1983 420 2076 469 ista
2097 418 2216 469 hinc
2237 419 2359 469 dicit
2382 420 2638 481 dominus,
2671 434 2772 485 337

1752 487 1896 535 Aula
1919 487 2086 535 Μανία
2107 486 2189 535 dei
2205 492 2336 534 casta
2359 487 2657 551 titulusque,
2697 489 2794 550 178

1751 550 1972 599 Auribus
1995 550 2234 615 percipite
2253 551 2340 615 qui
2365 552 2622 609 habitatis.
2655 554 2758 615 786

1751 618 1896 665 Auro
1917 616 2182 681 virginum
2207 618 2418 665 incestus
2434 632 2454 665 .·
2485 634 2632 678 aum,
2672 633 2772 669 102

1749 682 2007 730 Auxilium
2031 698 2195 731 meum
2218 698 2250 731 a.
2270 682 2494 741 domino,
2517 696 2618 745 902

1749 746 2010 795 Auxilium
2033 746 2179 797 nobis
2201 748 2422 797 salvator
2441 748 2603 809 mitte,
2633 750 2742 811 748

1748 812 1861 861 Ave
1883 814 2040 861 maria
2061 812 2222 877 gratia
2243 814 2395 877 plena
2417 814 2676 875 dominus,
2705 816 2812 879 678

1747 879 1858 927 Ave
1880 880 2049 927 mar-ia
2062 880 2208 939 gatia
2219 879 2391 942 plena,
2421 878 2520 941 238

1747 944 1858 993 Ave
1877 959 1905 992 0
1925 944 2188 993 theothocos
2197 945 2360 1007 virgo,
2395 944 2492 993 180

1747 1008 1860 1057 Ave
1881 1008 2053 1073 regina
2073 1010 2294 1059 celorum
2315 1024 2408 1059 ave
2427 1010 2656 1071 domina,
2683 1024 2810 1075 417,
2839 1015 2938 1066 682

1749 1074 1856 1123 Ave
1875 1076 2056 1137 regina
2079 1076 2288 1125 celorum
2303 1090 2322 1123 .·
2351 1090 2444 1123 ave
2459 1076 2684 1139 deutha,
2711 1092 2822 1142 493

1747 1138 1856 1189 Ave
1877 1156 1966 1189 rex
1981 1142 2146 1204 gentis
2166 1141 2466 1204 anglorum:
2487 1144 2648 1205 meles,
2679 1154 2785 1205 702

1745 1205 2049 1254 Avertantur
2069 1214 2334 1255 retrorsum
2356 1214 2424 1268 et,
2451 1207 2552 1269 376

1745 1270 1934 1321 Averte
1957 1272 2056 1320 dne
2079 1270 2254 1320 faciem
2282 1280 2434 1331 tuam,
2461 1272 2558 1322 261

1744 1337 1954 1385 Avertet
1977 1338 2075 1385 dfis
2095 1337 2454 1401 captivitatem,
2486 1348 2584 1403 795

1745 1402 1794 1451 A
1817 1402 1926 1451 viro
1949 1402 2122 1467 iniquo
2144 1402 2302 1453 libera
2323 1418 2421 1464 me,
2449 1415 2550 1466 917

1743 1597 2094 1649 BAPTISTA
2117 1599 2414 1650 contremuit
2435 1606 2488 1651 et
2510 1616 2634 1665 non,
2673 1616 2776 1669 193

1743 1662 1970 1727 Baptizat
1994 1664 2138 1713 miles
2161 1680 2343 1729 regem,
2379 1664 2474 1716 188

1741 1729 2029 1793 Baptizatur
2049 1730 2292 1789 Christus,
2322 1742 2414 1793 194

1739 1794 1898 1843 Beata
1917 1811 2068 1859 agnes
2081 1796 2138 1845 in
2161 1798 2315 1845 medio
2323 1797 2682 1861 flammae-usn,
2717 1814 2818 1863 142

1739 1860 1899 1909 Beata
1918 1860 2078 1910 cecilia
2099 1862 2322 1911 dia-uad
2335 1863 2637 1927 tybur-tim
2663 1867 2784 1929 708,
2815 1878 2916 1929 710

1737 1925 1897 1975 Beata
1919 1926 1999 1975 dei
2009 1928 2244 1990 genite-iz·
2266 1929 2446 1989 maria,
2473 1930 2578 1991 476

1737 1990 1896 2040 Beata
1917 1992 2001 2041 dei
2011 1994 2239 2056 genitr-ix·
2258 1994 2400 2057 virge
2411 2002 2676 2059 perpetua,
2711 2011 2854 2062 109oe

1739 2056 1896 2107 Beata
1916 2072 1969 2106 es
1993 2058 2150 2107 maria
2169 2074 2268 2123 que
2289 2060 2566 2121 credidisti,
2607 2060 2688 2123 18,
2719 2078 2790 2129 33

1737 2122 1896 2171 Beata
1915 2138 1965 2171 es
1986 2125 2153 2172 maria
2173 2140 2270 2189 que
2287 2126 2556 2188 credidisti,
2589 2141 2694 2192 234

1736 2187 1898 2237 Beata
1919 2188 2055 2238 lucia
2067 2190 2327 2253 paschasio
2345 2191 2496 2249 dicit,
2529 2206 2632 2243 120

1737 2252 1893 2303 Beata
1915 2262 2074 2303 mater
2095 2262 2144 2304 et
2168 2256 2380 2320 innupta
2399 2258 2560 2322 virgo,
2589 2273 2696 2322 940

1735 2318 1894 2368 Beata
1917 2327 2078 2369 mater
2096 2327 2145 2369 et
2163 2322 2382 2386 innupta
2401 2326 2560 2387 virgis,
2589 2338 2696 2388 494

1735 2384 1894 2434 Beata
1915 2386 2134 2434 nimium
2153 2392 2202 2435 et
2211 2388 2296 2437 deo
2317 2395 2497 2449 nostro,

1733 2450 1944 2499 Beatam
1963 2468 2038 2501 me
2057 2452 2220 2501 dicent
2239 2469 2416 2513 omnes,
2446 2466 2548 2517 234

1733 2516 1886 2565 Beate
1904 2518 2017 2566 estis
2033 2518 2257 2581 virgines
2277 2526 2440 2569 sancte
2456 2537 2566 2585 que,
2600 2532 2670 2585 74

1733 2582 1883 2631 Beati
1897 2584 2040 2633 eritis
2059 2598 2172 2631 cum
2193 2600 2292 2643 vos,
2317 2598 2347 2633 2

1731 2647 1886 2696 Beati
1899 2649 2010 2697 estis
2029 2649 2290 2699 sanctidei
2305 2666 2485 2705 omnes.
2513 2650 2616 2712 648

1732 2713 1880 2762 Beati
1883 2714 2132 2777 johannis
2151 2716 2320 2765 virtus
2339 2716 2547 2778 herodis,
2577 2729 2683 2781 514

1731 2778 1884 2827 Beati
1903 2780 2089 2828 mundo
2109 2782 2261 2838 corde,
2290 2780 2323 2830 8

1733 2843 1874 2893 Beati
1897 2860 2072 2894 omnes
2093 2845 2178 2909 qui
2202 2846 2379 2897 timent
2401 2846 2541 2907 dnm,
2567 2849 2674 2911 906

1731 2910 2098 2974 Beatipacifici,
2135 2923 2154 2960 1

1730 2974 1882 3023 Beati
1897 2976 2032 3025 servi
2045 2976 2128 3024 illi
2145 2992 2264 3039 quos
2283 2994 2397 3027 cum
2417 2980 2624 3039 venm‘t,
2656 2992 2724 3045 57

1729 3040 2018 3091 Beatissinoe
2037 3057 2086 3091 v.
2115 3044 2272 3092 marie
2291 3045 2658 3110 concepturae-u,
2693 3060 2716 3097 1
2731 3061 2848 3100 ron.

1729 3105 2024 3155 Beatissime
2041 3123 2090 3157 v.
2121 3110 2276 3159 marie
2299 3112 2634 3175 nativitatem
2665 3124 2768 3177 537

1730 3171 1917 3221 Beatus
1937 3172 2149 3223 andreas
2169 3175 2343 3225 orabat
2361 3177 2533 3237 duem,
2561 3188 2634 3238 92

1729 3237 1918 3286 Beatus
1937 3254 1988 3287 es
2001 3253 2022 3287 .·
2052 3246 2100 3288 et
2119 3240 2232 3289 bene
2252 3241 2350 3290 tibi
2366 3244 2480 3304 m't,
2513 3255 2604 3305 141

1729 3302 1918 3352 Beatus
1939 3303 2024 3353 ille
2044 3321 2218 3355 servus
2233 3322 2374 3371 quem
2396 3326 2526 3367 cum,
2555 3307 2625 3369 48

1729 3367 1916 3418 Beatus
1939 3370 2028 3417 iste
2047 3379 2250 3421 sanctus
2269 3373 2364 3435 qui
2378 3376 2602 3439 confisus,
2629 3386 2702 3437 39

1727 3434 1918 3484 Beatus
1937 3436 2220 3486 laurentius
2239 3438 2378 3487 dixit
2399 3456 2506 3490 mea
2529 3456 2649 3501 nat,
2677 3442 2786 3505 463

1727 3500 1916 3549 Beatus
1937 3502 2218 3552 laurentius
2227 3503 2350 3553 dum
2371 3504 2428 3553 in
2447 3506 2712 3567 munla,
2743 3508 2842 3570 461

1727 3566 1912 3615 Beatus
1931 3568 2210 3618 laurentius
2229 3570 2400 3619 orabat
2419 3572 2581 3622 dicens
2603 3575 2698 3633 (1),
2729 3574 2830 3637 463

1727 3630 1916 3681 Beatus
1935 3633 2216 3684 laurentius
2236 3635 2408 3685 orabat
2427 3637 2590 3685 dicem
2613 3638 2712 3700 (2),
2739 3640 2846 3701 467

1725 3696 1914 3746 Beatus
1937 3701 2190 3749 mae'tinus
2207 3700 2576 3766 dim'tjuliano,
2605 3706 2706 3766 377

1725 3762 1916 3812 Beatus
1935 3764 2192 3815 nicholaus
2213 3766 2373 3815 adhuc
2383 3769 2655 3832 puerulus,
2689 3770 2790 3819 106

1724 3828 1912 3878 Beatus
1915 3836 2089 3893 parus
2109 3832 2352 3895 apostolus
2370 3834 2508 3893 vnai't,
2539 3844 2641 3897 347

1726 3892 1908 3943 Beatus
1929 3894 2200 3959 stephanus
2218 3896 2324 3961 jugi
2349 3898 2488 3963 legis,
2517 3912 2583 3963 93

1723 3958 1909 4008 Beatus
1929 3961 2210 4011 vincentius
2225 3976 2245 4011 .·
2275 3965 2546 4029 cujus-jam
2567 3982 2730 4035 mens,
2761 3978 2854 4031 153

1723 4024 1910 4074 Beatus
1929 4026 2017 4074 vir
2033 4028 2126 4091 qui
2141 4028 2198 4076 in
2222 4030 2317 4091 Iege
2335 4030 2447 4088 dii,
2475 4042 2541 4093 39

1721 4090 1908 4142 Beatus
1927 4092 2016 4139 vir
2033 4093 2128 4157 qui
2149 4094 2381 4145 inventus
2400 4102 2472 4145 est
2489 4098 2618 4156 sine,
2651 4108 2712 4159 17

1719 4154 1908 4204 Beatus
1928 4158 2016 4205 vir
2031 4158 2125 4221 qui
2138 4160 2322 4223 suffert,
2358 4170 2415 4222 17

1723 4220 1905 4270 Beatus
1927 4222 2002 4271 vir
2023 4222 2108 4286 qui
2131 4223 2372 4288 implevit,
2399 4225 2502 4287 906

1721 4286 1859 4336 Bene
1883 4286 1996 4337 fecit
2017 4287 2186 4337 omnia
2209 4290 2382 4340 surdos
2403 4291 2538 4352 fecit,
2563 4292 2669 4357 634

1721 4351 1856 4401 Bene
1879 4352 2086 4403 fundata
2107 4363 2182 4404 est
2205 4356 2399 4420 domus,
2421 4357 2520 4407 662
