<?xml version="1.0" encoding="UTF-8"?>
<!DOCTYPE html PUBLIC "-//W3C//DTD XHTML 1.0 Transitional//EN"
    "http://www.w3.org/TR/xhtml1/DTD/xhtml1-transitional.dtd">
<html xmlns="http://www.w3.org/1999/xhtml" xml:lang="en" lang="en">
 <head>
  <title>
</title>
<meta http-equiv="Content-Type" content="text/html;charset=utf-8" />
  <meta name='ocr-system' content='tesseract 3.04.00' />
  <meta name='ocr-capabilities' content='ocr_page ocr_carea ocr_par ocr_line ocrx_word'/>
</head>
<body>
  <div class='ocr_page' id='page_1' title='image "breviariumadusu03yorkgoog_0380.png"; bbox 0 0 3117 4959; ppageno 0'>
   <div class='ocr_carea' id='block_1_1' title="bbox 889 259 1991 316">
    <p class='ocr_par' dir='ltr' id='par_1_1' title="bbox 889 259 1991 316">
     <span class='ocr_line' id='line_1_1' title="bbox 889 259 1991 316; baseline -0.002 0"><span class='ocrx_word' id='word_1_1' title='bbox 889 263 951 316; x_wconf 83' lang='lat' dir='ltr'><strong>S.</strong></span> <span class='ocrx_word' id='word_1_2' title='bbox 1006 259 1494 315; x_wconf 77' lang='lat' dir='ltr'><em>CLEMENTJS</em></span> <span class='ocrx_word' id='word_1_3' title='bbox 1541 259 1991 314; x_wconf 73' lang='lat' dir='ltr'><strong>MARTVRJS.</strong></span> 
     </span>
    </p>
   </div>
   <div class='ocr_carea' id='block_1_2' title="bbox 721 371 851 422">
    <p class='ocr_par' dir='ltr' id='par_1_2' title="bbox 721 371 851 422">
     <span class='ocr_line' id='line_1_2' title="bbox 721 371 851 422; baseline -0.015 0"><span class='ocrx_word' id='word_1_4' title='bbox 721 371 851 422; x_wconf 78' lang='lat'><strong>715</strong></span> 
     </span>
    </p>
   </div>
   <div class='ocr_carea' id='block_1_3' title="bbox 158 475 1389 4345">
    <p class='ocr_par' dir='ltr' id='par_1_3' title="bbox 176 475 1389 1664">
     <span class='ocr_line' id='line_1_3' title="bbox 186 475 1389 558; baseline -0.002 -17"><span class='ocrx_word' id='word_1_5' title='bbox 186 497 404 558; x_wconf 86' lang='lat' dir='ltr'><strong>agnus</strong></span> <span class='ocrx_word' id='word_1_6' title='bbox 465 483 787 539; x_wconf 89' lang='lat' dir='ltr'><strong>steterat:</strong></span> <span class='ocrx_word' id='word_1_7' title='bbox 862 483 931 539; x_wconf 93' lang='lat' dir='ltr'><strong>et</strong></span> <span class='ocrx_word' id='word_1_8' title='bbox 1002 496 1165 538; x_wconf 86' lang='lat' dir='ltr'><strong>mox</strong></span> <span class='ocrx_word' id='word_1_9' title='bbox 1242 475 1389 540; x_wconf 85' lang='lat' dir='ltr'><strong>fons</strong></span> 
     </span>
     <span class='ocr_line' id='line_1_4' title="bbox 186 565 1389 646; baseline -0.002 -17"><span class='ocrx_word' id='word_1_10' title='bbox 186 584 473 646; x_wconf 89' lang='lat' dir='ltr'><strong>magnus</strong></span> <span class='ocrx_word' id='word_1_11' title='bbox 504 565 887 646; x_wconf 86' lang='lat' dir='ltr'>excrepuit:</span> <span class='ocrx_word' id='word_1_12' title='bbox 934 565 1047 646; x_wconf 88' lang='lat' dir='ltr'><strong>qui</strong></span> <span class='ocrx_word' id='word_1_13' title='bbox 1097 584 1219 628; x_wconf 91' lang='lat' dir='ltr'><strong>suo</strong></span> <span class='ocrx_word' id='word_1_14' title='bbox 1266 565 1389 627; x_wconf 88' lang='lat' dir='ltr'><strong>im·-</strong></span> 
     </span>
     <span class='ocr_line' id='line_1_5' title="bbox 187 651 1387 736; baseline -0.002 -20"><span class='ocrx_word' id='word_1_15' title='bbox 187 662 349 736; x_wconf 87' lang='lat' dir='ltr'><strong>petu</strong></span> <span class='ocrx_word' id='word_1_16' title='bbox 381 652 737 715; x_wconf 90' lang='lat' dir='ltr'><strong>fluentibus</strong></span> <span class='ocrx_word' id='word_1_17' title='bbox 788 653 975 714; x_wconf 90' lang='lat' dir='ltr'><strong>venis</strong></span> <span class='ocrx_word' id='word_1_18' title='bbox 1022 672 1219 716; x_wconf 91' lang='lat' dir='ltr'><strong>voces</strong></span> <span class='ocrx_word' id='word_1_19' title='bbox 1266 651 1387 714; x_wconf 87' lang='lat' dir='ltr'><strong>flu·-</strong></span> 
     </span>
     <span class='ocr_line' id='line_1_6' title="bbox 190 740 1385 822; baseline -0.002 -18"><span class='ocrx_word' id='word_1_20' title='bbox 190 742 447 804; x_wconf 90' lang='lat' dir='ltr'><strong>minum</strong></span> <span class='ocrx_word' id='word_1_21' title='bbox 479 740 809 822; x_wconf 86' lang='lat' dir='ltr'><strong>patefecit.</strong></span> <span class='ocrx_word' id='word_1_22' title='bbox 871 741 1066 803; x_wconf 91' lang='lat' dir='ltr'><strong>Tunc</strong></span> <span class='ocrx_word' id='word_1_23' title='bbox 1100 741 1385 802; x_wconf 87' lang='lat' dir='ltr'><strong>universi</strong></span> 
     </span>
     <span class='ocr_line' id='line_1_7' title="bbox 186 829 1387 912; baseline -0.002 -20"><span class='ocrx_word' id='word_1_24' title='bbox 186 829 557 912; x_wconf 86' lang='lat' dir='ltr'><strong>gaudentes</strong></span> <span class='ocrx_word' id='word_1_25' title='bbox 618 829 983 892; x_wconf 87' lang='lat' dir='ltr'><strong>dixerunt:</strong></span> <span class='ocrx_word' id='word_1_26' title='bbox 1062 829 1387 891; x_wconf 89' lang='lat' dir='ltr'><strong>Fluminis</strong></span> 
     </span>
     <span class='ocr_line' id='line_1_8' title="bbox 187 915 1385 998; baseline 0.001 -19"><span class='ocrx_word' id='word_1_27' title='bbox 187 919 478 998; x_wconf 90' lang='lat' dir='ltr'><strong>impetus</strong></span> <span class='ocrx_word' id='word_1_28' title='bbox 538 915 811 980; x_wconf 86' lang='lat' dir='ltr'><strong>letificat</strong></span> <span class='ocrx_word' id='word_1_29' title='bbox 860 916 1195 979; x_wconf 86' lang='lat' dir='ltr'><strong>civitatem</strong></span> <span class='ocrx_word' id='word_1_30' title='bbox 1259 917 1385 980; x_wconf 93' lang='lat' dir='ltr'><strong>dei.</strong></span> 
     </span>
     <span class='ocr_line' id='line_1_9' title="bbox 185 1003 1388 1086; baseline -0.001 -18"><span class='ocrx_word' id='word_1_31' title='bbox 185 1005 448 1068; x_wconf 91' lang='lat' dir='ltr'><strong>Audito</strong></span> <span class='ocrx_word' id='word_1_32' title='bbox 466 1003 595 1067; x_wconf 91' lang='lat' dir='ltr'><strong>hoc</strong></span> <span class='ocrx_word' id='word_1_33' title='bbox 616 1005 964 1067; x_wconf 89' lang='lat' dir='ltr'><strong>miraculo:</strong></span> <span class='ocrx_word' id='word_1_34' title='bbox 998 1005 1215 1067; x_wconf 89' lang='lat' dir='ltr'><strong>omnis</strong></span> <span class='ocrx_word' id='word_1_35' title='bbox 1236 1025 1388 1086; x_wconf 91' lang='lat' dir='ltr'><strong>pro-</strong></span> 
     </span>
     <span class='ocr_line' id='line_1_10' title="bbox 180 1092 1387 1156; baseline -0.001 0"><span class='ocrx_word' id='word_1_36' title='bbox 180 1094 403 1156; x_wconf 91' lang='lat' dir='ltr'><strong>vincia</strong></span> <span class='ocrx_word' id='word_1_37' title='bbox 460 1092 635 1156; x_wconf 85' lang='lat' dir='ltr'><strong>facta</strong></span> <span class='ocrx_word' id='word_1_38' title='bbox 696 1101 799 1156; x_wconf 90' lang='lat' dir='ltr'><strong>est</strong></span> <span class='ocrx_word' id='word_1_39' title='bbox 850 1093 1244 1156; x_wconf 86' lang='lat' dir='ltr'><strong>christiana:</strong></span> <span class='ocrx_word' id='word_1_40' title='bbox 1292 1094 1387 1155; x_wconf 90' lang='lat' dir='ltr'><strong>ita</strong></span> 
     </span>
     <span class='ocr_line' id='line_1_11' title="bbox 180 1180 1385 1263; baseline -0.002 -19"><span class='ocrx_word' id='word_1_41' title='bbox 180 1191 261 1244; x_wconf 90' lang='lat' dir='ltr'><strong>ut</strong></span> <span class='ocrx_word' id='word_1_42' title='bbox 321 1201 441 1263; x_wconf 93' lang='lat' dir='ltr'><strong>per</strong></span> <span class='ocrx_word' id='word_1_43' title='bbox 497 1189 765 1243; x_wconf 89' lang='lat' dir='ltr'><strong>centum</strong></span> <span class='ocrx_word' id='word_1_44' title='bbox 829 1180 1131 1242; x_wconf 83' lang='lat' dir='ltr'><strong>miliaria·</strong></span> <span class='ocrx_word' id='word_1_45' title='bbox 1167 1180 1385 1243; x_wconf 91' lang='lat' dir='ltr'><strong>nullus</strong></span> 
     </span>
     <span class='ocr_line' id='line_1_12' title="bbox 180 1267 1384 1349; baseline -0.001 -17"><span class='ocrx_word' id='word_1_46' title='bbox 180 1270 587 1332; x_wconf 88' lang='lat' dir='ltr'><strong>inveniretur</strong></span> <span class='ocrx_word' id='word_1_47' title='bbox 658 1267 875 1331; x_wconf 90' lang='lat' dir='ltr'><strong>cultus</strong></span> <span class='ocrx_word' id='word_1_48' title='bbox 951 1287 1384 1349; x_wconf 85' lang='lat' dir='ltr'><strong>paganorum.</strong></span> 
     </span>
     <span class='ocr_line' id='line_1_13' title="bbox 176 1356 1383 1438; baseline -0.001 -18"><span class='ocrx_word' id='word_1_49' title='bbox 176 1359 302 1420; x_wconf 79' lang='lat' dir='ltr'><strong>Re.</strong></span> <span class='ocrx_word' id='word_1_50' title='bbox 375 1357 607 1437; x_wconf 89' lang='lat' dir='ltr'><strong>Justus</strong></span> <span class='ocrx_word' id='word_1_51' title='bbox 666 1356 1079 1437; x_wconf 84' lang='lat' dir='ltr'><strong>germinabit.</strong></span> <span class='ocrx_word' id='word_1_52' title='bbox 1170 1356 1254 1418; x_wconf 86' lang='lat' dir='ltr'><strong>In</strong></span> <span class='ocrx_word' id='word_1_53' title='bbox 1317 1357 1383 1438; x_wconf 72' lang='grc' dir='ltr'><strong>ᾔ.</strong></span> 
     </span>
     <span class='ocr_line' id='line_1_14' title="bbox 178 1443 1383 1530; baseline -0.002 -22"><span class='ocrx_word' id='word_1_54' title='bbox 178 1454 505 1508; x_wconf 82' lang='lat' dir='ltr'><strong>nocturno.</strong></span> <span class='ocrx_word' id='word_1_55' title='bbox 566 1461 615 1530; x_wconf 70' lang='grc' dir='ltr'><strong><em>γ</em></strong></span> <span class='ocrx_word' id='word_1_56' title='bbox 664 1445 963 1507; x_wconf 82' lang='lat' dir='ltr'><strong>Posuisti.</strong></span> <span class='ocrx_word' id='word_1_57' title='bbox 1025 1443 1241 1506; x_wconf 82' lang='lat' dir='ltr'><strong>Lectio</strong></span> <span class='ocrx_word' id='word_1_58' title='bbox 1261 1444 1383 1525; x_wconf 40' lang='lat' dir='ltr'><strong>iit-&#39;73</strong></span> 
     </span>
     <span class='ocr_line' id='line_1_15' title="bbox 178 1531 1388 1664; baseline -0.001 -69"><span class='ocrx_word' id='word_1_59' title='bbox 178 1533 593 1664; x_wconf 78' lang='lat' dir='ltr'><strong>Invidiosa</strong></span> <span class='ocrx_word' id='word_1_60' title='bbox 624 1532 823 1614; x_wconf 86' lang='lat' dir='ltr'><strong>igitur</strong></span> <span class='ocrx_word' id='word_1_61' title='bbox 852 1531 1083 1594; x_wconf 86' lang='lat' dir='ltr'><strong>relatio</strong></span> <span class='ocrx_word' id='word_1_62' title='bbox 1103 1532 1388 1595; x_wconf 87' lang='lat' dir='ltr'><strong>mittitur</strong></span> 
     </span>
    </p>

    <p class='ocr_par' dir='ltr' id='par_1_4' title="bbox 172 1620 1389 3110">
     <span class='ocr_line' id='line_1_16' title="bbox 292 1620 1384 1702; baseline 0.001 -19"><span class='ocrx_word' id='word_1_63' title='bbox 292 1621 377 1684; x_wconf 90' lang='lat' dir='ltr'><strong>ad</strong></span> <span class='ocrx_word' id='word_1_64' title='bbox 446 1620 778 1702; x_wconf 87' lang='lat' dir='ltr'><strong>trajanum</strong></span> <span class='ocrx_word' id='word_1_65' title='bbox 852 1620 1317 1701; x_wconf 85' lang='lat' dir='ltr'><strong>imperatorem</strong></span> <span class='ocrx_word' id='word_1_66' title='bbox 1369 1641 1384 1684; x_wconf 91' lang='lat'><strong>:</strong></span> 
     </span>
     <span class='ocr_line' id='line_1_17' title="bbox 178 1707 1385 1790; baseline 0.001 -20"><span class='ocrx_word' id='word_1_67' title='bbox 178 1729 306 1790; x_wconf 90' lang='lat' dir='ltr'><strong>per</strong></span> <span class='ocrx_word' id='word_1_68' title='bbox 362 1707 755 1772; x_wconf 86' lang='lat' dir='ltr'><strong>clementem</strong></span> <span class='ocrx_word' id='word_1_69' title='bbox 806 1709 1192 1789; x_wconf 90' lang='lat' dir='ltr'><strong>episcopum</strong></span> <span class='ocrx_word' id='word_1_70' title='bbox 1243 1728 1385 1771; x_wconf 88' lang='lat' dir='ltr'><strong>om-</strong></span> 
     </span>
     <span class='ocr_line' id='line_1_18' title="bbox 178 1794 1381 1878; baseline 0.002 -20"><span class='ocrx_word' id='word_1_71' title='bbox 178 1816 338 1860; x_wconf 87' lang='lat' dir='ltr'><strong>nem</strong></span> <span class='ocrx_word' id='word_1_72' title='bbox 370 1796 691 1878; x_wconf 89' lang='lat' dir='ltr'><strong>populum</strong></span> <span class='ocrx_word' id='word_1_73' title='bbox 738 1797 937 1858; x_wconf 88' lang='lat' dir='ltr'><strong>fuisse</strong></span> <span class='ocrx_word' id='word_1_74' title='bbox 976 1794 1381 1860; x_wconf 88' lang='lat' dir='ltr'><strong>subversum.</strong></span> 
     </span>
     <span class='ocr_line' id='line_1_19' title="bbox 176 1884 1389 1966; baseline 0.001 -20"><span class='ocrx_word' id='word_1_75' title='bbox 176 1884 375 1948; x_wconf 84' lang='lat' dir='ltr'><strong>Tunc</strong></span> <span class='ocrx_word' id='word_1_76' title='bbox 434 1884 729 1964; x_wconf 89' lang='lat' dir='ltr'><strong>trajanus</strong></span> <span class='ocrx_word' id='word_1_77' title='bbox 788 1884 1147 1966; x_wconf 85' lang='lat' dir='ltr'><strong>imperator</strong></span> <span class='ocrx_word' id='word_1_78' title='bbox 1207 1885 1389 1948; x_wconf 85' lang='lat' dir='ltr'><strong>misit</strong></span> 
     </span>
     <span class='ocr_line' id='line_1_20' title="bbox 176 1972 1385 2054; baseline -0.001 -19"><span class='ocrx_word' id='word_1_79' title='bbox 176 1973 269 2035; x_wconf 88' lang='lat' dir='ltr'><strong>ad</strong></span> <span class='ocrx_word' id='word_1_80' title='bbox 302 1993 453 2035; x_wconf 90' lang='lat' dir='ltr'><strong>eum</strong></span> <span class='ocrx_word' id='word_1_81' title='bbox 486 1973 723 2036; x_wconf 89' lang='lat' dir='ltr'><strong>ducem</strong></span> <span class='ocrx_word' id='word_1_82' title='bbox 758 1972 1164 2035; x_wconf 86' lang='lat' dir='ltr'><strong>aufidianum</strong></span> <span class='ocrx_word' id='word_1_83' title='bbox 1192 1993 1207 2034; x_wconf 89' lang='lat'><strong>:</strong></span> <span class='ocrx_word' id='word_1_84' title='bbox 1240 1973 1385 2054; x_wconf 88' lang='lat' dir='ltr'><strong>qui-</strong></span> 
     </span>
     <span class='ocr_line' id='line_1_21' title="bbox 174 2059 1385 2142; baseline 0.001 -20"><span class='ocrx_word' id='word_1_85' title='bbox 174 2081 315 2141; x_wconf 87' lang='lat' dir='ltr'><strong>que</strong></span> <span class='ocrx_word' id='word_1_86' title='bbox 362 2069 629 2142; x_wconf 86' lang='lat' dir='ltr'><strong>cogeret</strong></span> <span class='ocrx_word' id='word_1_87' title='bbox 675 2079 828 2122; x_wconf 88' lang='lat' dir='ltr'><strong>eum</strong></span> <span class='ocrx_word' id='word_1_88' title='bbox 880 2062 966 2124; x_wconf 91' lang='lat' dir='ltr'><strong>ad</strong></span> <span class='ocrx_word' id='word_1_89' title='bbox 1012 2059 1385 2123; x_wconf 88' lang='lat' dir='ltr'><strong>sacrifican-</strong></span> 
     </span>
     <span class='ocr_line' id='line_1_22' title="bbox 178 2149 1379 2230; baseline 0.001 -20"><span class='ocrx_word' id='word_1_90' title='bbox 178 2149 365 2211; x_wconf 88' lang='lat' dir='ltr'><strong>dum.</strong></span> <span class='ocrx_word' id='word_1_91' title='bbox 456 2149 734 2230; x_wconf 90' lang='lat' dir='ltr'><strong>Cunque</strong></span> <span class='ocrx_word' id='word_1_92' title='bbox 782 2167 916 2210; x_wconf 90' lang='lat' dir='ltr'><strong>non</strong></span> <span class='ocrx_word' id='word_1_93' title='bbox 964 2155 1191 2230; x_wconf 88' lang='lat' dir='ltr'><strong>posset</strong></span> <span class='ocrx_word' id='word_1_94' title='bbox 1228 2169 1379 2211; x_wconf 90' lang='lat' dir='ltr'><strong>eum</strong></span> 
     </span>
     <span class='ocr_line' id='line_1_23' title="bbox 176 2235 1379 2318; baseline 0.002 -20"><span class='ocrx_word' id='word_1_95' title='bbox 176 2245 480 2300; x_wconf 86' lang='lat' dir='ltr'><strong>mutare:</strong></span> <span class='ocrx_word' id='word_1_96' title='bbox 529 2237 823 2318; x_wconf 88' lang='lat' dir='ltr'><strong>precepit</strong></span> <span class='ocrx_word' id='word_1_97' title='bbox 858 2245 932 2299; x_wconf 87' lang='lat' dir='ltr'><strong>ut</strong></span> <span class='ocrx_word' id='word_1_98' title='bbox 964 2235 1169 2316; x_wconf 88' lang='lat' dir='ltr'><strong>ligata</strong></span> <span class='ocrx_word' id='word_1_99' title='bbox 1200 2236 1258 2297; x_wconf 92' lang='lat' dir='ltr'><strong>ei</strong></span> <span class='ocrx_word' id='word_1_100' title='bbox 1292 2238 1379 2300; x_wconf 89' lang='lat' dir='ltr'><strong>ad</strong></span> 
     </span>
     <span class='ocr_line' id='line_1_24' title="bbox 174 2323 1379 2387; baseline 0.001 -1"><span class='ocrx_word' id='word_1_101' title='bbox 174 2323 427 2386; x_wconf 90' lang='lat' dir='ltr'><strong>collum</strong></span> <span class='ocrx_word' id='word_1_102' title='bbox 481 2324 771 2387; x_wconf 88' lang='lat' dir='ltr'><strong>anchora</strong></span> <span class='ocrx_word' id='word_1_103' title='bbox 822 2324 1166 2386; x_wconf 90' lang='lat' dir='ltr'><strong>in-medio</strong></span> <span class='ocrx_word' id='word_1_104' title='bbox 1216 2325 1379 2387; x_wconf 89' lang='lat' dir='ltr'><strong>mari</strong></span> 
     </span>
     <span class='ocr_line' id='line_1_25' title="bbox 177 2409 1382 2493; baseline 0.002 -21"><span class='ocrx_word' id='word_1_105' title='bbox 177 2409 625 2493; x_wconf 86' lang='lat' dir='ltr'><strong>projiceretur.</strong></span> <span class='ocrx_word' id='word_1_106' title='bbox 718 2411 873 2493; x_wconf 84' lang='lat' dir='ltr'><strong>Quo</strong></span> <span class='ocrx_word' id='word_1_107' title='bbox 906 2411 1124 2475; x_wconf 84' lang='lat' dir='ltr'><strong>facto:</strong></span> <span class='ocrx_word' id='word_1_108' title='bbox 1158 2412 1382 2475; x_wconf 89' lang='lat' dir='ltr'><strong>multi-</strong></span> 
     </span>
     <span class='ocr_line' id='line_1_26' title="bbox 174 2498 1379 2586; baseline 0 -24"><span class='ocrx_word' id='word_1_109' title='bbox 174 2500 349 2562; x_wconf 88' lang='lat' dir='ltr'><strong>tudo</strong></span> <span class='ocrx_word' id='word_1_110' title='bbox 421 2499 925 2586; x_wconf 87' lang='lat' dir='ltr'><strong>christianorum</strong></span> <span class='ocrx_word' id='word_1_111' title='bbox 1018 2501 1105 2563; x_wconf 88' lang='lat' dir='ltr'><strong>ad</strong></span> <span class='ocrx_word' id='word_1_112' title='bbox 1192 2498 1379 2563; x_wconf 92' lang='lat' dir='ltr'><strong>littus</strong></span> 
     </span>
     <span class='ocr_line' id='line_1_27' title="bbox 173 2587 1379 2670; baseline 0.001 -20"><span class='ocrx_word' id='word_1_113' title='bbox 173 2587 453 2650; x_wconf 88' lang='lat' dir='ltr'><strong>veniens</strong></span> <span class='ocrx_word' id='word_1_114' title='bbox 483 2596 657 2651; x_wconf 83' lang='lat' dir='ltr'><strong>stare</strong></span> <span class='ocrx_word' id='word_1_115' title='bbox 677 2588 854 2670; x_wconf 88' lang='lat' dir='ltr'><strong>cepit</strong></span> <span class='ocrx_word' id='word_1_116' title='bbox 876 2597 944 2651; x_wconf 89' lang='lat' dir='ltr'><strong>et</strong></span> <span class='ocrx_word' id='word_1_117' title='bbox 968 2587 1137 2650; x_wconf 89' lang='lat' dir='ltr'><strong>flere.</strong></span> <span class='ocrx_word' id='word_1_118' title='bbox 1187 2587 1379 2652; x_wconf 90' lang='lat' dir='ltr'><strong>Tunc</strong></span> 
     </span>
     <span class='ocr_line' id='line_1_28' title="bbox 172 2674 1378 2758; baseline 0.001 -20"><span class='ocrx_word' id='word_1_119' title='bbox 172 2675 496 2738; x_wconf 85' lang='lat' dir='ltr'><strong>dixerunt</strong></span> <span class='ocrx_word' id='word_1_120' title='bbox 520 2675 775 2758; x_wconf 84' lang='lat' dir='ltr'><strong>phebus</strong></span> <span class='ocrx_word' id='word_1_121' title='bbox 800 2685 867 2739; x_wconf 94' lang='lat' dir='ltr'><strong>et</strong></span> <span class='ocrx_word' id='word_1_122' title='bbox 897 2674 1221 2738; x_wconf 84' lang='lat' dir='ltr'><strong>cornelius</strong></span> <span class='ocrx_word' id='word_1_123' title='bbox 1247 2676 1378 2739; x_wconf 92' lang='lat' dir='ltr'><strong>dis-</strong></span> 
     </span>
     <span class='ocr_line' id='line_1_29' title="bbox 174 2763 1379 2844; baseline 0.001 -19"><span class='ocrx_word' id='word_1_124' title='bbox 174 2763 381 2844; x_wconf 90' lang='lat' dir='ltr'><strong>cipuli</strong></span> <span class='ocrx_word' id='word_1_125' title='bbox 414 2764 625 2828; x_wconf 89' lang='lat' dir='ltr'><strong>sancti</strong></span> <span class='ocrx_word' id='word_1_126' title='bbox 656 2764 1019 2827; x_wconf 81' lang='lat' dir='ltr'><strong>clementis,</strong></span> <span class='ocrx_word' id='word_1_127' title='bbox 1093 2763 1379 2828; x_wconf 87' lang='lat' dir='ltr'><strong>Oremus</strong></span> 
     </span>
     <span class='ocr_line' id='line_1_30' title="bbox 175 2853 1381 2915; baseline 0 -1"><span class='ocrx_word' id='word_1_128' title='bbox 175 2871 412 2914; x_wconf 89' lang='lat' dir='ltr'><strong>omnes</strong></span> <span class='ocrx_word' id='word_1_129' title='bbox 465 2853 553 2915; x_wconf 88' lang='lat' dir='ltr'><strong>ad</strong></span> <span class='ocrx_word' id='word_1_130' title='bbox 601 2853 985 2915; x_wconf 90' lang='lat' dir='ltr'><strong>dominum:</strong></span> <span class='ocrx_word' id='word_1_131' title='bbox 1034 2859 1107 2914; x_wconf 90' lang='lat' dir='ltr'><strong>ut</strong></span> <span class='ocrx_word' id='word_1_132' title='bbox 1159 2861 1381 2915; x_wconf 90' lang='lat' dir='ltr'><strong>osten-</strong></span> 
     </span>
     <span class='ocr_line' id='line_1_31' title="bbox 174 2939 1377 3021; baseline 0.001 -19"><span class='ocrx_word' id='word_1_133' title='bbox 174 2941 299 3002; x_wconf 90' lang='lat' dir='ltr'><strong>dat</strong></span> <span class='ocrx_word' id='word_1_134' title='bbox 359 2939 550 3003; x_wconf 89' lang='lat' dir='ltr'><strong>nob&#39;is</strong></span> <span class='ocrx_word' id='word_1_135' title='bbox 606 2942 911 3021; x_wconf 89' lang='lat' dir='ltr'><strong>martyris</strong></span> <span class='ocrx_word' id='word_1_136' title='bbox 972 2939 1073 3002; x_wconf 92' lang='lat' dir='ltr'><strong>sui</strong></span> <span class='ocrx_word' id='word_1_137' title='bbox 1120 2960 1377 3021; x_wconf 78' lang='lat' dir='ltr'><strong>corpus,</strong></span> 
     </span>
     <span class='ocr_line' id='line_1_32' title="bbox 172 3028 1377 3110; baseline 0.001 -19"><span class='ocrx_word' id='word_1_138' title='bbox 172 3029 294 3091; x_wconf 76' lang='lat' dir='ltr'><strong>Re.</strong></span> <span class='ocrx_word' id='word_1_139' title='bbox 353 3029 489 3091; x_wconf 91' lang='lat' dir='ltr'><strong>Iste</strong></span> <span class='ocrx_word' id='word_1_140' title='bbox 520 3029 848 3110; x_wconf 89' lang='lat' dir='ltr'><strong>cognovit.</strong></span> <span class='ocrx_word' id='word_1_141' title='bbox 1078 3028 1289 3090; x_wconf 80' lang='lat' dir='ltr'><strong>Lectio</strong></span> <span class='ocrx_word' id='word_1_142' title='bbox 1319 3049 1377 3092; x_wconf 88' lang='lat' dir='ltr'><strong>v.</strong></span> 
     </span>
    </p>

    <p class='ocr_par' dir='ltr' id='par_1_5' title="bbox 316 3115 1379 3180">
     <span class='ocr_line' id='line_1_33' title="bbox 316 3115 1379 3180; baseline -0.001 -1"><span class='ocrx_word' id='word_1_143' title='bbox 316 3116 609 3180; x_wconf 89' lang='lat' dir='ltr'><strong>rantibus</strong></span> <span class='ocrx_word' id='word_1_144' title='bbox 640 3127 863 3180; x_wconf 85' lang='lat' dir='ltr'><strong>autem</strong></span> <span class='ocrx_word' id='word_1_145' title='bbox 896 3116 1022 3178; x_wconf 88' lang='lat' dir='ltr'><strong>illis</strong></span> <span class='ocrx_word' id='word_1_146' title='bbox 1051 3137 1065 3179; x_wconf 92' lang='lat'><strong>:</strong></span> <span class='ocrx_word' id='word_1_147' title='bbox 1112 3115 1379 3178; x_wconf 88' lang='lat' dir='ltr'><strong>recessit</strong></span> 
     </span>
    </p>

    <p class='ocr_par' dir='ltr' id='par_1_6' title="bbox 158 3203 1376 4345">
     <span class='ocr_line' id='line_1_34' title="bbox 313 3203 1376 3286; baseline -0.001 -19"><span class='ocrx_word' id='word_1_148' title='bbox 313 3224 494 3268; x_wconf 89' lang='lat' dir='ltr'><strong>mare</strong></span> <span class='ocrx_word' id='word_1_149' title='bbox 548 3225 666 3286; x_wconf 91' lang='lat' dir='ltr'><strong>per</strong></span> <span class='ocrx_word' id='word_1_150' title='bbox 718 3205 843 3269; x_wconf 89' lang='lat' dir='ltr'><strong>tria</strong></span> <span class='ocrx_word' id='word_1_151' title='bbox 896 3203 1079 3266; x_wconf 80' lang='lat' dir='ltr'><strong>milia</strong></span> <span class='ocrx_word' id='word_1_152' title='bbox 1128 3203 1376 3267; x_wconf 89' lang='lat' dir='ltr'><strong>stadio-</strong></span> 
     </span>
     <span class='ocr_line' id='line_1_35' title="bbox 174 3293 1375 3375; baseline 0 -21"><span class='ocrx_word' id='word_1_153' title='bbox 174 3311 322 3355; x_wconf 86' lang='lat' dir='ltr'><strong>rum</strong></span> <span class='ocrx_word' id='word_1_154' title='bbox 350 3313 363 3356; x_wconf 92' lang='lat'>:</span> <span class='ocrx_word' id='word_1_155' title='bbox 410 3301 478 3356; x_wconf 93' lang='lat' dir='ltr'><strong>et</strong></span> <span class='ocrx_word' id='word_1_156' title='bbox 511 3293 785 3375; x_wconf 88' lang='lat' dir='ltr'><strong>ingressi</strong></span> <span class='ocrx_word' id='word_1_157' title='bbox 819 3294 1210 3356; x_wconf 89' lang='lat' dir='ltr'><strong>invenerunt</strong></span> <span class='ocrx_word' id='word_1_158' title='bbox 1240 3311 1375 3354; x_wconf 85' lang='lat' dir='ltr'><strong>sar-</strong></span> 
     </span>
     <span class='ocr_line' id='line_1_36' title="bbox 172 3380 1375 3464; baseline -0.002 -20"><span class='ocrx_word' id='word_1_159' title='bbox 172 3380 549 3464; x_wconf 85' lang='lat' dir='ltr'><strong>cophagum</strong></span> <span class='ocrx_word' id='word_1_160' title='bbox 628 3401 927 3444; x_wconf 88' lang='lat' dir='ltr'><strong>novum:</strong></span> <span class='ocrx_word' id='word_1_161' title='bbox 995 3388 1064 3442; x_wconf 93' lang='lat' dir='ltr'><strong>et</strong></span> <span class='ocrx_word' id='word_1_162' title='bbox 1140 3399 1375 3461; x_wconf 89' lang='lat' dir='ltr'><strong>corpus</strong></span> 
     </span>
     <span class='ocr_line' id='line_1_37' title="bbox 172 3467 1373 3534; baseline 0 -4"><span class='ocrx_word' id='word_1_163' title='bbox 172 3471 389 3533; x_wconf 90' lang='lat' dir='ltr'><strong>sancti</strong></span> <span class='ocrx_word' id='word_1_164' title='bbox 450 3468 837 3534; x_wconf 87' lang='lat' dir='ltr'><strong>clementis:</strong></span> <span class='ocrx_word' id='word_1_165' title='bbox 884 3475 952 3530; x_wconf 91' lang='lat' dir='ltr'><strong>et</strong></span> <span class='ocrx_word' id='word_1_166' title='bbox 1014 3467 1373 3530; x_wconf 87' lang='lat' dir='ltr'><strong>anchoram</strong></span> 
     </span>
     <span class='ocr_line' id='line_1_38' title="bbox 165 3557 1374 3639; baseline 0 -21"><span class='ocrx_word' id='word_1_167' title='bbox 165 3557 370 3638; x_wconf 88' lang='lat' dir='ltr'><strong>juxta</strong></span> <span class='ocrx_word' id='word_1_168' title='bbox 424 3576 576 3620; x_wconf 90' lang='lat' dir='ltr'><strong>eum</strong></span> <span class='ocrx_word' id='word_1_169' title='bbox 638 3559 967 3639; x_wconf 89' lang='lat' dir='ltr'><strong>positam:</strong></span> <span class='ocrx_word' id='word_1_170' title='bbox 1032 3575 1185 3618; x_wconf 91' lang='lat' dir='ltr'><strong>cum</strong></span> <span class='ocrx_word' id='word_1_171' title='bbox 1240 3575 1374 3636; x_wconf 84' lang='lat' dir='ltr'><strong>qua</strong></span> 
     </span>
     <span class='ocr_line' id='line_1_39' title="bbox 172 3644 1373 3708; baseline -0.002 -1"><span class='ocrx_word' id='word_1_172' title='bbox 172 3644 415 3707; x_wconf 86' lang='lat' dir='ltr'><strong>missus</strong></span> <span class='ocrx_word' id='word_1_173' title='bbox 448 3645 661 3708; x_wconf 88' lang='lat' dir='ltr'><strong>suerat</strong></span> <span class='ocrx_word' id='word_1_174' title='bbox 710 3647 775 3707; x_wconf 91' lang='lat' dir='ltr'><strong>in</strong></span> <span class='ocrx_word' id='word_1_175' title='bbox 824 3664 1044 3706; x_wconf 88' lang='lat' dir='ltr'><strong>mare:</strong></span> <span class='ocrx_word' id='word_1_176' title='bbox 1092 3652 1160 3706; x_wconf 92' lang='lat' dir='ltr'><strong>et</strong></span> <span class='ocrx_word' id='word_1_177' title='bbox 1192 3663 1373 3706; x_wconf 90' lang='lat' dir='ltr'><strong>reve-</strong></span> 
     </span>
     <span class='ocr_line' id='line_1_40' title="bbox 170 3731 1373 3796; baseline -0.003 0"><span class='ocrx_word' id='word_1_178' title='bbox 170 3732 383 3796; x_wconf 90' lang='lat' dir='ltr'><strong>latum</strong></span> <span class='ocrx_word' id='word_1_179' title='bbox 437 3743 539 3796; x_wconf 90' lang='lat' dir='ltr'><strong>est</strong></span> <span class='ocrx_word' id='word_1_180' title='bbox 586 3734 681 3796; x_wconf 91' lang='lat' dir='ltr'><strong>eis</strong></span> <span class='ocrx_word' id='word_1_181' title='bbox 717 3755 731 3795; x_wconf 93' lang='lat'>:</span> <span class='ocrx_word' id='word_1_182' title='bbox 780 3753 861 3795; x_wconf 88' lang='lat' dir='ltr'><strong>ne</strong></span> <span class='ocrx_word' id='word_1_183' title='bbox 892 3731 1202 3794; x_wconf 90' lang='lat' dir='ltr'><strong>tollerent</strong></span> <span class='ocrx_word' id='word_1_184' title='bbox 1232 3751 1373 3794; x_wconf 87' lang='lat' dir='ltr'><strong>cor-</strong></span> 
     </span>
     <span class='ocr_line' id='line_1_41' title="bbox 168 3818 1369 3902; baseline -0.002 -19"><span class='ocrx_word' id='word_1_185' title='bbox 168 3841 297 3902; x_wconf 87' lang='lat' dir='ltr'><strong>pus</strong></span> <span class='ocrx_word' id='word_1_186' title='bbox 328 3821 489 3902; x_wconf 79' lang='lat' dir='ltr'><strong>ejus,</strong></span> <span class='ocrx_word' id='word_1_187' title='bbox 568 3820 783 3902; x_wconf 84' lang='lat' dir='ltr'><strong>Igitur</strong></span> <span class='ocrx_word' id='word_1_188' title='bbox 813 3821 1043 3883; x_wconf 85' lang='lat' dir='ltr'><strong>fratres</strong></span> <span class='ocrx_word' id='word_1_189' title='bbox 1067 3818 1369 3881; x_wconf 89' lang='lat' dir='ltr'><strong>charissi-</strong></span> 
     </span>
     <span class='ocr_line' id='line_1_42' title="bbox 166 3907 1370 3973; baseline -0.002 -2"><span class='ocrx_word' id='word_1_190' title='bbox 166 3911 259 3971; x_wconf 81' lang='lat' dir='ltr'><strong>mi</strong></span> <span class='ocrx_word' id='word_1_191' title='bbox 294 3910 479 3971; x_wconf 90' lang='lat' dir='ltr'><strong>omni</strong></span> <span class='ocrx_word' id='word_1_192' title='bbox 511 3929 687 3973; x_wconf 91' lang='lat' dir='ltr'><strong>anno</strong></span> <span class='ocrx_word' id='word_1_193' title='bbox 718 3911 785 3971; x_wconf 90' lang='lat' dir='ltr'><strong>in</strong></span> <span class='ocrx_word' id='word_1_194' title='bbox 816 3908 925 3971; x_wconf 91' lang='lat' dir='ltr'><strong>die</strong></span> <span class='ocrx_word' id='word_1_195' title='bbox 955 3907 1370 3970; x_wconf 88' lang='lat' dir='ltr'><strong>solennitatis</strong></span> 
     </span>
     <span class='ocr_line' id='line_1_43' title="bbox 164 3997 1368 4062; baseline -0.002 -2"><span class='ocrx_word' id='word_1_196' title='bbox 164 3997 381 4062; x_wconf 88' lang='lat' dir='ltr'><strong>sancti</strong></span> <span class='ocrx_word' id='word_1_197' title='bbox 458 3998 803 4061; x_wconf 86' lang='lat' dir='ltr'><strong>clementis</strong></span> <span class='ocrx_word' id='word_1_198' title='bbox 878 3997 1125 4060; x_wconf 91' lang='lat' dir='ltr'><strong>recedit</strong></span> <span class='ocrx_word' id='word_1_199' title='bbox 1186 4015 1368 4058; x_wconf 89' lang='lat' dir='ltr'><strong>mare</strong></span> 
     </span>
     <span class='ocr_line' id='line_1_44' title="bbox 162 4083 1369 4169; baseline -0.002 -21"><span class='ocrx_word' id='word_1_200' title='bbox 162 4107 285 4169; x_wconf 90' lang='lat' dir='ltr'><strong>per</strong></span> <span class='ocrx_word' id='word_1_201' title='bbox 347 4086 474 4149; x_wconf 89' lang='lat' dir='ltr'><strong>tria</strong></span> <span class='ocrx_word' id='word_1_202' title='bbox 535 4086 716 4148; x_wconf 89' lang='lat' dir='ltr'><strong>milia</strong></span> <span class='ocrx_word' id='word_1_203' title='bbox 774 4085 1138 4148; x_wconf 88' lang='lat' dir='ltr'><strong>stadiorum</strong></span> <span class='ocrx_word' id='word_1_204' title='bbox 1182 4105 1197 4147; x_wconf 89' lang='lat'><strong>:</strong></span> <span class='ocrx_word' id='word_1_205' title='bbox 1245 4083 1369 4146; x_wconf 89' lang='lat' dir='ltr'><strong>iter</strong></span> 
     </span>
     <span class='ocr_line' id='line_1_45' title="bbox 162 4173 1365 4256; baseline -0.002 -21"><span class='ocrx_word' id='word_1_206' title='bbox 162 4175 453 4256; x_wconf 90' lang='lat' dir='ltr'><strong>prebens</strong></span> <span class='ocrx_word' id='word_1_207' title='bbox 507 4174 758 4256; x_wconf 90' lang='lat' dir='ltr'><strong>populo</strong></span> <span class='ocrx_word' id='word_1_208' title='bbox 802 4181 972 4236; x_wconf 91' lang='lat' dir='ltr'><strong>terre</strong></span> <span class='ocrx_word' id='word_1_209' title='bbox 1023 4192 1231 4254; x_wconf 88' lang='lat' dir='ltr'><strong>usque</strong></span> <span class='ocrx_word' id='word_1_210' title='bbox 1281 4173 1365 4234; x_wconf 89' lang='lat' dir='ltr'><strong>ad</strong></span> 
     </span>
     <span class='ocr_line' id='line_1_46' title="bbox 158 4259 1368 4345; baseline -0.004 -19"><span class='ocrx_word' id='word_1_211' title='bbox 158 4261 586 4345; x_wconf 86' lang='lat' dir='ltr'><strong>sepulchrum</strong></span> <span class='ocrx_word' id='word_1_212' title='bbox 669 4262 989 4342; x_wconf 81' lang='lat' dir='ltr'><strong>martyris,</strong></span> <span class='ocrx_word' id='word_1_213' title='bbox 1131 4259 1368 4341; x_wconf 91' lang='lat' dir='ltr'><strong>Ibique</strong></span> 
     </span>
    </p>
   </div>
   <div class='ocr_carea' id='block_1_4' title="bbox 302 4437 885 4596">
    <p class='ocr_par' dir='ltr' id='par_1_7' title="bbox 302 4437 885 4596">
     <span class='ocr_line' id='line_1_47' title="bbox 370 4437 885 4487; baseline 0.002 -2"><span class='ocrx_word' id='word_1_214' title='bbox 370 4438 383 4466; x_wconf 87' lang='lat'><strong>¹</strong></span> <span class='ocrx_word' id='word_1_215' title='bbox 422 4438 764 4487; x_wconf 85' lang='lat' dir='ltr'><strong>Recurrente:</strong></span> <span class='ocrx_word' id='word_1_216' title='bbox 802 4437 885 4486; x_wconf 86' lang='lat' dir='ltr'><strong>W.</strong></span> 
     </span>
     <span class='ocr_line' id='line_1_48' title="bbox 302 4543 575 4596; baseline 0.015 -4"><span class='ocrx_word' id='word_1_217' title='bbox 302 4543 464 4596; x_wconf 86' lang='lat' dir='ltr'><strong>VOL.</strong></span> <span class='ocrx_word' id='word_1_218' title='bbox 500 4545 575 4596; x_wconf 92' lang='lat'><strong>11.</strong></span> 
     </span>
    </p>
   </div>
   <div class='ocr_carea' id='block_1_5' title="bbox 1388 4427 1924 4482">
    <p class='ocr_par' dir='ltr' id='par_1_8' title="bbox 1388 4427 1924 4482">
     <span class='ocr_line' id='line_1_49' title="bbox 1388 4427 1924 4482; baseline -0.009 0"><span class='ocrx_word' id='word_1_219' title='bbox 1388 4434 1409 4464; x_wconf 76' lang='lat'><em>²</em></span> <span class='ocrx_word' id='word_1_220' title='bbox 1443 4429 1744 4482; x_wconf 83' lang='lat' dir='ltr'><strong>recedente:</strong></span> <span class='ocrx_word' id='word_1_221' title='bbox 1779 4427 1924 4478; x_wconf 83' lang='lat' dir='ltr'><strong>w.s.</strong></span> 
     </span>
    </p>
   </div>
   <div class='ocr_carea' id='block_1_6' title="bbox 2019 371 2152 422">
    <p class='ocr_par' dir='ltr' id='par_1_9' title="bbox 2019 371 2152 422">
     <span class='ocr_line' id='line_1_50' title="bbox 2019 371 2152 422; baseline 0.008 -1"><span class='ocrx_word' id='word_1_222' title='bbox 2019 371 2152 422; x_wconf 81' lang='lat'><strong>716</strong></span> 
     </span>
    </p>
   </div>
   <div class='ocr_carea' id='block_1_7' title="bbox 1467 475 2696 4323">
    <p class='ocr_par' dir='ltr' id='par_1_10' title="bbox 1483 475 2696 1484">
     <span class='ocr_line' id='line_1_51' title="bbox 1491 475 2692 560; baseline 0.006 -23"><span class='ocrx_word' id='word_1_223' title='bbox 1491 483 1648 538; x_wconf 85' lang='lat' dir='ltr'><strong>vota</strong></span> <span class='ocrx_word' id='word_1_224' title='bbox 1681 475 2032 538; x_wconf 89' lang='lat' dir='ltr'><strong>reddentes</strong></span> <span class='ocrx_word' id='word_1_225' title='bbox 2063 476 2290 560; x_wconf 83' lang='lat' dir='ltr'><strong>populi</strong></span> <span class='ocrx_word' id='word_1_226' title='bbox 2340 487 2491 559; x_wconf 90' lang='lat' dir='ltr'><strong>post</strong></span> <span class='ocrx_word' id='word_1_227' title='bbox 2537 489 2692 544; x_wconf 92' lang='lat' dir='ltr'><strong>octo</strong></span> 
     </span>
     <span class='ocr_line' id='line_1_52' title="bbox 1490 562 2690 644; baseline 0.006 -20"><span class='ocrx_word' id='word_1_228' title='bbox 1490 562 1632 625; x_wconf 91' lang='lat' dir='ltr'><strong>dies</strong></span> <span class='ocrx_word' id='word_1_229' title='bbox 1666 563 2123 644; x_wconf 88' lang='lat' dir='ltr'><strong>regrediuntur</strong></span> <span class='ocrx_word' id='word_1_230' title='bbox 2163 564 2248 628; x_wconf 87' lang='lat' dir='ltr'><strong>ad</strong></span> <span class='ocrx_word' id='word_1_231' title='bbox 2282 565 2482 629; x_wconf 88' lang='lat' dir='ltr'><strong>littus.</strong></span> <span class='ocrx_word' id='word_1_232' title='bbox 2576 568 2690 632; x_wconf 81' lang='lat' dir='ltr'><strong>Re.</strong></span> 
     </span>
     <span class='ocr_line' id='line_1_53' title="bbox 1488 651 2688 720; baseline 0.005 -6"><span class='ocrx_word' id='word_1_233' title='bbox 1488 651 1753 714; x_wconf 90' lang='lat' dir='ltr'><strong>Dedisti</strong></span> <span class='ocrx_word' id='word_1_234' title='bbox 1857 651 2128 714; x_wconf 89' lang='lat' dir='ltr'><strong>domine</strong></span> <span class='ocrx_word' id='word_1_235' title='bbox 2237 653 2688 720; x_wconf 87' lang='lat' dir='ltr'><strong>habitaculum</strong></span> 
     </span>
     <span class='ocr_line' id='line_1_54' title="bbox 1490 740 2696 820; baseline 0.007 -21"><span class='ocrx_word' id='word_1_236' title='bbox 1490 741 1764 820; x_wconf 86' lang='lat' dir='ltr'><strong>martyri</strong></span> <span class='ocrx_word' id='word_1_237' title='bbox 1797 749 1915 802; x_wconf 88' lang='lat' dir='ltr'><strong>tuo</strong></span> <span class='ocrx_word' id='word_1_238' title='bbox 1945 740 2256 803; x_wconf 91' lang='lat' dir='ltr'><strong>clementi</strong></span> <span class='ocrx_word' id='word_1_239' title='bbox 2305 743 2370 804; x_wconf 91' lang='lat' dir='ltr'><strong>in</strong></span> <span class='ocrx_word' id='word_1_240' title='bbox 2413 745 2577 806; x_wconf 90' lang='lat' dir='ltr'><strong>mari</strong></span> <span class='ocrx_word' id='word_1_241' title='bbox 2629 746 2696 807; x_wconf 90' lang='lat' dir='ltr'><strong>in</strong></span> 
     </span>
     <span class='ocr_line' id='line_1_55' title="bbox 1486 827 2696 913; baseline 0.005 -25"><span class='ocrx_word' id='word_1_242' title='bbox 1486 827 1761 889; x_wconf 89' lang='lat' dir='ltr'><strong>modum</strong></span> <span class='ocrx_word' id='word_1_243' title='bbox 1795 829 2026 909; x_wconf 87' lang='lat' dir='ltr'><strong>templi</strong></span> <span class='ocrx_word' id='word_1_244' title='bbox 2066 831 2414 892; x_wconf 89' lang='lat' dir='ltr'><strong>marmorei</strong></span> <span class='ocrx_word' id='word_1_245' title='bbox 2446 831 2696 913; x_wconf 87' lang='lat' dir='ltr'><strong>angeli-</strong></span> 
     </span>
     <span class='ocr_line' id='line_1_56' title="bbox 1485 915 2696 998; baseline 0.007 -22"><span class='ocrx_word' id='word_1_246' title='bbox 1485 915 1580 977; x_wconf 90' lang='lat' dir='ltr'><strong>cis</strong></span> <span class='ocrx_word' id='word_1_247' title='bbox 1632 917 1938 978; x_wconf 88' lang='lat' dir='ltr'><strong>manibus</strong></span> <span class='ocrx_word' id='word_1_248' title='bbox 2001 927 2444 998; x_wconf 86' lang='lat' dir='ltr'><strong>preparatum.</strong></span> <span class='ocrx_word' id='word_1_249' title='bbox 2557 921 2696 984; x_wconf 91' lang='lat' dir='ltr'><strong>Iter</strong></span> 
     </span>
     <span class='ocr_line' id='line_1_57' title="bbox 1484 1003 2694 1085; baseline 0.006 -21"><span class='ocrx_word' id='word_1_250' title='bbox 1484 1003 1768 1084; x_wconf 91' lang='lat' dir='ltr'><strong>prebens</strong></span> <span class='ocrx_word' id='word_1_251' title='bbox 1789 1004 2037 1085; x_wconf 92' lang='lat' dir='ltr'><strong>populo</strong></span> <span class='ocrx_word' id='word_1_252' title='bbox 2061 1012 2263 1068; x_wconf 90' lang='lat' dir='ltr'><strong>terre:</strong></span> <span class='ocrx_word' id='word_1_253' title='bbox 2291 1015 2364 1070; x_wconf 92' lang='lat' dir='ltr'><strong>ut</strong></span> <span class='ocrx_word' id='word_1_254' title='bbox 2388 1019 2694 1071; x_wconf 88' lang='lat' dir='ltr'><strong>enarrent</strong></span> 
     </span>
     <span class='ocr_line' id='line_1_58' title="bbox 1486 1091 2693 1174; baseline 0.007 -23"><span class='ocrx_word' id='word_1_255' title='bbox 1486 1091 1812 1154; x_wconf 88' lang='lat' dir='ltr'><strong>mirabilia</strong></span> <span class='ocrx_word' id='word_1_256' title='bbox 1837 1102 1967 1154; x_wconf 87' lang='lat' dir='ltr'><strong>tua.</strong></span> <span class='ocrx_word' id='word_1_257' title='bbox 2049 1109 2092 1174; x_wconf 66' lang='grc' dir='ltr'><strong><em>γ</em></strong></span> <span class='ocrx_word' id='word_1_258' title='bbox 2129 1093 2282 1156; x_wconf 92' lang='lat' dir='ltr'><strong>Hoc</strong></span> <span class='ocrx_word' id='word_1_259' title='bbox 2305 1095 2574 1158; x_wconf 90' lang='lat' dir='ltr'><strong>domine</strong></span> <span class='ocrx_word' id='word_1_260' title='bbox 2606 1097 2693 1160; x_wconf 89' lang='lat' dir='ltr'><strong>ad</strong></span> 
     </span>
     <span class='ocr_line' id='line_1_59' title="bbox 1484 1177 2692 1260; baseline 0.007 -20"><span class='ocrx_word' id='word_1_261' title='bbox 1484 1177 1750 1241; x_wconf 88' lang='lat' dir='ltr'><strong>laudem</strong></span> <span class='ocrx_word' id='word_1_262' title='bbox 1801 1188 1868 1242; x_wconf 92' lang='lat' dir='ltr'><strong>et</strong></span> <span class='ocrx_word' id='word_1_263' title='bbox 1913 1178 2190 1260; x_wconf 83' lang='lat' dir='ltr'><strong>gloriam</strong></span> <span class='ocrx_word' id='word_1_264' title='bbox 2253 1184 2540 1246; x_wconf 90' lang='lat' dir='ltr'><strong>nominis</strong></span> <span class='ocrx_word' id='word_1_265' title='bbox 2593 1186 2692 1248; x_wconf 91' lang='lat' dir='ltr'><strong>tui</strong></span> 
     </span>
     <span class='ocr_line' id='line_1_60' title="bbox 1484 1264 2693 1354; baseline 0.007 -26"><span class='ocrx_word' id='word_1_266' title='bbox 1484 1264 1624 1328; x_wconf 88' lang='lat' dir='ltr'><strong>fieri</strong></span> <span class='ocrx_word' id='word_1_267' title='bbox 1647 1266 1930 1329; x_wconf 89' lang='lat' dir='ltr'><strong>voluisti.</strong></span> <span class='ocrx_word' id='word_1_268' title='bbox 1981 1267 2118 1330; x_wconf 89' lang='lat' dir='ltr'><strong>Iter</strong></span> <span class='ocrx_word' id='word_1_269' title='bbox 2141 1269 2439 1348; x_wconf 79' lang='lat' dir='ltr'><strong>prebens,</strong></span> <span class='ocrx_word' id='word_1_270' title='bbox 2503 1271 2580 1334; x_wconf 89' lang='lat' dir='ltr'><strong>L.</strong></span> <span class='ocrx_word' id='word_1_271' title='bbox 2608 1274 2693 1354; x_wconf 71' lang='lat'><strong>237⁶.</strong></span> 
     </span>
     <span class='ocr_line' id='line_1_61' title="bbox 1483 1353 2688 1484; baseline 0.009 -72"><span class='ocrx_word' id='word_1_272' title='bbox 1483 1355 1590 1484; x_wconf 81' lang='lat' dir='ltr'><em>I</em></span> <span class='ocrx_word' id='word_1_273' title='bbox 1595 1353 1772 1434; x_wconf 89' lang='lat' dir='ltr'><strong>gitur</strong></span> <span class='ocrx_word' id='word_1_274' title='bbox 1831 1354 2054 1418; x_wconf 89' lang='lat' dir='ltr'><strong>divina</strong></span> <span class='ocrx_word' id='word_1_275' title='bbox 2108 1357 2565 1436; x_wconf 84' lang='lat' dir='ltr'><strong>providentia:</strong></span> <span class='ocrx_word' id='word_1_276' title='bbox 2615 1371 2688 1423; x_wconf 89' lang='lat' dir='ltr'><strong>ut</strong></span> 
     </span>
    </p>

    <p class='ocr_par' dir='ltr' id='par_1_11' title="bbox 1470 1442 2690 3546">
     <span class='ocr_line' id='line_1_62' title="bbox 1595 1442 2690 1528; baseline 0.007 -26"><span class='ocrx_word' id='word_1_277' title='bbox 1595 1461 1795 1522; x_wconf 90' lang='lat' dir='ltr'><strong>supra</strong></span> <span class='ocrx_word' id='word_1_278' title='bbox 1824 1442 2076 1505; x_wconf 90' lang='lat' dir='ltr'><strong>dictum</strong></span> <span class='ocrx_word' id='word_1_279' title='bbox 2109 1452 2210 1506; x_wconf 91' lang='lat' dir='ltr'><strong>est</strong></span> <span class='ocrx_word' id='word_1_280' title='bbox 2239 1464 2254 1507; x_wconf 80' lang='lat' dir='ltr'><strong>t</strong></span> <span class='ocrx_word' id='word_1_281' title='bbox 2303 1445 2554 1528; x_wconf 92' lang='lat' dir='ltr'><strong>populo</strong></span> <span class='ocrx_word' id='word_1_282' title='bbox 2587 1457 2690 1510; x_wconf 86' lang='lat' dir='ltr'><strong>est</strong></span> 
     </span>
     <span class='ocr_line' id='line_1_63' title="bbox 1486 1529 2689 1615; baseline 0.007 -25"><span class='ocrx_word' id='word_1_283' title='bbox 1486 1529 1848 1592; x_wconf 88' lang='lat' dir='ltr'><strong>revelatum</strong></span> <span class='ocrx_word' id='word_1_284' title='bbox 1909 1549 1994 1592; x_wconf 92' lang='lat' dir='ltr'><strong>ne</strong></span> <span class='ocrx_word' id='word_1_285' title='bbox 2064 1530 2376 1595; x_wconf 89' lang='lat' dir='ltr'><strong>tollerent</strong></span> <span class='ocrx_word' id='word_1_286' title='bbox 2447 1553 2689 1615; x_wconf 88' lang='lat' dir='ltr'><strong>corpus</strong></span> 
     </span>
     <span class='ocr_line' id='line_1_64' title="bbox 1485 1617 2687 1687; baseline 0.007 -10"><span class='ocrx_word' id='word_1_287' title='bbox 1485 1618 1694 1680; x_wconf 91' lang='lat' dir='ltr'><strong>sancti</strong></span> <span class='ocrx_word' id='word_1_288' title='bbox 1727 1617 2110 1682; x_wconf 79' lang='lat' dir='ltr'><strong>clementis:</strong></span> <span class='ocrx_word' id='word_1_289' title='bbox 2159 1629 2228 1682; x_wconf 94' lang='lat' dir='ltr'><strong>et</strong></span> <span class='ocrx_word' id='word_1_290' title='bbox 2269 1620 2511 1684; x_wconf 91' lang='lat' dir='ltr'><strong>dicitur</strong></span> <span class='ocrx_word' id='word_1_291' title='bbox 2540 1622 2634 1684; x_wconf 90' lang='lat' dir='ltr'><strong>eis</strong></span> <span class='ocrx_word' id='word_1_292' title='bbox 2673 1645 2687 1687; x_wconf 92' lang='lat'><strong>:</strong></span> 
     </span>
     <span class='ocr_line' id='line_1_65' title="bbox 1484 1705 2686 1787; baseline 0.007 -21"><span class='ocrx_word' id='word_1_293' title='bbox 1484 1705 1666 1785; x_wconf 93' lang='lat' dir='ltr'><strong>quod</strong></span> <span class='ocrx_word' id='word_1_294' title='bbox 1699 1705 1841 1786; x_wconf 91' lang='lat' dir='ltr'><strong>ipse</strong></span> <span class='ocrx_word' id='word_1_295' title='bbox 1870 1707 2131 1787; x_wconf 90' lang='lat' dir='ltr'><strong>petierit</strong></span> <span class='ocrx_word' id='word_1_296' title='bbox 2162 1706 2513 1771; x_wconf 90' lang='lat' dir='ltr'><strong>dominum</strong></span> <span class='ocrx_word' id='word_1_297' title='bbox 2549 1730 2564 1772; x_wconf 73' lang='grc' dir='ltr'>ε</span> <span class='ocrx_word' id='word_1_298' title='bbox 2612 1720 2686 1774; x_wconf 91' lang='lat' dir='ltr'><strong>ut</strong></span> 
     </span>
     <span class='ocr_line' id='line_1_66' title="bbox 1483 1792 2684 1879; baseline 0.007 -25"><span class='ocrx_word' id='word_1_299' title='bbox 1483 1792 1758 1873; x_wconf 88' lang='lat' dir='ltr'><strong>singulis</strong></span> <span class='ocrx_word' id='word_1_300' title='bbox 1791 1794 1981 1856; x_wconf 88' lang='lat' dir='ltr'><strong>annis</strong></span> <span class='ocrx_word' id='word_1_301' title='bbox 2011 1794 2120 1857; x_wconf 90' lang='lat' dir='ltr'><strong>die</strong></span> <span class='ocrx_word' id='word_1_302' title='bbox 2151 1796 2476 1876; x_wconf 88' lang='lat' dir='ltr'><strong>passionis</strong></span> <span class='ocrx_word' id='word_1_303' title='bbox 2508 1796 2684 1879; x_wconf 92' lang='lat' dir='ltr'><strong>ejus:</strong></span> 
     </span>
     <span class='ocr_line' id='line_1_67' title="bbox 1483 1880 2686 1961; baseline 0.006 -19"><span class='ocrx_word' id='word_1_304' title='bbox 1483 1888 1551 1943; x_wconf 89' lang='lat' dir='ltr'><strong>et</strong></span> <span class='ocrx_word' id='word_1_305' title='bbox 1583 1889 1841 1961; x_wconf 91' lang='lat' dir='ltr'><strong>septem</strong></span> <span class='ocrx_word' id='word_1_306' title='bbox 1873 1880 2106 1944; x_wconf 91' lang='lat' dir='ltr'><strong>diebus</strong></span> <span class='ocrx_word' id='word_1_307' title='bbox 2144 1883 2472 1947; x_wconf 85' lang='lat' dir='ltr'><strong>continuis</strong></span> <span class='ocrx_word' id='word_1_308' title='bbox 2502 1905 2516 1948; x_wconf 75' lang='grc' dir='ltr'><strong><em>ε</em></strong></span> <span class='ocrx_word' id='word_1_309' title='bbox 2564 1888 2686 1950; x_wconf 92' lang='lat' dir='ltr'><strong>sic-</strong></span> 
     </span>
     <span class='ocr_line' id='line_1_68' title="bbox 1485 1969 2684 2052; baseline 0.005 -21"><span class='ocrx_word' id='word_1_310' title='bbox 1485 1988 1634 2031; x_wconf 88' lang='lat' dir='ltr'><strong>cum</strong></span> <span class='ocrx_word' id='word_1_311' title='bbox 1685 1989 1866 2031; x_wconf 90' lang='lat' dir='ltr'><strong>mare</strong></span> <span class='ocrx_word' id='word_1_312' title='bbox 1913 1969 2186 2052; x_wconf 91' lang='lat' dir='ltr'><strong>prebeat</strong></span> <span class='ocrx_word' id='word_1_313' title='bbox 2218 1971 2380 2036; x_wconf 85' lang='lat' dir='ltr'><strong>iter:</strong></span> <span class='ocrx_word' id='word_1_314' title='bbox 2427 1973 2512 2035; x_wconf 87' lang='lat' dir='ltr'><strong>ad</strong></span> <span class='ocrx_word' id='word_1_315' title='bbox 2546 1973 2684 2037; x_wconf 85' lang='lat' dir='ltr'><strong>lau-</strong></span> 
     </span>
     <span class='ocr_line' id='line_1_69' title="bbox 1482 2057 2679 2140; baseline 0.007 -22"><span class='ocrx_word' id='word_1_316' title='bbox 1482 2057 1638 2119; x_wconf 91' lang='lat' dir='ltr'><strong>dem</strong></span> <span class='ocrx_word' id='word_1_317' title='bbox 1671 2057 1924 2120; x_wconf 91' lang='lat' dir='ltr'><strong>domini</strong></span> <span class='ocrx_word' id='word_1_318' title='bbox 1959 2059 2162 2121; x_wconf 92' lang='lat' dir='ltr'><strong>nostri</strong></span> <span class='ocrx_word' id='word_1_319' title='bbox 2195 2059 2354 2140; x_wconf 92' lang='lat' dir='ltr'><strong>Jesu</strong></span> <span class='ocrx_word' id='word_1_320' title='bbox 2391 2059 2632 2124; x_wconf 88' lang='lat' dir='ltr'><strong>Christi</strong></span> <span class='ocrx_word' id='word_1_321' title='bbox 2663 2084 2679 2126; x_wconf 91' lang='lat'><strong>:</strong></span> 
     </span>
     <span class='ocr_line' id='line_1_70' title="bbox 1483 2145 2681 2227; baseline 0.007 -22"><span class='ocrx_word' id='word_1_322' title='bbox 1483 2145 1598 2226; x_wconf 90' lang='lat' dir='ltr'><strong>qui</strong></span> <span class='ocrx_word' id='word_1_323' title='bbox 1629 2165 1750 2207; x_wconf 90' lang='lat' dir='ltr'><strong>suo</strong></span> <span class='ocrx_word' id='word_1_324' title='bbox 1796 2147 2071 2227; x_wconf 89' lang='lat' dir='ltr'><strong>martyri</strong></span> <span class='ocrx_word' id='word_1_325' title='bbox 2119 2146 2296 2212; x_wconf 91' lang='lat' dir='ltr'><strong>hunc</strong></span> <span class='ocrx_word' id='word_1_326' title='bbox 2348 2148 2681 2213; x_wconf 90' lang='lat' dir='ltr'><strong>tumulum</strong></span> 
     </span>
     <span class='ocr_line' id='line_1_71' title="bbox 1482 2233 2680 2314; baseline 0.006 -20"><span class='ocrx_word' id='word_1_327' title='bbox 1482 2233 1874 2314; x_wconf 85' lang='lat' dir='ltr'><strong>preparavit.</strong></span> <span class='ocrx_word' id='word_1_328' title='bbox 1971 2236 2249 2298; x_wconf 89' lang='lat' dir='ltr'><strong>Factum</strong></span> <span class='ocrx_word' id='word_1_329' title='bbox 2303 2245 2405 2300; x_wconf 92' lang='lat' dir='ltr'><strong>est</strong></span> <span class='ocrx_word' id='word_1_330' title='bbox 2453 2247 2680 2301; x_wconf 83' lang='lat' dir='ltr'><strong>autem</strong></span> 
     </span>
     <span class='ocr_line' id='line_1_72' title="bbox 1482 2321 2679 2406; baseline 0.006 -24"><span class='ocrx_word' id='word_1_331' title='bbox 1482 2321 1550 2383; x_wconf 91' lang='lat' dir='ltr'><strong>in</strong></span> <span class='ocrx_word' id='word_1_332' title='bbox 1576 2340 1708 2384; x_wconf 89' lang='lat' dir='ltr'><strong>una</strong></span> <span class='ocrx_word' id='word_1_333' title='bbox 1731 2322 1840 2384; x_wconf 94' lang='lat' dir='ltr'><strong>die</strong></span> <span class='ocrx_word' id='word_1_334' title='bbox 1859 2321 2365 2388; x_wconf 90' lang='lat' dir='ltr'><strong>solennitatum:</strong></span> <span class='ocrx_word' id='word_1_335' title='bbox 2391 2328 2679 2406; x_wconf 89' lang='lat' dir='ltr'><strong>quedam</strong></span> 
     </span>
     <span class='ocr_line' id='line_1_73' title="bbox 1482 2407 2678 2478; baseline 0.007 -8"><span class='ocrx_word' id='word_1_336' title='bbox 1482 2408 1718 2472; x_wconf 90' lang='lat' dir='ltr'><strong>mulier</strong></span> <span class='ocrx_word' id='word_1_337' title='bbox 1747 2407 1956 2472; x_wconf 88' lang='lat' dir='ltr'><strong>filium</strong></span> <span class='ocrx_word' id='word_1_338' title='bbox 2003 2432 2196 2474; x_wconf 88' lang='lat' dir='ltr'><strong>suum</strong></span> <span class='ocrx_word' id='word_1_339' title='bbox 2247 2412 2314 2474; x_wconf 93' lang='lat' dir='ltr'><strong>in</strong></span> <span class='ocrx_word' id='word_1_340' title='bbox 2368 2412 2481 2476; x_wconf 94' lang='lat' dir='ltr'><strong>illo</strong></span> <span class='ocrx_word' id='word_1_341' title='bbox 2531 2413 2678 2478; x_wconf 93' lang='lat' dir='ltr'><strong>loco</strong></span> 
     </span>
     <span class='ocr_line' id='line_1_74' title="bbox 1480 2495 2679 2566; baseline 0.007 -8"><span class='ocrx_word' id='word_1_342' title='bbox 1480 2495 1688 2560; x_wconf 89' lang='lat' dir='ltr'><strong>oblita</strong></span> <span class='ocrx_word' id='word_1_343' title='bbox 1719 2506 1821 2560; x_wconf 92' lang='lat' dir='ltr'><strong>est</strong></span> <span class='ocrx_word' id='word_1_344' title='bbox 1851 2498 2309 2563; x_wconf 90' lang='lat' dir='ltr'><strong>dormientem.</strong></span> <span class='ocrx_word' id='word_1_345' title='bbox 2405 2500 2496 2564; x_wconf 88' lang='lat' dir='ltr'><strong>Et</strong></span> <span class='ocrx_word' id='word_1_346' title='bbox 2525 2522 2679 2566; x_wconf 91' lang='lat' dir='ltr'><strong>cum</strong></span> 
     </span>
     <span class='ocr_line' id='line_1_75' title="bbox 1479 2583 2683 2668; baseline 0.005 -21"><span class='ocrx_word' id='word_1_347' title='bbox 1479 2585 1562 2647; x_wconf 92' lang='lat' dir='ltr'><strong>ad</strong></span> <span class='ocrx_word' id='word_1_348' title='bbox 1600 2583 1784 2646; x_wconf 89' lang='lat' dir='ltr'><strong>littus</strong></span> <span class='ocrx_word' id='word_1_349' title='bbox 1817 2587 2111 2666; x_wconf 84' lang='lat' dir='ltr'><strong>perrexit</strong></span> <span class='ocrx_word' id='word_1_350' title='bbox 2164 2595 2318 2668; x_wconf 92' lang='lat' dir='ltr'><strong>post</strong></span> <span class='ocrx_word' id='word_1_351' title='bbox 2371 2598 2522 2652; x_wconf 86' lang='lat' dir='ltr'><strong>acta</strong></span> <span class='ocrx_word' id='word_1_352' title='bbox 2574 2611 2683 2652; x_wconf 86' lang='lat' dir='ltr'><strong>so-</strong></span> 
     </span>
     <span class='ocr_line' id='line_1_76' title="bbox 1479 2671 2682 2759; baseline 0.007 -27"><span class='ocrx_word' id='word_1_353' title='bbox 1479 2671 1748 2736; x_wconf 90' lang='lat' dir='ltr'><strong>lennia:</strong></span> <span class='ocrx_word' id='word_1_354' title='bbox 1814 2672 2022 2735; x_wconf 88' lang='lat' dir='ltr'><strong>filiurn</strong></span> <span class='ocrx_word' id='word_1_355' title='bbox 2085 2693 2277 2737; x_wconf 91' lang='lat' dir='ltr'><strong>suum</strong></span> <span class='ocrx_word' id='word_1_356' title='bbox 2339 2676 2682 2759; x_wconf 86' lang='lat' dir='ltr'><strong>reliquisse</strong></span> 
     </span>
     <span class='ocr_line' id='line_1_77' title="bbox 1480 2760 2678 2842; baseline 0.006 -21"><span class='ocrx_word' id='word_1_357' title='bbox 1480 2760 1800 2822; x_wconf 90' lang='lat' dir='ltr'><strong>meminit.</strong></span> <span class='ocrx_word' id='word_1_358' title='bbox 1851 2760 1976 2822; x_wconf 91' lang='lat' dir='ltr'><strong>Illa</strong></span> <span class='ocrx_word' id='word_1_359' title='bbox 1999 2781 2155 2824; x_wconf 92' lang='lat' dir='ltr'><strong>vero</strong></span> <span class='ocrx_word' id='word_1_360' title='bbox 2187 2781 2306 2842; x_wconf 91' lang='lat' dir='ltr'><strong>per</strong></span> <span class='ocrx_word' id='word_1_361' title='bbox 2333 2763 2678 2828; x_wconf 87' lang='lat' dir='ltr'><strong>circuitum</strong></span> 
     </span>
     <span class='ocr_line' id='line_1_78' title="bbox 1478 2848 2679 2929; baseline 0.004 -20"><span class='ocrx_word' id='word_1_362' title='bbox 1478 2848 1768 2929; x_wconf 90' lang='lat' dir='ltr'><strong>riparum</strong></span> <span class='ocrx_word' id='word_1_363' title='bbox 1801 2848 2208 2912; x_wconf 88' lang='lat' dir='ltr'><strong>discurrebat</strong></span> <span class='ocrx_word' id='word_1_364' title='bbox 2240 2849 2511 2912; x_wconf 90' lang='lat' dir='ltr'><strong>credens</strong></span> <span class='ocrx_word' id='word_1_365' title='bbox 2555 2851 2679 2914; x_wconf 89' lang='lat' dir='ltr'><strong>fili-</strong></span> 
     </span>
     <span class='ocr_line' id='line_1_79' title="bbox 1480 2935 2678 3017; baseline 0.005 -19"><span class='ocrx_word' id='word_1_366' title='bbox 1480 2958 1519 2998; x_wconf 92' lang='lat' dir='ltr'><strong>u</strong></span> <span class='ocrx_word' id='word_1_367' title='bbox 1550 2959 1592 3000; x_wconf 84' lang='lat' dir='ltr'><strong>n</strong></span> <span class='ocrx_word' id='word_1_368' title='bbox 1655 2955 1848 2998; x_wconf 91' lang='lat' dir='ltr'><strong>suum</strong></span> <span class='ocrx_word' id='word_1_369' title='bbox 1912 2936 2114 2998; x_wconf 90' lang='lat' dir='ltr'><strong>littori</strong></span> <span class='ocrx_word' id='word_1_370' title='bbox 2169 2935 2454 3017; x_wconf 86' lang='lat' dir='ltr'><strong>ejectum</strong></span> <span class='ocrx_word' id='word_1_371' title='bbox 2515 2959 2678 3004; x_wconf 90' lang='lat' dir='ltr'><strong>esse.</strong></span> 
     </span>
     <span class='ocr_line' id='line_1_80' title="bbox 1477 3023 2676 3092; baseline 0.006 -7"><span class='ocrx_word' id='word_1_372' title='bbox 1477 3025 1595 3087; x_wconf 90' lang='lat' dir='ltr'><strong>sed</strong></span> <span class='ocrx_word' id='word_1_373' title='bbox 1688 3023 1850 3086; x_wconf 90' lang='lat' dir='ltr'><strong>nihil</strong></span> <span class='ocrx_word' id='word_1_374' title='bbox 1940 3024 2279 3086; x_wconf 91' lang='lat' dir='ltr'><strong>inveniens</strong></span> <span class='ocrx_word' id='word_1_375' title='bbox 2377 3026 2597 3090; x_wconf 92' lang='lat' dir='ltr'><strong>indicii</strong></span> <span class='ocrx_word' id='word_1_376' title='bbox 2663 3050 2676 3092; x_wconf 91' lang='lat'>:</span> 
     </span>
     <span class='ocr_line' id='line_1_81' title="bbox 1476 3111 2676 3193; baseline 0.004 -18"><span class='ocrx_word' id='word_1_377' title='bbox 1476 3113 1561 3175; x_wconf 92' lang='lat' dir='ltr'><strong>ad</strong></span> <span class='ocrx_word' id='word_1_378' title='bbox 1614 3112 1880 3193; x_wconf 88' lang='lat' dir='ltr'><strong>propria</strong></span> <span class='ocrx_word' id='word_1_379' title='bbox 1928 3131 2078 3174; x_wconf 88' lang='lat' dir='ltr'><strong>cum</strong></span> <span class='ocrx_word' id='word_1_380' title='bbox 2134 3111 2293 3175; x_wconf 90' lang='lat' dir='ltr'><strong>fletu</strong></span> <span class='ocrx_word' id='word_1_381' title='bbox 2342 3117 2676 3192; x_wconf 68' lang='lat' dir='ltr'><strong>remeavit.</strong></span> 
     </span>
     <span class='ocr_line' id='line_1_82' title="bbox 1475 3199 2676 3281; baseline 0.004 -19"><span class='ocrx_word' id='word_1_382' title='bbox 1475 3200 1588 3263; x_wconf 81' lang='lat' dir='ltr'><strong>Re.</strong></span> <span class='ocrx_word' id='word_1_383' title='bbox 1639 3199 1759 3263; x_wconf 91' lang='lat' dir='ltr'><strong>Vir</strong></span> <span class='ocrx_word' id='word_1_384' title='bbox 1787 3199 2066 3263; x_wconf 77' lang='lat' dir='ltr'><strong>inclitus,</strong></span> <span class='ocrx_word' id='word_1_385' title='bbox 2113 3200 2198 3262; x_wconf 86' lang='lat' dir='ltr'><strong>In</strong></span> <span class='ocrx_word' id='word_1_386' title='bbox 2231 3199 2324 3281; x_wconf 63' lang='grc' dir='ltr'><strong>ἰῇ.</strong></span> <span class='ocrx_word' id='word_1_387' title='bbox 2358 3213 2676 3268; x_wconf 80' lang='lat' dir='ltr'><strong>nocturno,</strong></span> 
     </span>
     <span class='ocr_line' id='line_1_83' title="bbox 1476 3287 2676 3374; baseline 0.004 -25"><span class='ocrx_word' id='word_1_388' title='bbox 1476 3305 1521 3374; x_wconf 69' lang='grc' dir='ltr'><strong><em>γ</em></strong></span> <span class='ocrx_word' id='word_1_389' title='bbox 1572 3289 1827 3368; x_wconf 84' lang='lat' dir='ltr'><strong>Magna</strong></span> <span class='ocrx_word' id='word_1_390' title='bbox 1873 3297 1974 3350; x_wconf 92' lang='lat' dir='ltr'><strong>est</strong></span> <span class='ocrx_word' id='word_1_391' title='bbox 2018 3287 2246 3369; x_wconf 88' lang='lat' dir='ltr'><strong>gloria.</strong></span> <span class='ocrx_word' id='word_1_392' title='bbox 2335 3290 2676 3374; x_wconf 69' lang='lat' dir='ltr'><strong>Eapositio</strong></span> 
     </span>
     <span class='ocr_line' id='line_1_84' title="bbox 1476 3375 2673 3457; baseline 0.002 -17"><span class='ocrx_word' id='word_1_393' title='bbox 1476 3375 1664 3440; x_wconf 91' lang='lat' dir='ltr'><strong>Nihil</strong></span> <span class='ocrx_word' id='word_1_394' title='bbox 1727 3384 2050 3457; x_wconf 90' lang='lat' dir='ltr'><strong>opertum.</strong></span> <span class='ocrx_word' id='word_1_395' title='bbox 2170 3376 2425 3440; x_wconf 84' lang='lat' dir='ltr'><strong>Omelia</strong></span> <span class='ocrx_word' id='word_1_396' title='bbox 2471 3388 2546 3441; x_wconf 86' lang='lat' dir='ltr'><strong>ut</strong></span> <span class='ocrx_word' id='word_1_397' title='bbox 2603 3380 2673 3442; x_wconf 84' lang='lat' dir='ltr'><strong>in</strong></span> 
     </span>
     <span class='ocr_line' id='line_1_85' title="bbox 1470 3463 2670 3546; baseline 0.006 -21"><span class='ocrx_word' id='word_1_398' title='bbox 1470 3464 1808 3526; x_wconf 80' lang='lat' dir='ltr'><strong>communi.</strong></span> <span class='ocrx_word' id='word_1_399' title='bbox 1858 3464 1972 3526; x_wconf 78' lang='lat' dir='ltr'><strong>Re.</strong></span> <span class='ocrx_word' id='word_1_400' title='bbox 2011 3463 2206 3528; x_wconf 88' lang='lat' dir='ltr'><strong>Stola</strong></span> <span class='ocrx_word' id='word_1_401' title='bbox 2219 3465 2670 3546; x_wconf 80' lang='lat' dir='ltr'><strong>jocunditatis,</strong></span> 
     </span>
    </p>

    <p class='ocr_par' dir='ltr' id='par_1_12' title="bbox 1621 3553 2674 3620">
     <span class='ocr_line' id='line_1_86' title="bbox 1621 3553 2674 3620; baseline 0.005 -6"><span class='ocrx_word' id='word_1_402' title='bbox 1621 3562 1928 3616; x_wconf 90' lang='lat' dir='ltr'><strong>everente</strong></span> <span class='ocrx_word' id='word_1_403' title='bbox 1955 3553 1970 3590; x_wconf 92' lang='lat'><strong>¹</strong></span> <span class='ocrx_word' id='word_1_404' title='bbox 2003 3562 2232 3616; x_wconf 85' lang='lat' dir='ltr'><strong>autem</strong></span> <span class='ocrx_word' id='word_1_405' title='bbox 2257 3554 2674 3620; x_wconf 85' lang='lat' dir='ltr'><strong>solennitatis</strong></span> 
     </span>
    </p>

    <p class='ocr_par' dir='ltr' id='par_1_13' title="bbox 1467 3639 2678 4323">
     <span class='ocr_line' id='line_1_87' title="bbox 1621 3639 2678 3708; baseline 0.006 -6"><span class='ocrx_word' id='word_1_406' title='bbox 1621 3640 1729 3703; x_wconf 90' lang='lat' dir='ltr'><strong>die</strong></span> <span class='ocrx_word' id='word_1_407' title='bbox 1791 3639 1968 3704; x_wconf 92' lang='lat' dir='ltr'><strong>beati</strong></span> <span class='ocrx_word' id='word_1_408' title='bbox 2034 3641 2378 3705; x_wconf 89' lang='lat' dir='ltr'><strong>clementis</strong></span> <span class='ocrx_word' id='word_1_409' title='bbox 2443 3645 2678 3708; x_wconf 90' lang='lat' dir='ltr'><strong>mulier</strong></span> 
     </span>
     <span class='ocr_line' id='line_1_88' title="bbox 1472 3727 2676 3814; baseline 0.007 -25"><span class='ocrx_word' id='word_1_410' title='bbox 1472 3727 1586 3791; x_wconf 90' lang='lat' dir='ltr'><strong>illa</strong></span> <span class='ocrx_word' id='word_1_411' title='bbox 1647 3728 1992 3791; x_wconf 71' lang='lat' dir='ltr'><strong>‘recedenti</strong></span> <span class='ocrx_word' id='word_1_412' title='bbox 2025 3730 2050 3765; x_wconf 76' lang='lat'>²</span> <span class='ocrx_word' id='word_1_413' title='bbox 2114 3731 2278 3792; x_wconf 89' lang='lat' dir='ltr'><strong>mari</strong></span> <span class='ocrx_word' id='word_1_414' title='bbox 2355 3733 2676 3814; x_wconf 88' lang='lat' dir='ltr'><strong>anticipat</strong></span> 
     </span>
     <span class='ocr_line' id='line_1_89' title="bbox 1471 3817 2676 3903; baseline 0.005 -26"><span class='ocrx_word' id='word_1_415' title='bbox 1471 3835 1703 3878; x_wconf 91' lang='lat' dir='ltr'><strong>omnes</strong></span> <span class='ocrx_word' id='word_1_416' title='bbox 1735 3817 1819 3879; x_wconf 89' lang='lat' dir='ltr'><strong>ad</strong></span> <span class='ocrx_word' id='word_1_417' title='bbox 1854 3817 2358 3898; x_wconf 87' lang='lat' dir='ltr'><strong>ingrediendum</strong></span> <span class='ocrx_word' id='word_1_418' title='bbox 2387 3841 2400 3881; x_wconf 93' lang='lat'>:</span> <span class='ocrx_word' id='word_1_419' title='bbox 2432 3829 2499 3882; x_wconf 93' lang='lat' dir='ltr'><strong>et</strong></span> <span class='ocrx_word' id='word_1_420' title='bbox 2531 3821 2676 3903; x_wconf 88' lang='lat' dir='ltr'><strong>ipsa</strong></span> 
     </span>
     <span class='ocr_line' id='line_1_90' title="bbox 1471 3903 2670 3986; baseline 0.004 -20"><span class='ocrx_word' id='word_1_421' title='bbox 1471 3903 1766 3986; x_wconf 90' lang='lat' dir='ltr'><strong>precedit</strong></span> <span class='ocrx_word' id='word_1_422' title='bbox 1809 3905 1894 3966; x_wconf 91' lang='lat' dir='ltr'><strong>ad</strong></span> <span class='ocrx_word' id='word_1_423' title='bbox 1929 3905 2259 3967; x_wconf 88' lang='lat' dir='ltr'><strong>tumulum</strong></span> <span class='ocrx_word' id='word_1_424' title='bbox 2294 3908 2546 3986; x_wconf 90' lang='lat' dir='ltr'><strong>prima:</strong></span> <span class='ocrx_word' id='word_1_425' title='bbox 2601 3919 2670 3971; x_wconf 89' lang='lat' dir='ltr'><strong>et</strong></span> 
     </span>
     <span class='ocr_line' id='line_1_91' title="bbox 1471 3991 2673 4058; baseline 0.002 -4"><span class='ocrx_word' id='word_1_426' title='bbox 1471 3992 1722 4055; x_wconf 89' lang='lat' dir='ltr'><strong>invenit</strong></span> <span class='ocrx_word' id='word_1_427' title='bbox 1776 3991 1984 4054; x_wconf 89' lang='lat' dir='ltr'><strong>filium</strong></span> <span class='ocrx_word' id='word_1_428' title='bbox 2035 4012 2228 4054; x_wconf 89' lang='lat' dir='ltr'><strong>suum</strong></span> <span class='ocrx_word' id='word_1_429' title='bbox 2276 3994 2342 4054; x_wconf 90' lang='lat' dir='ltr'><strong>in</strong></span> <span class='ocrx_word' id='word_1_430' title='bbox 2399 4014 2480 4055; x_wconf 93' lang='lat' dir='ltr'><strong>eo</strong></span> <span class='ocrx_word' id='word_1_431' title='bbox 2526 3994 2673 4058; x_wconf 91' lang='lat' dir='ltr'><strong>loco</strong></span> 
     </span>
     <span class='ocr_line' id='line_1_92' title="bbox 1470 4078 2674 4163; baseline 0.002 -20"><span class='ocrx_word' id='word_1_432' title='bbox 1470 4080 1582 4143; x_wconf 92' lang='lat' dir='ltr'><strong>ubi</strong></span> <span class='ocrx_word' id='word_1_433' title='bbox 1616 4098 1768 4141; x_wconf 89' lang='lat' dir='ltr'><strong>eum</strong></span> <span class='ocrx_word' id='word_1_434' title='bbox 1822 4078 2262 4142; x_wconf 90' lang='lat' dir='ltr'><strong>dormientem</strong></span> <span class='ocrx_word' id='word_1_435' title='bbox 2319 4081 2674 4163; x_wconf 82' lang='lat' dir='ltr'><strong>reliquerat</strong></span> 
     </span>
     <span class='ocr_line' id='line_1_93' title="bbox 1469 4165 2675 4248; baseline 0 -18"><span class='ocrx_word' id='word_1_436' title='bbox 1469 4168 1536 4231; x_wconf 88' lang='lat' dir='ltr'><strong>in</strong></span> <span class='ocrx_word' id='word_1_437' title='bbox 1571 4167 1716 4248; x_wconf 91' lang='lat' dir='ltr'><strong>ipso</strong></span> <span class='ocrx_word' id='word_1_438' title='bbox 1748 4165 1833 4229; x_wconf 88' lang='lat' dir='ltr'><strong>ad</strong></span> <span class='ocrx_word' id='word_1_439' title='bbox 1866 4165 2040 4230; x_wconf 90' lang='lat' dir='ltr'><strong>hunc</strong></span> <span class='ocrx_word' id='word_1_440' title='bbox 2065 4186 2370 4248; x_wconf 88' lang='lat' dir='ltr'><strong>soporem</strong></span> <span class='ocrx_word' id='word_1_441' title='bbox 2391 4169 2416 4204; x_wconf 87' lang='lat'><strong>³</strong></span> <span class='ocrx_word' id='word_1_442' title='bbox 2447 4169 2675 4232; x_wconf 87' lang='lat' dir='ltr'><strong>deten-</strong></span> 
     </span>
     <span class='ocr_line' id='line_1_94' title="bbox 1467 4253 2674 4323; baseline 0.004 -5"><span class='ocrx_word' id='word_1_443' title='bbox 1467 4265 1630 4320; x_wconf 89' lang='lat' dir='ltr'><strong>tum.</strong></span> <span class='ocrx_word' id='word_1_444' title='bbox 1683 4254 1808 4318; x_wconf 88' lang='lat' dir='ltr'><strong>Illa</strong></span> <span class='ocrx_word' id='word_1_445' title='bbox 1830 4274 1987 4317; x_wconf 88' lang='lat' dir='ltr'><strong>vero</strong></span> <span class='ocrx_word' id='word_1_446' title='bbox 2016 4253 2328 4318; x_wconf 91' lang='lat' dir='ltr'><strong>velociter</strong></span> <span class='ocrx_word' id='word_1_447' title='bbox 2357 4257 2674 4323; x_wconf 86' lang='lat' dir='ltr'><strong>excitavit</strong></span> 
     </span>
    </p>
   </div>
   <div class='ocr_carea' id='block_1_8' title="bbox 2150 4431 2533 4602">
    <p class='ocr_par' dir='ltr' id='par_1_14' title="bbox 2150 4431 2533 4602">
     <span class='ocr_line' id='line_1_95' title="bbox 2150 4431 2533 4493; baseline 0.01 -17"><span class='ocrx_word' id='word_1_448' title='bbox 2150 4431 2170 4459; x_wconf 74' lang='lat'>²</span> <span class='ocrx_word' id='word_1_449' title='bbox 2202 4444 2414 4493; x_wconf 82' lang='lat' dir='ltr'><strong>sopore:</strong></span> <span class='ocrx_word' id='word_1_450' title='bbox 2451 4431 2533 4481; x_wconf 88' lang='lat' dir='ltr'><strong>W.</strong></span> 
     </span>
     <span class='ocr_line' id='line_1_96' title="bbox 2279 4539 2412 4602; baseline 0 -17"><span class='ocrx_word' id='word_1_451' title='bbox 2279 4539 2314 4602; x_wconf 85' lang='lat'>3</span> <span class='ocrx_word' id='word_1_452' title='bbox 2364 4539 2412 4585; x_wconf 92' lang='lat' dir='ltr'>A</span> 
     </span>
    </p>
   </div>
  </div>
 </body>
</html>
