3117 4959
1479 218 1587 272 IN
1624 217 1896 276 FESTO
1974 215 1985 223 ”

992 324 1150 379 465

465 429 845 494 cederetur:
895 429 1154 494 ridebat
1185 429 1449 494 dicens:
1497 428 1663 493 Gra-

465 519 594 582 tias
626 519 748 582 tibi
779 539 909 599 ago
941 519 1208 580 domine
1235 540 1251 582 :
1297 519 1455 600 quia
1487 527 1557 580 tu
1592 539 1663 580 es

467 608 632 670 deus
693 609 990 668 omnium
1059 626 1292 669 rerum.
1417 606 1666 668 Decius

468 695 642 756 dixit
669 715 682 756 :
733 694 910 757 Date
941 692 1000 756 ei
1027 691 1340 756 lectulum
1361 693 1661 756 ferreum.

471 781 561 844 Et
595 780 834 844 allatus
865 790 966 844 est
997 781 1203 844 lectus
1233 781 1480 844 ferreus
1509 801 1662 843 cum

469 871 670 932 costis
703 869 911 931 tribus
935 869 1000 930 in
1027 870 1302 932 modum
1333 868 1663 932 craticule.

471 957 717 1018 Beatus
753 976 910 1018 vero
957 955 1319 1020 laurentius
1363 957 1661 1038 expolia-

470 1054 579 1107 tus
633 1043 926 1106 vestibus
977 1044 1114 1108 suis
1174 1045 1240 1106 in
1303 1053 1662 1126 conspectu

471 1132 639 1195 decii
674 1141 740 1193 et
771 1131 1082 1194 valeriani
1116 1142 1432 1195 extensus
1463 1142 1565 1195 est
1597 1132 1664 1194 in

472 1229 720 1282 cratem
754 1220 1046 1284 ferream.
1139 1221 1232 1284 Et
1275 1220 1460 1283 allati
1509 1229 1667 1283 sunt

471 1307 722 1372 batuli.¹
764 1328 918 1370 cum
950 1306 1215 1389 prunis:
1247 1317 1316 1370 et
1347 1309 1667 1370 miserunt

473 1395 702 1459 subter
730 1396 1012 1458 cratem²
1049 1394 1365 1459 ferream:
1411 1405 1482 1459 et
1509 1415 1665 1458 cum

473 1483 672 1546 furcis
701 1483 926 1546 ferreis
955 1485 1347 1547 coartabant
1391 1483 1665 1546 beatum

473 1571 886 1634 laurentium.
951 1571 1062 1634 Re.
1134 1572 1378 1634 Beatus
1409 1570 1667 1634 lauren-

471 1661 604 1722 tius
663 1658 976 1722 clamavit
1035 1667 1105 1721 et
1163 1659 1388 1722 dixit:
1463 1658 1666 1721 deum

475 1767 698 1810 meum
753 1746 939 1810 colo:
994 1755 1064 1808 et
1091 1746 1206 1834 ‘illi
1263 1745 1386 1809 soli
1434 1747 1665 1810 servio,

475 1835 566 1898 Et
598 1835 750 1896 ideo
780 1854 912 1896 non
946 1834 1151 1896 timeo
1170 1843 1502 1904 tormenta
1531 1843 1665 1897 tua.

475 1939 520 2006 γ
557 1923 712 1984 Mea
735 1942 872 1984 nox
895 1923 1247 1985 obscurum
1275 1935 1406 1984 non·
1429 1921 1667 1985 habet:

475 2011 589 2072 scd
625 2010 850 2073 omnia
881 2011 948 2072 in
981 2009 1124 2072 luce
1143 2009 1525 2073 clarescunt.
1576 2011 1668 2073 Et

478 2097 641 2160 ideo.
1341 2097 1552 2160 Lectio
1582 2099 1669 2179 vj.

627 2195 654 2246 t
691 2185 866 2247 dixit
910 2185 1135 2248 decius
1180 2205 1366 2248 cesar
1394 2186 1479 2248 ad
1515 2186 1670 2248 bea-

626 2283 770 2335 tum
835 2273 1280 2337 laurentium:
1357 2271 1670 2338 Sacrifica

477 2361 619 2424 diis.
716 2361 960 2423 Beatus
997 2361 1357 2424 laurentius
1400 2381 1670 2442 respon—

476 2449 618 2511 dit:
670 2449 819 2528 Ego
869 2468 975 2512 me
1023 2449 1234 2511 obtuli
1281 2449 1669 2512 sacrificium

477 2539 606 2600 deo
639 2537 703 2598 in
738 2537 1013 2599 odorem
1060 2537 1418 2600 suavitatis,
1511 2536 1673 2600 Car-

477 2625 703 2687 nifices
749 2644 905 2688 vero
952 2624 1305 2688 trahebant
1347 2624 1671 2687 carbones

477 2713 703 2776 subter
755 2721 1000 2776 cratem
1057 2712 1350 2774 ferream.
1467 2711 1671 2774 Mira-

475 2801 719 2866 bantur
747 2821 981 2864 omnes
1003 2800 1116 2882 qui
1141 2802 1456 2863 aderant:
1489 2800 1671 2881 quod

476 2889 702 2952 decius
751 2909 935 2952 cesar
983 2898 1364 2970 preceperat
1414 2888 1670 2951 lauren-

477 2975 642 3040 tium
690 2976 912 3040 vivum
964 2976 1183 3039 assari.
1277 2975 1400 3040 Ille
1443 2985 1669 3038 autem

475 3065 660 3127 vultu
695 3064 1132 3146 pulcherrimo
1156 3063 1368 3128 dixit:
1403 3063 1670 3127 Gratias

475 3152 596 3215 tibi
651 3173 780 3234 ago
833 3153 1102 3214 domine
1149 3153 1308 3232 Jesu
1365 3151 1670 3218 Christe:

477 3242 590 3322 qui
625 3260 731 3302 me
763 3241 1132 3302 confortare
1176 3240 1484 3320 dignaris.
1581 3239 1672 3301 Et

475 3327 740 3390 elevans
813 3327 1040 3389 oculos
1119 3337 1346 3390 contra
1407 3327 1669 3389 decium

479 3415 693 3478 dixit:
735 3416 908 3476 Ecce
942 3415 1174 3477 miser:
1208 3416 1442 3477 assasti
1468 3434 1667 3476 unam

481 3511 739 3582 partem
764 3523 778 3564 :
828 3501 1036 3581 regira
1069 3501 1266 3564 aliam
1291 3510 1360 3564 et
1391 3501 1669 3564 mandu-

479 3609 558 3652 ca
587 3609 600 3650 :
649 3609 755 3650 me
787 3598 1010 3650 autem
1037 3609 1076 3650 a
1101 3587 1231 3650 fide
1263 3588 1514 3650 domini
1539 3589 1669 3650 mei

475 3677 634 3758 Jesu
692 3675 936 3740 Christi
998 3695 1130 3737 non
1183 3685 1454 3740 avertes,
1582 3675 1671 3739 Et

477 3765 715 3827 iterum
777 3763 1024 3844 gratias
1086 3783 1292 3844 agens
1340 3764 1469 3827 deo
1515 3782 1669 3826 cum

475 3851 686 3934 gloria
745 3852 963 3916 dixit:
1034 3849 1298 3916 Gratias
1359 3852 1478 3916 tibi
1540 3871 1671 3932 ago

476 3941 747 4004 domine
787 3942 946 4021 Jesu
982 3939 1279 4006 Christe:
1327 3941 1484 4023 quia
1521 3939 1671 4020 jan-

478 4051 597 4092 uas
630 4039 778 4093 tuas
809 4029 1062 4110 ingredi
1108 4029 1330 4092 merui.
1428 4028 1516 4091 Et
1547 4027 1671 4091 hec

476 4116 703 4180 dicens
751 4118 970 4180 emisit
1029 4117 1350 4196 spiritum.
1461 4117 1670 4197 Cujus

473 4225 713 4286 corpus
751 4205 1041 4286 justinus
1073 4204 1418 4287 presbyter
1447 4212 1514 4268 et
1546 4203 1671 4284 hy-

541 4339 551 4368 ¹
593 4339 786 4388 bacilli:
825 4341 885 4388 R.
947 4339 1142 4388 batilli:
1181 4339 1247 4388 N.
1342 4342 1362 4370 ¹
1393 4347 1526 4388 crate
1553 4357 1566 4387 :
1592 4339 1643 4387 S.

535 4405 556 4434 ⁸
595 4409 609 4431 ⁸
629 4405 688 4453 ln
709 4405 847 4456 odor.
907 4405 1044 4453 Glor.
1101 4407 1160 4458 In
1184 4406 1308 4456 odor
1327 4405 1340 4426 '
1363 4421 1462 4455 om.
1493 4421 1504 4454 :
1543 4405 1680 4456 RN.

2269 325 2425 378 466

1764 429 2011 512 politus
2060 429 2463 510 sepelierunt
2492 428 2559 490 in
2592 429 2857 510 cripta:
2902 429 2963 491 in

1764 519 1875 580 via
1905 517 2289 598 tyburtina:
2335 517 2420 579 ad
2455 516 2727 579 laudem
2762 518 2969 598 ipsias

1764 605 1879 686 qui
1936 605 2099 668 vivit
2157 613 2226 666 et
2284 613 2519 686 regnat
2576 605 2791 668 deus:
2856 623 2971 686 per

1763 693 1991 754 omnia
2048 691 2271 755 secula
2320 692 2695 755 seculorum
2750 711 2967 754 amen.

1762 780 1877 843 Re.
1985 781 2230 844 Beatus
2310 779 2671 842 laurentius
2736 781 2969 843 dixit:

1766 868 1919 949 Ego
1950 887 2055 930 me
2088 867 2297 930 obtuli
2346 866 2745 930 sacrificium
2796 869 2969 932 deo:

1768 956 1847 1018 In
1881 958 2155 1019 odorem
2187 955 2549 1018 suavitatis,
2598 973 2649 1040 y
2680 955 2971 1019 Gaudeo

1764 1044 1999 1125 plane:
2044 1042 2204 1125 quia
2248 1043 2468 1106 hostia
2512 1043 2765 1108 Christi
2800 1043 2969 1106 effici

1765 1132 1987 1194 merui.
2072 1131 2153 1194 In
2185 1131 2477 1194 odorem.
2555 1130 2811 1194 Gloria.
2894 1131 2971 1193 In

1764 1219 2085 1282 odorem.³
2132 1219 2219 1281 In
2240 1218 2338 1300 iij.
2362 1228 2515 1281 noct.
2535 1227 2643 1282 αἰὶ.
2698 1219 2971 1284 Strinx-

1763 1316 1959 1370 erunt
2019 1308 2311 1388 corporis
2376 1306 2681 1369 membra
2748 1308 2973 1389 posita

1764 1415 1962 1476 super
2005 1394 2387 1458 craticulam
2434 1394 2973 1458 ministrantibus

1766 1503 2010 1564 prunas
2042 1481 2315 1545 insultat
2346 1482 2546 1546 levita
2578 1482 2855 1546 Christi.
2926 1499 2973 1566 γ

1768 1569 2125 1634 Carnifices
2172 1589 2331 1632 vero
2379 1579 2693 1652 urgentes
2740 1571 2971 1633 minis-

1766 1659 2033 1720 trabant
2079 1657 2401 1721 carbones
2448 1658 2681 1720 subter
2714 1668 2969 1722 cratem

1767 1744 2061 1808 ferream.
2112 1754 2211 1826 pir'.
2260 1745 2341 1809 In
2372 1746 2649 1808 domino
2678 1746 2971 1809 confido.

1766 1834 1900 1897 Αῆ.
2006 1833 2172 1914 Igne
2222 1851 2330 1895 me
2382 1834 2843 1897 examinasti:
2908 1843 2975 1896 et

1768 1941 1899 1984 non
1940 1930 2043 1984 est
2090 1922 2362 1984 inventa
2390 1921 2457 1983 in
2488 1940 2598 1982 me
2630 1922 2970 2003 iniquitas.

1768 2025 1813 2092 γ
1845 2011 1868 2046 ⁴
1919 2009 2215 2072 Probasti
2248 2008 2517 2072 domine
2548 2029 2665 2072 cor
2696 2029 2969 2072 meum:

1768 2106 1835 2160 et
1876 2097 2157 2160 visitasti
2210 2106 2421 2159 nocte.
2496 2105 2600 2178 pff.
2694 2097 2973 2160 Exaudi

1768 2185 2037 2248 domine
2090 2185 2425 2266 justiciam
2486 2205 2727 2248 meam.
2836 2186 2971 2249 Ανῑ.

1772 2273 2228 2354 Interrogatus
2276 2283 2345 2336 te
2398 2273 2749 2335 dominum
2816 2293 2975 2336 con-

1769 2359 1981 2422 sessus
2010 2381 2159 2423 sum
2185 2381 2199 2423 :
2246 2371 2506 2423 assatus
2536 2361 2789 2441 gratias
2822 2381 2969 2443 ago.

1774 2464 1818 2533 γ
1866 2447 2128 2511 Gratias
2160 2448 2279 2510 tibi
2312 2468 2441 2529 ago
2486 2449 2759 2511 domine
2808 2449 2971 2530 Jesu

1773 2535 2075 2600 Christe:
2120 2537 2279 2618 quia
2302 2536 2544 2618 januas
2568 2545 2719 2599 tuas
2750 2537 2975 2618 ingre-

1771 2623 1839 2686 di
1886 2624 2111 2688 merui.
2187 2633 2286 2706 pf.
2379 2624 2671 2687 Domine
2720 2625 2791 2686 in
2846 2625 2975 2687 vir·

1770 2721 1913 2774 tute
1966 2721 2098 2775 tua.
2189 2729 2237 2798 y
2285 2712 2537 2794 Magna
2588 2721 2708 2775 est.
2818 2713 2977 2774 Tres

1770 2798 2001 2862 ultime
2068 2801 2357 2862 lectiones
2436 2799 2516 2862 de
2587 2798 2975 2880 expositione

1767 2887 2089 2968 evangelii
2138 2887 2285 2952 Nisi
2320 2907 2599 2969 granum
2630 2886 2972 2951 frumenti.

1776 2974 2029 3038 Omelia
2102 2986 2177 3037 ut
2250 2975 2319 3038 in
2392 2975 2733 3038 communi.
2861 2975 2970 3038 Re.

1772 3061 2051 3125 Gaudeo
2081 3063 2279 3144 plane
2298 3063 2453 3144 quia
2474 3061 2691 3124 hostia
2716 3061 2971 3128 Christi

1773 3149 1941 3213 effici
1974 3151 2204 3214 merui.
2280 3151 2654 3213 Accusatus
2686 3169 2827 3213 non
2862 3171 2971 3214 ne·

1770 3239 1919 3318 gavi
1946 3260 1961 3301 :
1986 3239 2426 3320 interrogatus
2450 3238 2787 3302 Christum
2812 3259 2971 3302 con-

1770 3324 1977 3388 sessus
2009 3346 2193 3390 sum:
2238 3335 2493 3388 assatus
2539 3327 2789 3406 gratias
2822 3347 2967 3409 ago¹

1770 3430 1818 3499 y
1866 3413 2012 3494 Ego
2046 3435 2153 3476 me
2182 3413 2394 3476 obtuli
2413 3413 2806 3476 sacrificium
2842 3415 2969 3477 deo

1770 3501 1835 3563 in
1892 3503 2162 3564 odorem
2218 3502 2577 3565 suavitatis,
2668 3501 2969 3566 Accusa-

1771 3597 1894 3652 tus,
1982 3589 2100 3654 Re.
2194 3590 2271 3653 In
2319 3588 2634 3652 craticula
2663 3598 2732 3652 te
2760 3590 2966 3654 deum

1769 3696 1902 3739 non
1936 3678 2187 3758 negavi.
2254 3677 2346 3740 Et
2376 3678 2460 3740 ad
2494 3677 2717 3758 ignem
2751 3679 2967 3760 appli-

1768 3772 1959 3826 catus
1988 3773 2057 3827 te
2087 3765 2433 3828 dominum
2472 3764 2704 3845 Jesum
2740 3765 2967 3830 Chris-

1771 3859 1909 3914 tum
1945 3853 2285 3916 confcssus
2315 3873 2482 3916 sum.
2567 3869 2615 3938 y
2663 3853 2963 3916 Probasti

1768 3939 2039 4003 domine
2087 3961 2204 4004 cor
2249 3961 2517 4004 meum:
2564 3949 2633 4004 et
2677 3940 2961 4005 visitasti

1771 4036 1981 4091 nocte.
2060 4027 2167 4092 Et.
2242 4028 2358 4092 Re.
2428 4027 2673 4091 Beatus
2704 4029 2963 4092 lauren-

1770 4115 1900 4177 tius
1931 4116 2141 4179 oravit
2162 4124 2230 4179 et
2248 4117 2463 4180 dixit:
2506 4115 2777 4180 domine
2804 4118 2957 4197 Jesu

1772 4201 2033 4266 Christe
2108 4215 2337 4286 pastor
2394 4204 2607 4268 bone:
2684 4204 2959 4287 Suscipe

1762 4343 1809 4386 et
1845 4334 1952 4386 vice
1974 4353 2143 4410 eorum
2170 4340 2288 4403 legit
2326 4339 2438 4403 Ego
2462 4356 2556 4390 me.
2598 4339 2789 4390 Gloria.
2830 4339 2951 4403 Ego.

1824 4407 1841 4432 ‘
1864 4411 1963 4472 pto
1992 4409 2033 4470 Υ
2061 4411 2145 4455 asi.
2170 4421 2187 4452 .·
2222 4407 2274 4454 S.
