3117 4959
1436 215 1541 270 IN
1579 213 1852 269 FESTO

942 325 1103 382 808

408 441 470 492 et
510 448 822 506 nunquam
880 428 1171 505 deinceps
1221 437 1461 504 gravata
1513 437 1604 487 est

410 509 513 570 illa
572 507 840 570 horribili
907 505 1253 585 egritudinis
1304 506 1602 582 passione.

406 591 534 665 vies.
577 591 679 648 Re.
729 590 888 648 Dum
916 586 1066 664 lapis
1104 585 1315 646 tumuli
1356 605 1608 662 magnus

408 667 737 739 advehitur,
766 667 831 726 fit
871 667 1095 725 clamor
1136 664 1359 756 populi,
1404 675 1608 724 vector

408 745 797 823 opprimitur:
840 747 943 806 Set
985 744 1045 804 vi
1090 742 1359 803 miraculi
1402 762 1610 820 sospes

409 825 673 886 efficitur.
756 827 807 900 Ῠ
852 827 1018 884 Deus
1059 822 1371 900 suspendit
1408 835 1610 882 actum

407 902 741 982 gravedinis
780 915 841 962 et
880 903 969 963 sic
1004 902 1266 964 ostendit
1291 901 1413 961 vim
1442 921 1609 961 sanc-

408 983 695 1044 titudinis.
778 984 882 1042 Set
910 981 981 1041 vi.
1309 983 1497 1040 Lectio
1520 982 1604 1040 ix.

435 1065 719 1170 Verum
744 1074 945 1121 autem
985 1079 1065 1120 ne
1102 1063 1283 1120 lateat
1318 1059 1608 1132 homineS,

555 1140 807 1200 maxime
836 1159 939 1200 eos
968 1139 1069 1216 qui
1092 1139 1325 1200 devotis
1342 1150 1402 1198 et
1418 1149 1609 1198 atten

408 1221 485 1282 tis
528 1220 740 1281 studiis
792 1219 948 1279 circa
1002 1218 1122 1278 vite
1175 1217 1612 1308 perfeccionem

408 1298 860 1391 adipiscendam
888 1297 1181 1370 insistunt,
1230 1296 1249 1335 ¹
1269 1295 1523 1386 qualiter
1548 1306 1612 1355 et

412 1379 631 1457 quibus
658 1377 871 1439 mediis
892 1378 1101 1437 beatus
1128 1377 1239 1436 iste
1270 1375 1386 1436 Dei
1407 1374 1610 1436 zeloti·

410 1479 525 1536 pus
590 1456 878 1518 heremita
948 1456 1241 1515 Ricardus
1307 1455 1555 1544 gradum
1585 1453 1610 1490 ²

410 1535 671 1627 perfecti
712 1535 929 1595 amoris
984 1545 1044 1594 et
1108 1533 1367 1594 caritatis
1434 1543 1613 1608 prout

410 1615 701 1706 promittit
718 1614 743 1652 ⁸
784 1624 971 1674 status
996 1611 1331 1673 mortalium
1359 1613 1614 1702 adeptus

412 1707 522 1768 est,
560 1694 643 1754 ita
668 1705 737 1754 ut
762 1692 959 1753 omnis
983 1691 1135 1752 alius
1162 1711 1330 1752 amor
1356 1690 1411 1750 ei
1440 1689 1612 1749 viles-

412 1785 573 1834 ceret
620 1785 681 1834 et
697 1773 722 1810 ⁴
764 1773 1067 1831 horrorem
1108 1769 1614 1831 abhominabilem

412 1862 734 1940 generaret.
793 1853 901 1910 Est
930 1849 1241 1910 sciendum
1268 1847 1476 1926 quod
1460 1867 1614 1937 ipse-

414 1943 537 1991 met
564 1931 625 1990 in
653 1929 805 1990 libro
832 1947 943 1990 suo
971 1928 1162 2018 primo
1194 1930 1289 1988 De
1320 1925 1616 1988 Incendio

412 2009 669 2082 AmoriS‚
712 2027 841 2084 cap.
894 2007 1043 2066 xiii0.
1028 2051 1065 2081 .,
1120 2005 1205 2067 ita
1256 2007 1441 2066 dicit.
1503 2008 1618 2065 Per

410 2107 741 2165 processus,
773 2085 983 2163 inquit,
1008 2097 1341 2162 temporum
1369 2103 1618 2161 magnus

414 2169 588 2227 datus
614 2177 705 2226 est
730 2164 911 2223 michi
938 2164 1279 2253 profectuts⁶
1306 2162 1617 2239 spirituali-

414 2265 519 2304 um
545 2243 910 2333 gaudiorum.
994 2241 1093 2301 Ab
1134 2241 1314 2301 inicio
1356 2259 1620 2318 namque

412 2321 783 2382 alteracionis
798 2319 917 2380 vite
938 2339 1073 2380 mee
1099 2331 1159 2379 et
1186 2319 1401 2380 mentis
1424 2339 1618 2410 usque

362 2406 380 2424 ‘
413 2403 494 2462 ad
546 2399 923 2488 apercionem
991 2397 1171 2458 hostii
1237 2397 1489 2471 celestis,
1551 2409 1618 2458 ut

414 2481 673 2540 revelata
712 2478 863 2538 facie
902 2477 1093 2537 oculis
1134 2478 1331 2538 cordis
1372 2496 1619 2554 superos

416 2559 932 2635 contemplaretur,
982 2568 1043 2617 et
1090 2555 1315 2618 videret
1360 2575 1480 2632 qua
1520 2556 1620 2616 via

416 2649 681 2698 amatum
709 2656 881 2697 suum
910 2646 1197 2713 quereret.
1227 2647 1289 2696 et
1314 2637 1395 2695 ad
1422 2635 1617 2712 ipsum

418 2719 740 2787 anhelaret,
770 2717 1119 2776 effluxerunt
1167 2725 1285 2776 tres
1328 2713 1471 2774 anni
1518 2734 1618 2773 ex-

419 2796 609 2874 ceptis
642 2795 827 2856 tribus
864 2796 961 2855 vel
1004 2805 1257 2872 quatuor
1296 2792 1616 2854 mensibus

420 2877 713 2936 Manente
766 2873 1079 2963 siquidem·
1116 2884 1321 2949 aperto
1342 2871 1367 2910 ⁶
1422 2871 1622 2931 hostio

419 2973 609 3044 usque
654 2955 734 3014 ad
780 2965 1017 3042 tempus
1062 2951 1125 3011 in
1174 2969 1297 3027 quo
1337 2951 1399 3010 in
1440 2952 1623 3011 corde

420 3031 704 3092 veraciter
768 3029 1141 3092 senciebatur
1207 3031 1369 3090 calor
1434 3029 1624 3089 eterni

422 3111 653 3184 amoris„
677 3128 867 3170 annus
888 3128 1043 3169 unus
1061 3128 1213 3186 pene
1232 3107 1621 3186 pertransivit.

422 3189 719 3250 Sedebam
748 3188 968 3277 quippe
996 3187 1058 3246 in
1086 3189 1349 3277 quadam
1374 3187 1624 3264 capella,

424 3277 484 3326 et
511 3268 655 3326 dum
684 3265 972 3327 suavitate
998 3265 1283 3327 orationis
1310 3268 1406 3326 vel
1432 3265 1621 3326 medi·

422 3345 673 3406 tacionis
726 3346 981 3406 multum
1032 3345 1373 3418 delectarer,
1426 3344 1624 3404 subito

424 3422 584 3485 sensi
637 3423 697 3481 in
751 3443 849 3484 me
894 3425 1167 3483 ardorem
1214 3423 1517 3484 insolitum
1565 3434 1626 3483 et

420 3503 773 3591 jocundum.
854 3503 975 3562 Sed
1002 3521 1141 3561 cum
1170 3501 1331 3580 prius
1373 3504 1626 3563 fluctua-

424 3601 552 3642 rem
607 3579 936 3640 dubitando
1003 3599 1041 3640 a
1106 3599 1230 3656 quo
1298 3593 1453 3643 esset
1519 3601 1629 3659 per

426 3662 669 3738 longum
696 3671 949 3736 tempus
979 3671 1255 3736 expertus
1280 3680 1412 3720 sum
1438 3679 1564 3720 non
1593 3680 1630 3720 a

424 3751 692 3798 creatura
738 3737 844 3796 sed
891 3757 929 3796 a
970 3750 1235 3799 creatore
1282 3757 1431 3811 esse,
1487 3739 1630 3816 quia

427 3816 851 3878 fervenciorem
880 3828 940 3877 et
962 3817 1426 3892 jocundiorem
1409 3819 1623 3878 inveni.

428 3899 739 3974 Flagrante
785 3905 986 3956 autem
1030 3895 1385 3956 sensibiliter
1428 3898 1628 3958 calore

425 3976 529 4036 illo
576 3972 1045 4036 inestimabiliter
1088 3975 1253 4036 suavi
1300 3995 1493 4052 usque
1546 3977 1628 4037 ad

527 4128 542 4158 ¹
577 4126 709 4176 circa
731 4126 943 4189 qualiter
967 4145 980 4174 ι
1016 4127 1073 4175 Β.
1093 4127 1269 4191 prima
1294 4143 1467 4176 manu.

526 4194 547 4224 ²
579 4192 799 4268 gradu-m·
814 4199 863 4240 et
886 4191 1091 4256 perfecti
1118 4208 1130 4242 ε
1166 4191 1224 4242 L.

526 4259 551 4354 ⁸⁴
581 4257 999 4372 Ξξῗὲιῗιῑιιιὶιῖοξὲιιι
1026 4341 1038 4371 ι
1076 4323 1135 4373 L.

529 4390 550 4418 ³
584 4386 864 4450 perfectus:
900 4388 959 4436 L.

2217 323 2376 377 804

1705 425 2063 487 infusionem
2127 435 2190 486 et
2253 423 2720 515 percepcionem
2785 417 2914 482 soni

1709 504 1944 566 celestis
1987 507 2078 564 vel
2127 503 2444 581 spiritualis
2485 503 2592 580 qui
2619 504 2704 562 ad
2731 501 2912 561 oenti·

1707 603 1848 644 cum
1873 583 2128 674 pertinet
2166 583 2358 643 laudis
2399 593 2608 643 eterne
2635 593 2700 642 et
2727 580 2918 641 suavi-

1707 675 1890 724 tatem
1935 661 2245 722 invisibilis
2287 661 2570 734 melodie,
2599 660 2748 737 quia
2785 658 2922 719 sciri

1709 754 1770 803 et
1809 741 1998 802 audiri
2039 761 2164 801 non
2208 751 2402 818 potest
2443 740 2562 800 nisi
2602 742 2684 800 ab
2713 759 2792 800 eo
2819 736 2926 816 qui

1707 821 1941 898 accipit,
1988 839 2169 897 quem
2211 831 2446 896 oportet
2491 839 2626 880 esse
2663 821 2927 878 munda·

1707 911 1834 962 tum
1863 911 1925 960 et
1951 910 2322 977 segregatum
2347 919 2386 958 a
2411 911 2586 972 terra,
2631 898 2928 958 dimidius

1707 998 1902 1038 annus
1945 991 2006 1039 et
2041 991 2160 1038 tres
2203 998 2442 1040 menses
2471 990 2532 1039 et
2555 978 2798 1055 aliquot
2823 979 2930 1037 eb-

1708 1059 1969 1118 domade
1993 1059 2358 1118 effluxerunt.
2443 1060 2611 1118 Dum
2653 1057 2820 1116 enim
2861 1055 2928 1114 in

1709 1139 1924 1198 eadem
1951 1139 2182 1214 capella
2209 1139 2496 1210 sederem,
2529 1149 2592 1197 et
2632 1136 2697 1195 in
2740 1147 2928 1194 nocte

1710 1229 1850 1276 ante
1904 1235 2116 1277 cenam
2171 1217 2434 1292 psalmos
2502 1227 2680 1292 prout
2751 1212 2930 1291 potui

1711 1297 2111 1368 decantarem,
2141 1296 2312 1372 quasi
2337 1295 2621 1385 tinnitum
2661 1295 2930 1370 psallen-

1710 1374 1869 1434 cium
1923 1375 2017 1435 vel
2071 1374 2280 1451 pocius
2331 1373 2692 1434 canencium
2745 1391 2934 1448 supra

1711 1474 1812 1514 me
1857 1453 2158 1513 ascultavi.
2257 1454 2532 1528 Cumque
2601 1451 2934 1512 celestibus

1713 1532 1894 1593 etiam
1911 1533 1936 1572 ⁷
1965 1533 2196 1592 orando
2221 1543 2352 1592 toto
2397 1531 2700 1591 desiderio
2729 1529 2930 1590 inten-

1713 1613 1936 1684 derem,
1967 1610 2174 1671 nescio
2213 1613 2523 1687 quomodo
2559 1629 2710 1670 mox
2737 1611 2800 1668 in
2831 1629 2936 1670 me

1713 1701 2078 1750 concentum
2106 1709 2390 1749 canorum
2419 1689 2598 1762 sensi,
2631 1701 2694 1749 et
2723 1690 2934 1749 delec-

1713 1767 2124 1828 tabilissimam
2175 1769 2506 1828 armoniam
2555 1768 2775 1828 celitus
2829 1788 2936 1828 ex·

1715 1847 1850 1925 cepi
1899 1867 2136 1908 mecum
2189 1860 2532 1908 manentem
2583 1846 2648 1906 in
2705 1858 2933 1907 mente.

1719 1929 1878 1986 Nam
1906 1926 2197 2003 cogitacio
2221 1946 2356 1986 mea
2382 1926 2680 1986 continuo
2711 1926 2780 1985 in
2805 1945 2933 1984 car·

1717 2025 1858 2066 men
1953 2004 2189 2065 canoris
2273 2005 2786 2078 commutabatur,
2875 2015 2936 2064 et

1718 2085 1888 2162 quasi
1943 2085 2092 2144 odas
2135 2084 2320 2144 habui
2375 2084 2756 2144 meditanda
2845 2087 2938 2143 Ac

1717 2163 1906 2224 eciam
1937 2163 1998 2222 in
2025 2162 2393 2223 orationibus
2421 2162 2568 2239 ipsis
2589 2175 2654 2224 et
2673 2165 2938 2240 psalmo-

1717 2241 1820 2303 dia
1847 2243 2103 2302 eundem
2143 2261 2358 2302 sonum
2399 2241 2582 2314 edidi,
2617 2243 2938 2318 deinceps-

1717 2341 1837 2398 que
1863 2321 1943 2380 ad
1969 2322 2307 2380 canendum
2329 2341 2449 2398 que
2469 2321 2638 2396 prius
2663 2321 2940 2382 dixeram

1715 2420 1822 2476 pre
1849 2399 2161 2460 affluencia
2185 2399 2416 2461 interne
2445 2399 2762 2461 suavitatis
2803 2419 2942 2476 pro-

1715 2478 1866 2555 rupi.
1924 2479 2178 2540 Occulte
2204 2479 2466 2555 quidem,
2497 2479 2643 2556 quia
2671 2492 2942 2540 tantum-

1718 2559 1906 2618 modo
1933 2575 2136 2617 coram
2163 2559 2508 2618 Conditore.
2601 2560 2758 2618 Non
2801 2578 2944 2636 cog-

1719 2637 1880 2696 nitus
1907 2655 2071 2696 eram
2098 2637 2176 2696 ab
2204 2637 2296 2696 his
2325 2636 2428 2713 qui
2455 2657 2555 2697 me
2581 2640 2938 2710 cernebant,

1719 2735 1798 2776 ne
1845 2715 1896 2776 si
1943 2715 2254 2777 scivissent
2295 2735 2470 2793 supra
2526 2719 2792 2776 modum
2843 2737 2946 2777 me

1719 2796 2129 2869 honorassent,
2159 2805 2220 2855 et
2247 2795 2334 2854 sic
2361 2795 2766 2870 perdidissem
2809 2815 2946 2873 par-

1721 2885 1846 2934 tem
1875 2873 2034 2934 floris
2061 2873 2457 2950 pulcherrimi,
2480 2885 2545 2934 et
2567 2875 2942 2936 decidissem

1721 2951 1782 3012 in
1851 2953 2310 3013 desolacionem.
2409 2955 2654 3013 Interea
2721 2955 2944 3014 mirum

1721 3051 1821 3092 me
1887 3030 2131 3108 arripuit
2197 3051 2274 3092 eo
2341 3033 2506 3108 quod
2589 3047 2946 3110 assumptus

1723 3129 1916 3172 essem
1943 3111 2024 3170 ad
2051 3104 2276 3170 tantam'
2312 3111 2766 3187 jocunditatem
2795 3115 2944 3173 dum

1722 3191 1862 3249 exul
1889 3208 2095 3249 essem.
2181 3192 2340 3249 Tum
2359 3191 2385 3228 ⁸
2426 3201 2486 3250 et
2515 3191 2664 3268 quia
2689 3193 2948 3252 dederat

1723 3267 1905 3326 michi
1937 3270 2106 3328 Deus
2133 3269 2296 3328 dona
2321 3288 2439 3346 que
2457 3281 2668 3346 petere
2694 3271 2944 3342 nescivi,

1723 3366 1839 3406 nec
1905 3347 2108 3422 putavi
2173 3349 2292 3408 tale
2359 3349 2508 3438 quid
2577 3350 2782 3409 eciam
2831 3369 2946 3411 nec

1725 3425 2162 3485 sanctissimum
2189 3425 2253 3485 in
2292 3428 2407 3486 hac
2447 3427 2569 3488 vita
2609 3429 2943 3506 accepisse.

1729 3503 1989 3565 Proinde
2041 3505 2292 3565 arbitror
2343 3507 2461 3566 hoc
2511 3507 2668 3567 nulli
2731 3510 2946 3568 datum

1726 3583 1966 3657 meritis,
2035 3586 2146 3644 sed
2227 3585 2408 3662 gratis
2493 3586 2594 3645 cui
2687 3585 2948 3647 voluerit

1730 3663 2014 3724 Christus.
2160 3665 2314 3723 Puto
2369 3675 2574 3725 tamen
2631 3666 2946 3725 neminem

1728 3741 1876 3802 illud
1901 3753 2284 3819 accepturum
2313 3742 2426 3802 nisi
2455 3742 2800 3819 specialiter
2839 3765 2948 3805 no-

1729 3839 1869 3880 men
1895 3823 2040 3897 Jesu
2069 3821 2276 3899 diligat
2301 3833 2363 3882 et
2391 3822 2452 3880 in
2479 3833 2717 3882 tantum
2748 3825 2949 3884 hono-

1729 3909 1835 3973 ret,
1885 3911 1950 3960 ut
1995 3900 2074 3960 ab
2121 3902 2250 3976 ejus
2295 3900 2586 3962 memoria
2627 3921 2948 3980 nunquam

1731 3989 1982 4054 excepto
2010 3998 2267 4056 sompno
2293 3981 2576 4041 recedere
2615 3981 2946 4059 permittat.

1828 4131 1849 4160 ⁶
1880 4137 2090 4193 aparte:
2126 4131 2184 4180 B.

1830 4197 1848 4225 ’
1881 4206 1930 4244 et
1957 4214 1969 4244 ι
2006 4196 2065 4245 L.

1831 4263 1850 4291 ⁸
1883 4261 1996 4310 The
2039 4261 2201 4311 scribe
2245 4261 2304 4311 of
2345 4261 2402 4312 L.
2453 4261 2549 4312 has
2593 4263 2816 4314 omitted
2863 4265 2946 4313 the

1729 4326 1912 4386 words,
1945 4333 1960 4356 ⁸
1977 4327 2041 4375 ad
2066 4335 2256 4377 tantam
2283 4327 2658 4392 jocunditatem
2681 4331 2806 4380 dum
2829 4331 2944 4380 exul

1730 4407 1906 4442 essem.
1983 4393 2156 4443 Tum.’
