3117 4959
978 275 1039 330 S.
1093 275 1322 330 FIDIS
1378 275 1755 332 VIRGINIS.

646 382 803 438 399

114 498 187 553 ut
260 488 375 552 ubi
454 507 571 569 per
644 488 963 570 virginem
1032 489 1307 552 mariam

112 578 417 662 spiritum
438 587 832 658 conceperat
856 577 1309 659 perfectionis:

114 666 363 731 ibidem
414 665 645 728 mortis
690 664 911 728 soluto
956 665 1185 728 debito
1226 665 1311 728 ad

114 754 413 817 bravium
448 755 818 836 perveniret
864 754 1315 818 retributionis

104 852 357 906 eterne.
480 841 693 905 Lecto
750 862 906 904 vero
968 840 1314 924 evangelio

113 930 481 995 secundum
525 929 888 1009 johannem
942 939 1100 993 ante
1160 949 1313 992 eum

114 1018 202 1082 ab
236 1018 352 1081 illo
396 1017 587 1081 loco:
642 1027 797 1086 ante
844 1019 1021 1081 diem
1070 1017 1311 1081 festum

114 1106 405 1189 pasce¹:
466 1125 663 1170 orans
724 1117 791 1170 et
859 1105 1149 1189 psallens
1218 1107 1317 1168 vir

112 1197 355 1258 beatus
406 1192 810 1258 obdormivit
860 1196 927 1258 in
986 1194 1313 1258 domino:

111 1285 221 1348 cui
254 1292 355 1346 est
396 1281 609 1345 honor
638 1291 704 1344 et
734 1282 946 1365 gloria
978 1283 1043 1344 in
1076 1282 1313 1346 secula.

118 1372 345 1436 Cetera
374 1370 455 1432 de
478 1371 805 1433 communi
834 1370 1031 1432 unius
1070 1371 1315 1451 confes-

108 1460 285 1522 soris
312 1479 436 1521 non
458 1457 799 1540 pontfficis.

113 1553 179 1626 11*
236 1547 471 1612 Sancte
503 1547 677 1630 fidis
706 1545 991 1627 virginis·
1031 1556 1096 1609 et
1140 1567 1316 1609 mar·

108 1635 299 1718 tyris.
1070 1634 1315 1698 Oratio·

110 1727 391 1858 Deus
465 1722 579 1805 qui
664 1732 1037 1804 presentem
1135 1723 1313 1785 diem

276 1813 470 1875 beate
522 1811 671 1874 fidis
724 1812 995 1892 virginis
1040 1820 1107 1874 et
1140 1830 1313 1873 mar-

112 1901 285 1984 tyris
334 1910 447 1963 tue
500 1899 660 1963 sacis
720 1919 864 1962 esse
924 1899 1315 1962 solennem:

113 1999 344 2072 presta
404 1987 675 2051 ecclesie
750 1998 907 2051 tue:
978 1997 1052 2050 ut
1126 1987 1315 2068 cujus

113 2077 371 2140 meritis
432 2076 751 2158 gloriatur
808 2076 951 2156 ejus
1012 2077 1315 2158 precibus

110 2165 483 2246 adjuvetur.
562 2185 679 2246 per
707 2165 1073 2229 dominum.
1162 2163 1243 2228 L.
1256 2165 1318 2246 j.

110 2255 451 2388 Sancta
464 2251 613 2314 fidis
632 2253 1107 2334 agennensium
1121 2253 1145 2289 ²
1164 2253 1317 2316 civi·

259 2351 395 2404 tate
426 2341 705 2404 oriunda
738 2341 905 2404 fuit:
952 2351 1019 2404 et
1064 2361 1153 2402 ex
1203 2361 1321 2422 pa-

112 2429 419 2496 rentibus
524 2429 855 2493 nobilibus
960 2440 1317 2512 procreata.

120 2519 281 2584 Hec
340 2518 519 2581 enim
581 2519 793 2600 prima
867 2518 979 2580 ἰῐι3
1053 2518 1320 2582 civitate

112 2626 388 2690 agenno
410 2608 613 2671 decus
635 2601 703 2669 et
728 2627 921 2668 exem
932 2605 1111 2688 plum
1136 2625 1323 2687 mag·
1402 2608 1657 2689 festum
1689 2617 2070 2685 martyrum.

114 2699 191 2760 ni
246 2695 537 2776 martyrii
585 2696 837 2758 cunctis
872 2694 1115 2758 Christi
1161 2691 1323 2757 fide-

117 2786 302 2849 libus
362 2782 501 2846 suit.
595 2782 765 2847 Cum
820 2793 1045 2848 autem
1100 2801 1322 2864 preses

118 2871 397 2936 nornine
470 2871 779 2934 datianus
804 2871 825 2910 ⁴
893 2871 1183 2934 directus
1241 2871 1327 2933 a⁵

114 2959 515 3024 dioclitiano
532 2958 557 2996 ⁸
576 2969 641 3022 et
674 2959 1089 3023 maximiano
1119 2960 1325 3040 impe-

120 3047 457 3113 ratoribus
516 3067 849 3128 agennum
920 3048 1151 3110 urbem
1230 3048 1325 3110 in-

118 3155 391 3220 gressus
452 3135 821 3197 christianis
880 3136 1326 3198 atrocissimas

120 3243 339 3308 penas
374 3222 677 3288 inferret:
710 3223 1025 3287 continuo
1056 3223 1323 3288 beatam

122 3313 335 3376 fidem
366 3312 687 3392 virginem
736 3313 1035 3376 accersiri
1076 3313 1275 3394 jussit
1310 3333 1325 3376 ε

121 3411 201 3464 et
222 3401 355 3462 suis
372 3400 835 3482 conspectibus
855 3401 1115 3463 adduci.
1161 3399 1237 3463 L.
1258 3401 1327 3482 ij.

138 3487 423 3622 Cujus
452 3489 896 3552 constantiam
931 3490 1067 3551 duo
1100 3487 1331 3550 fratres

276 3576 535 3657 primus
556 3585 623 3638 et
656 3575 999 3639 felicianus
1046 3586 1201 3657 post
1231 3576 1329 3638 di·

124 3684 325 3730 uersa
376 3673 857 3728 tormentorum
904 3683 1149 3746 genera
1216 3683 1333 3726 an-

124 3751 289 3818 helo
318 3762 587 3834 pectore
620 3751 978 3835 flagrantes
1004 3772 1017 3815 :
1039 3763 1177 3815 tam
1200 3750 1333 3816 fide

123 3861 339 3924 quam
411 3861 615 3924 opere
684 3842 915 3904 mortis
974 3840 1277 3923 periculis
1310 3839 1334 3878 ⁷

124 3929 439 3994 alacriter
513 3950 585 3992 se
670 3929 1053 4009 injecerunt.
1146 3927 1335 4010 Quos

126 4037 371 4082 omnes
420 4017 505 4080 ad
552 4018 863 4100 jugulum
921 4017 1155 4080 mortis
1203 4037 1335 4080 una

125 4105 625 4188 conspiratione
657 4114 1035 4170 consertos:
1068 4125 1229 4167 mox
1262 4114 1336 4169 ut

126 4194 303 4260 vidit
337 4194 447 4257 ille
478 4213 677 4256 sevus
709 4193 1003 4259 carnifex
1030 4215 1045 4256 t
1079 4192 1336 4256 blandi-

236 4315 253 4348 ¹
292 4315 513 4380 pasche:
552 4317 752 4368 R.N.S.

235 4385 258 4414 ²
292 4383 684 4447 agennensium:
722 4383 787 4432 N.
878 4383 899 4412 ⁸
938 4382 1021 4432 ‘in
1044 4383 1057 4404 ’
1080 4398 1179 4433 om.
1213 4402 1224 4432 :
1264 4382 1329 4432 N.

237 4451 259 4479 ⁴
290 4447 566 4498 dacianus:
604 4447 806 4500 R.N.S.

240 4519 261 4546 ⁸
301 4515 391 4564 ‘a'
418 4529 554 4564 om.:
592 4515 659 4564 N.

1907 381 2072 438 600

1413 489 1652 553 mentis
1677 489 2090 553 demulcere:
2123 487 2450 571 minisque
2482 497 2614 552 ter-

1412 598 1553 642 rere
1601 598 1716 642 eos
1763 579 1941 661 cepit
1991 580 2108 642 sed
2161 597 2283 642 nec
2331 576 2426 640 sic
2473 577 2612 640 ulio

1414 666 1617 728 modo
1649 665 1912 730 flectere
1933 666 2166 748 potuit.
2269 666 2483 762 Lectio⁸
2513 665 2610 748 iij.

1619 773 1701 818 nc
1751 754 1835 817 ad
1893 755 2204 818 ultimum
2253 755 2416 819 data
2463 773 2612 818 sen-

1574 843 1784 906 tentia
1815 863 2046 907 omnes
2077 842 2274 907 simul
2306 841 2394 906 ad
2423 841 2613 908 delu-

1415 929 1606 992 brum
1637 930 1791 995 duci
1824 931 2158 1015 precepit:
2204 939 2278 998 ut
2323 939 2440 995 aut
2484 931 2612 995 diis

1413 1019 1802 1084 immolare:
1849 1029 1966 1082 aut
2013 1020 2340 1102 capitibus
2393 1019 2612 1102 plexis

1411 1107 1722 1170 omnibus
1799 1109 2043 1170 cerium
2093 1107 2120 1145 ⁸
2209 1107 2326 1171 fiat
2401 1107 2610 1172 vitam

1414 1193 1617 1258 finire.
1681 1195 1882 1259 Ducti
1903 1216 2058 1260 vero
2089 1195 2176 1259 ad
2208 1195 2424 1260 locum
2459 1215 2612 1261 cum

1414 1282 1600 1346 nulla
1651 1283 1714 1346 vi
1783 1293 2094 1366 poterant
2153 1283 2462 1366 compelli
2523 1286 2610 1349 ad

1414 1370 1920 1435 sacrificandum
2025 1372 2356 1453 capitibus
2447 1373 2614 1436 cesis

1416 1459 1610 1522 unius
1663 1460 1792 1522 diei
1845 1460 2009 1523 hora
2061 1480 2212 1525 cum
2273 1461 2614 1543 triumpho

1418 1547 1713 1628 martyrii
1739 1548 1824 1610 ad
1845 1567 2158 1611 coronam
2177 1548 2386 1630 glorie
2403 1549 2616 1632 pridie

1417 1654 1625 1698 nonas
1667 1635 1956 1699 octobris
2007 1637 2450 1716 migraverunt
2497 1657 2616 1720 per

1414 1743 1568 1785 eum
1616 1725 1727 1807 qui
1776 1725 1940 1788 vivit
1993 1735 2058 1788 et
2109 1733 2342 1806 regnat
2387 1725 2454 1788 in
2515 1747 2618 1787 se-

1411 1812 1561 1874 cula
1593 1812 1959 1876 seculorum
1992 1833 2203 1877 amen.
2302 1811 2521 1878 Cetera
2541 1813 2623 1877 de

1413 1901 1741 1964 communi
1767 1901 1965 1962 meins
2009 1901 2295 1982 virg-inis·
2327 1911 2390 1964 ct
2438 1922 2616 1964 mar-

1417 1988 1600 2068 tyris·

1420 2081 1484 2154 ff
1533 2076 1770 2140 Sancti
1798 2077 2006 2140 marci
2016 2087 2186 2159 pape
2211 2087 2278 2140 et
2303 2079 2616 2160 consesso-

1417 2165 1531 2228 νίς.
1562 2185 1688 2227 non
1717 2165 2060 2228 dubitatur
2080 2167 2238 2248 quin
2246 2168 2384 2249 fiat
2409 2166 2618 2230 servi-

1418 2253 1586 2315 tium
1605 2253 1686 2316 de
1709 2265 1928 2316 sancto
1945 2275 2160 2317 marco
2173 2279 2198 2320 .·
2226 2266 2292 2317 et
2307 2257 2617 2318 memoria

1416 2341 1497 2404 de
1536 2341 1946 2423 martyribus.
2001 2353 2065 2405 et
2105 2343 2202 2406 sic
2226 2345 2368 2426 fiat
2412 2344 2620 2408 alibi:

1420 2430 1534 2492 ubi
1557 2430 1766 2494 eodem
1801 2431 1910 2494 die
1937 2433 2444 2513 prenominatur
2475 2433 2618 2514 ses-

1420 2527 1557 2581 tam
1612 2518 2074 2599 corfissorumi'
2103 2530 2165 2584 et
2212 2520 2624 2602 subsequitur

2372 2609 2622 2674 Oratio.

1424 2695 1778 2826 Exaudi
1809 2697 2082 2758 domine
2105 2716 2331 2777 preces
2363 2706 2621 2760 nostras

1569 2792 1637 2845 et
1671 2783 2146 2846 interveniente
2178 2784 2378 2848 beato
2399 2805 2622 2849 marco

1424 2870 1800 2934 consessore
1861 2879 1980 2934 tuo
2039 2881 2240 2954 atque
2310 2872 2622 2954 pontifice

1424 2958 1942 3040 supplicationes
2001 2970 2260 3022 nostras
2321 2960 2622 3042 placatus

1426 3048 1715 3110 intende.
1762 3066 1880 3128 per
1907 3046 2271 3112 dominum.
2365 3052 2430 3125 ff
2476 3048 2620 3111 ,Me-

1424 3134 1638 3198 moria
1667 3135 1748 3196 de
1773 3135 2185 3215 martyribus.
2277 3135 2338 3199 A
2350 3145 2409 3201 ἢ.
2446 3135 2626 3200 Gau·-

1424 3225 1587 3286 dent
1620 3223 1686 3285 in
1719 3222 1892 3286 celis.
1984 3241 2030 3310 γ
2080 3222 2408 3288 Exultent
2442 3223 2623 3306 justi.

1426 3314 1904 3446 Sanctorum
1940 3321 2306 3393 martyrum
2343 3311 2624 3397 [Oratio.

1565 3415 1832 3463 tuorum
1880 3419 2002 3462 nos
2031 3401 2300 3464 domine
2335 3401 2625 3465 marcelli

1430 3499 1497 3551 et
1552 3489 1819 3571 appulei
1874 3488 2072 3552 beata
2123 3489 2359 3555 merita
2406 3510 2630 3572 prose-

1429 3587 1756 3658 quantur:
1804 3586 1872 3640 et
1919 3587 2037 3654 tuo
2085 3597 2348 3660 semper
2385 3580 2632 3644 faciant

1431 3685 1658 3728 amore
1689 3665 2036 3729 ferventes,
2113 3687 2232 3749 per
2264 3667 2628 3733 dominum,

1432 3757 1523 3886 l
1540 3763 1689 3816 nter
1741 3763 1960 3818 cetera
2011 3773 2196 3818 sacre
2240 3757 2358 3819 ob·
2392 3753 2556 3838 [Lec.
2569 3755 2630 3837 j.

1539 3843 1868 3904 servantie
1928 3843 2329 3906 documenta
2375 3843 2633 3906 traditi·

1434 3949 1564 3992 one
1585 3949 1930 3992 movemur
1952 3931 2335 4012 evangelica
2357 3930 2634 3994 :divinis

1435 4017 1767 4080 celebrare
1862 4017 2170 4080 laudibus
2253 4027 2634 4082 sanctorum

1439 4105 1714 4168 merita:
1809 4115 1884 4168 ut
1961 4125 2080 4186 per
2174 4105 2372 4186 hujus
2432 4107 2638 4169 devo-

1445 4194 1646 4256 tionis
1665 4191 1988 4275 obsequia
2013 4215 2028 4258 :
2061 4193 2320 4256 illorum
2345 4193 2642 4258 donante

1536 4318 1559 4346 ⁸
1591 4313 1935 4365 diocleciano=
1971 4315 2098 4366 R.S.
2171 4316 2512 4366 dioclentiano
2533 4335 2546 4368 :
2571 4317 2640 4369 N.

1538 4381 1828 4498 :2323222
2018 4447 2053 4498 s

1544 4517 1567 4545 ⁸
1599 4515 1682 4564 vel
1698 4483 1980 4578 cmxli-5503}
2049 4483 2112 4562 Y.
