3117 4959
1294 253 1356 308 S.
1394 253 1634 310 LUCE.
1662 252 1723 308 E
1733 251 2274 310 VANGELISTE.

1062 358 1221 414 625

528 483 611 526 eo
650 463 735 526 ad
786 462 1141 528 cenobium
1189 464 1553 529 fontanelle
1599 467 1732 530 acri

528 553 709 634 cepit
739 554 971 615 ardore
1001 550 1283 616 febrium
1316 552 1618 634 fatigari:
1664 562 1734 617 et

526 659 650 721 per
680 640 949 722 aliquod
974 639 990 675 ¹
1025 649 1291 721 tempus
1320 640 1557 704 eadem
1589 661 1734 703 cor-

528 728 707 808 poris
755 726 1103 791 laborabat
1149 727 1469 791 molestia.
1565 728 1734 812 Sep-

526 815 695 877 timo
746 824 819 878 ut
879 814 1005 877 sibi
1068 817 1465 897 promissum
1520 816 1732 881 suerat

526 902 846 965 divinitus
894 903 1041 966 die:
1090 912 1157 965 et
1202 913 1557 985 postquam
1591 905 1733 968 obi-

526 997 673 1050 tum
728 1009 921 1053 suum
970 990 1285 1054 dominici
1342 995 1634 1074 corporis
1663 1001 1732 1055 et

525 1077 869 1157 sanguinis
928 1081 1350 1160 perceptione
1404 1081 1731 1144 munivit:

528 1164 747 1227 soluta
779 1164 865 1227 ab
896 1166 1229 1246 ergastulo
1262 1168 1476 1230 carnis
1506 1169 1732 1230 anima

528 1261 799 1314 sancta:
832 1254 1165 1315 consortia
1188 1255 1381 1335 petiit
1411 1273 1731 1336 superno-

526 1358 671 1401 rum
706 1339 946 1402 civium
982 1360 1101 1422 per
1128 1361 1281 1403 eum
1317 1342 1430 1423 qui
1463 1343 1628 1405 vivit
1661 1351 1728 1404 et

528 1437 762 1507 regnat
796 1427 859 1488 in
895 1428 1131 1491 secula.
1208 1427 1426 1494 Cetera
1456 1430 1537 1490 de
1562 1451 1729 1491 com-

528 1535 716 1577 mum
757 1515 955 1577 unius
982 1516 1363 1596 confessoris
1380 1517 1728 1600 pontefici&

534 1606 597 1677 ‘l'
641 1601 729 1665 In
778 1603 995 1665 natali
1035 1604 1249 1666 sancti
1288 1605 1423 1666 luce
1460 1625 1731 1685 evange-

527 1689 688 1752 liste.

618 1775 745 1838 Ad
788 1788 1081 1858 vesperas
1130 1778 1193 1840 A
1208 1785 1267 1842 a.
1313 1778 1453 1841 Vos
1488 1779 1600 1861 qui
1633 1799 1731 1842 re-

530 1864 835 1946 liquistis,
898 1875 957 1927 et
1022 1873 1215 1928 cetere
1254 1866 1600 1947 antiphone
1637 1887 1726 1928 se-

526 1961 786 2034 quentes
836 1973 979 2014 cnm
1026 1953 1309 2033 psalmis
1352 1954 1730 2034 ferialibus,

536 2039 684 2120 Cap.
758 2039 1135 2121 Unicuique
1181 2049 1499 2104 nostrum.
1613 2043 1728 2106 Re.

532 2127 867 2208 Quattuor
940 2126 1271 2192 animalia.
1421 2129 1734 2210 Hymnus

530 2214 778 2276 Annue
840 2212 1121 2278 Christe.
1210 2231 1259 2301 γ
1314 2215 1393 2278 In
1458 2237 1728 2281 omnem

531 2310 791 2363 terram.
854 2300 937 2363 In
969 2321 1191 2382 evang.
1224 2311 1328 2366 aii.
1398 2305 1576 2369 Ecce
1607 2325 1732 2386 ego

522 2387 869 2470 johannes,
946 2397 1045 2470 pff.
1096 2389 1503 2472 Magnificat.
1581 2393 1730 2456 Oro,

529 2477 1011 2607 Interveniat
1058 2498 1179 2559 pro
1226 2479 1416 2542 nobis
1461 2481 1732 2543 domine

642 2583 1004 2644 quesumus
1051 2575 1319 2629 sanctus
1365 2575 1518 2629 tuus
1550 2567 1733 2632 lucas

530 2651 979 2732 evangelista:
1026 2653 1141 2733 qui
1188 2653 1393 2716 crucis
1452 2655 1734 2718 mortifi-

531 2739 861 2802 cationem
904 2739 1152 2822 jugiter
1196 2741 1261 2803 in
1308 2761 1428 2805 suo
1458 2763 1734 2825 corpore

532 2846 654 2910 pro
684 2827 780 2890 tui
815 2829 1102 2890 nominis
1150 2827 1400 2892 honore
1441 2832 1734 2913 portavit

534 2935 654 2997 per
743 2915 1108 2979 dominum.
1254 2917 1584 2982 Memoria
1659 2919 1738 2981 de

532 3011 749 3065 sancto
786 3003 975 3084 justo
1022 3013 1325 3084 martyre.
1410 3006 1546 3068 Aa.
1602 3006 1734 3070 Hic

535 3099 638 3153 est
669 3111 838 3153 vere.
946 3089 1309 3155 Versiculns
1336 3101 1399 3154 et
1424 3094 1633 3156 oratio
1663 3103 1738 3156 ut

534 3179 605 3240 in
636 3179 973 3242 communi.
1041 3179 1166 3242 Ad
1180 3179 1543 3243 matutinas
1560 3191 1635 3244 ut
1663 3181 1734 3244 in

532 3266 858 3329 communi
882 3266 1081 3329 unius
1108 3269 1506 3348 evangeliste.
1588 3268 1664 3332 L.
1671 3269 1734 3350 j.

534 3355 827 3484 Lucas
871 3353 1059 3434 cujus
1107 3354 1305 3418 hodie
1354 3356 1519 3419 festa
1562 3356 1733 3418 cele-

670 3442 937 3504 bramus
969 3443 1237 3504 natione
1282 3463 1473 3523 syrus
1518 3445 1735 3507 antio-

534 3529 784 3590 censis²
843 3528 1136 3591 eruditus
1187 3539 1325 3593 arte
1386 3532 1732 3596 medicus:

534 3614 896 3696 discipulus
955 3617 1451 3697 apostolorum:
1498 3630 1735 3701 postea

533 3702 804 3784 paulum
868 3713 1130 3766 secutus
1206 3715 1307 3768 est
1373 3727 1586 3788 usque
1647 3707 1733 3770 ad

530 3791 1014 3854 confessionem
1078 3791 1221 3871 ejus
1270 3795 1561 3857 serviens
1616 3796 1734 3858 do-

532 3880 715 3942 mino
747 3878 887 3941 sine
918 3879 1209 3944 crimine.
1304 3881 1481 3944 Nam
1515 3903 1732 3965 neque

532 3987 813 4030 uxorem
876 3968 1261 4049 nunquam³
1312 3968 1567 4034 habens
1616 3993 1735 4035 ne-

532 4076 663 4136 que
696 4055 899 4119 filios:
942 4056 1370 4138 septuaginta
1418 4068 1487 4121 et
1540 4069 1733 4141 quat-

532 4153 689 4206 tuor
739 4163 1062 4207 annorum
1111 4145 1277 4210 obiit
1324 4147 1390 4210 in
1452 4147 1734 4212 bithinia

533 4228 768 4309 plenus
798 4233 1283 4313 spiritusanctO.

616 4363 631 4393 ¹
668 4364 893 4428 aliquot:
930 4367 1133 4420 R.N.S.

620 4432 639 4466 ⁴
672 4431 908 4498 qudem:
944 4431 1084 4483 RN.

1418 4234 1634 4298 Lectio
1665 4237 1734 4319 ij.

1533 4371 1555 4402 ⁸
1587 4371 1959 4428 anthiocensis:
1996 4373 2063 4423 N.

1300 4437 1322 4468 ⁸
1352 4438 1974 4502 constantinopolitanam
1999 4456 2011 4490 z
2047 4439 2111 4488 R.
2181 4438 2840 4504 constantinopolitanam:
2869 4437 2920 4486 N.

2345 357 2504 413 626

1973 466 2038 528 ui
2097 485 2252 528 cum
2306 463 2450 546 jam
2509 459 2752 545 scripta
2797 471 2962 528 emt

1971 552 2316 636 evangelia
2341 572 2458 634 per
2487 551 2840 614 mattheum
2863 552 2966 632 qui·

1833 642 1990 703 dem
2066 643 2134 704 in
2203 641 2410 724 judea
2453 661 2470 703 :
2543 659 2665 722 per
2733 657 2968 702 marcum

1834 738 2060 792 autem
2086 729 2153 791 in
2174 729 2356 792 italia
2382 750 2397 793 :
2421 736 2656 790 sancto
2680 726 2972 807 instigante

1833 817 2067 898 spiritu
2128 819 2196 880 in
2245 815 2504 879 archaie
2555 814 2840 896 partibus
2881 813 2971 876 hoc
3017 819 3019 836 '

1835 905 2094 987 scripsit
2153 902 2614 984 evangelium:
2657 899 2972 983 significatu

1834 993 2038 1054 etiam
2099 992 2240 1074 ipse
2300 993 2368 1054 in
2429 988 2798 1072 principio:
2859 999 2972 1051 ante

1831 1079 1962 1142 alia
1994 1099 2136 1142 esse
2154 1078 2498 1160 descripta.
2550 1077 2973 1140 Primusetiam

1834 1166 2015 1229 lucas
2061 1167 2274 1248 grecis
2319 1164 2629 1230 fidelibus
2675 1165 2906 1228 venturi
2927 1165 2972 1224 in

1831 1274 2034 1317 carne
2078 1255 2188 1317 dei
2237 1252 2479 1319 Christi
2533 1252 2974 1315 humilitatem:

1833 1361 1917 1405 ne
1965 1342 2247 1422 judaicis
2288 1340 2394 1404 vel
2439 1340 2748 1403 hereticis
2791 1337 2977 1400 sabulis

1832 1429 2073 1491 attenti
2109 1451 2123 1492 ε
2170 1429 2238 1491 in
2287 1429 2430 1491 solo
2481 1428 2652 1509 legis
2708 1425 2978 1490 desiderio

1832 1525 2216 1580 tenerentur
2225 1517 2405 1578 omni
2431 1516 2818 1598 probatione
2837 1533 2978 1575 mon·

1831 1605 2082 1667 stravit.
2697 1601 2886 1664 Lectio
2909 1600 2977 1680 iij:

1829 1691 2182 1822 Dehinc
2231 1692 2298 1752 in
2339 1690 2668 1772 principio
2713 1688 2976 1769 evangelii

1982 1779 2298 1859 johannis
2321 1779 2676 1840 nativitate
2693 1795 2978 1858 presump-

1783 1905 1790 1914 -
1831 1876 1902 1930 ta
1932 1888 1946 1930 ε
1993 1869 2098 1930 cui
2130 1866 2550 1946 evangelium
2585 1864 2910 1928 scriberet:
2933 1873 2982 1924 et

1833 1955 1898 2016 in
1957 1975 2090 2036 quo
2140 1954 2387 2017 electus
2437 1953 2753 2017 scriberet
2783 1951 2982 2014 indica-

1833 2051 1932 2105 ret
1961 2063 1975 2105 :
2019 2051 2405 2105 contestans
2451 2043 2518 2103 in
2557 2061 2630 2103 se
2661 2060 2802 2102 esse
2839 2057 2982 2100 com-

1832 2129 2015 2211 pleta
2034 2151 2165 2212 que
2184 2131 2270 2192 ab
2290 2129 2436 2192 aliis
2461 2138 2687 2192 essent
2711 2127 2982 2190 inchoata

1837 2218 1970 2280 Hic
2015 2219 2344 2299 siquidem
2363 2217 2389 2253 ⁴
2437 2217 2624 2279 lucas
2675 2213 2984 2296 evangelis·

1832 2314 2050 2369 tarum
2083 2305 2341 2368 medius
2371 2303 2700 2386 evangelii
2731 2304 2827 2366 sui
2853 2301 2985 2364 ordi-

1833 2413 1986 2454 nem
2064 2412 2107 2455 a
2197 2393 2544 2457 nativitate
2642 2388 2984 2473 precursoris

1837 2480 2082 2546 Christi
2114 2480 2463 2546 inchoavit.
2526 2479 2833 2542 Tradunt
2849 2477 2984 2540 enim

1835 2569 2133 2632 nonnulli
2251 2568 2429 2631 hunc
2551 2565 2986 2647 evangelistam

1835 2676 2040 2719 unum
2073 2676 2218 2719 esse
2263 2677 2350 2719 ex
2397 2655 2664 2718 duobus
2697 2651 2986 2734 discipulis

1833 2745 2074 2825 quibus
2213 2752 2367 2825 post
2493 2741 2986 2805 resurrectionem

1838 2831 2081 2896 Christi
2131 2832 2198 2894 in
2247 2851 2477 2894 emaus
2507 2828 2854 2893 castellum
2881 2845 2988 2908 per-

1833 2918 2188 3000 gentibus:
2257 2919 2696 3001 semetipsum
2751 2915 2987 2978 salvator

1835 3015 2062 3069 noster
2119 3006 2410 3070 sociavit.
2520 3003 2986 3087 Septuagesimo

1836 3103 2074 3176 quarto
2105 3095 2300 3157 etatis
2325 3113 2442 3157 sue
2461 3113 2640 3157 anno
2666 3095 2738 3155 in
2761 3089 2985 3155 bithinie

1835 3182 2135 3264 partibus
2197 3202 2434 3264 corpus
2487 3182 2630 3262 ejus
2685 3181 2984 3244 humatum

1835 3278 1952 3332 est.
2047 3270 2138 3332 Et
2190 3279 2343 3350 post
2395 3269 2654 3351 aliquot
2713 3289 2910 3332 annos
2943 3265 2984 3324 in

1832 3357 2622 3438 constantinopolitanam
2657 3357 2689 3393 ⁵
2809 3355 2984 3418 urbem

1833 3465 1984 3508 curn
2007 3443 2257 3508 honore
2276 3445 2676 3508 translatum
2699 3455 2820 3508 est.
2877 3441 2986 3505 Tm

1833 3534 2038 3595 medie
2051 3533 2336 3595 lectiones
2357 3532 2438 3596 de
2450 3553 2756 3596 sermone.
2811 3531 2883 3594 L.
2899 3527 2985 3608 iiii.

1833 3624 2060 3754 Per
2103 3630 2407 3684 sanctum
2450 3619 2802 3701 prophetie
2845 3617 2986 3700 spiri-

1988 3717 2132 3771 tum
2164 3717 2457 3791 pennata
2481 3709 2802 3771 animalia
2829 3703 2986 3769 subti-

1833 3795 1984 3859 liter
2027 3796 2529 3860 describuntur:
2579 3805 2654 3858 ut
2685 3796 2812 3858 hec
2839 3811 2988 3856 evan·

1833 3885 2217 3968 gelistarum
2267 3883 2640 3966 significare
2669 3895 2986 3966 personas:

1833 3974 1978 4055 ipsa
2032 3974 2224 4037 nobis
2273 3971 2604 4037 subtilitas
2651 3969 2987 4054 descriptio·

1835 4062 1936 4126 nis
1983 4063 2280 4145 aperiat:
2328 4061 2626 4142 nihilque
2663 4081 2878 4124 sermo
2911 4053 2984 4118 dei

1834 4160 2062 4213 nostro
2107 4149 2470 4212 intellectui
2517 4148 2876 4212 dubietatis
2921 4163 2984 4206 re-

1833 4237 2092 4320 linquat
2137 4259 2151 4301 :
2231 4237 2406 4300 Ecce
2484 4237 2668 4300 enim
2747 4237 2982 4301 dicitur:

2419 4373 2441 4403 ⁸
2471 4388 2696 4438 unquam
2721 4391 2736 4426 ε
2770 4375 2834 4424 Ν.
