3117 4959
1326 263 1435 320 IN
1478 263 1862 322 TRANSLA
1875 265 2138 322 YIONE

1009 371 1158 428 687

478 476 876 543 succedente
894 483 1197 560 tempore
1224 497 1267 542 a
1296 477 1684 560 parentibus

475 565 863 632 liberalibus
892 564 1129 629 studiis
1151 564 1433 630 traditur
1462 566 1684 630 imbu-

480 653 713 720 endus,
761 653 972 716 Parvo
1000 673 1157 717 vero
1186 663 1488 736 tempore
1506 655 1686 718 suffi-

480 743 734 807 cienter
762 741 1117 804 instructus
1144 760 1297 804 cum
1328 741 1465 806 vite
1494 761 1684 806 sanc-

480 829 677 894 titate
707 827 1025 911 polleret:
1056 829 1141 894 ad
1167 849 1388 892 sacros
1418 831 1684 894 ordines

482 925 831 1001 promotus
872 937 887 980 :
963 937 1052 980 ex
1129 937 1453 982 consensu
1526 917 1686 982 cleri

483 1005 829 1088 plebisque
861 1005 927 1066 in
966 1003 1533 1088 archiepiscopum
1582 1025 1688 1069 ro

482 1093 990 1174 thomagensem
1022 1102 1124 1157 est
1155 1092 1403 1157 electus
1432 1103 1501 1157 et
1532 1103 1688 1175 post

484 1180 823 1246 modicum
854 1191 1273 1246 consecratus
1300 1203 1316 1247 :
1360 1190 1429 1244 et
1459 1182 1689 1244 omnia

486 1268 711 1352 phana
739 1268 1088 1333 destruxit.
1368 1269 1584 1332 Lectio
1614 1269 1684 1352 ij.

505 1357 1001 1494 Ubicunque
1031 1365 1255 1420 autem
1302 1355 1525 1438 phana
1567 1357 1683 1420 de-

670 1463 947 1508 monum
1007 1443 1379 1508 destruxit:
1432 1444 1682 1508 ibidem

489 1531 837 1596 ecclesiam
932 1533 998 1595 in
1076 1530 1320 1597 Christi
1414 1533 1685 1596 nomine

488 1621 919 1684 consecravit.
1010 1619 1327 1703 Quodam
1379 1628 1684 1704 tempore

354 1741 364 1748 ·
487 1707 781 1790 hyemali
859 1707 1019 1771 dum
1110 1707 1290 1772 solus
1374 1727 1686 1772 romanus

488 1815 749 1878 pernox
794 1796 1073 1860 orationi
1117 1805 1422 1861 vacaret:
1477 1797 1689 1860 astitit

486 1885 733 1948 demon
787 1883 1004 1948 nudus
1052 1894 1209 1949 ante
1239 1884 1413 1948 sores
1442 1883 1588 1965 ejus
1618 1884 1686 1948 in

366 2050 371 2054 ¹
487 1972 710 2054 specie
770 1970 1061 2034 mulieris
1120 1972 1361 2038 dicens,
1454 1971 1690 2036 Electe

491 2057 603 2122 dei
648 2078 961 2124 romane:
1008 2060 1187 2142 aperi
1238 2060 1399 2124 mihi
1445 2059 1687 2142 januas

492 2155 645 2210 tuas
672 2167 687 2210 :
718 2147 877 2228 quia
903 2145 1143 2227 frigore
1174 2167 1455 2228 premor.
1548 2147 1688 2214 Sed

491 2242 761 2297 sanctus
804 2234 913 2298 dei
958 2234 1119 2297 talia
1148 2235 1503 2316 spernebat
1530 2255 1692 2298 con-

488 2321 711 2386 sortia.
801 2321 992 2384 Tunc
1046 2320 1161 2384 illa
1202 2321 1532 2388 clamavit.
1627 2323 1690 2388 O

491 2427 765 2473 romane
796 2417 867 2471 tu
902 2407 1169 2473 Christo
1214 2410 1592 2475 redditurus
1622 2431 1695 2476 es

492 2496 817 2560 rationem
850 2496 937 2559 ob
968 2497 1262 2560 animam
1311 2517 1529 2562 meam
1562 2519 1695 2580 que

493 2605 535 2648 a
595 2583 945 2666 frigoribus
1003 2604 1044 2648 e
1102 2605 1377 2668 corpore
1436 2587 1698 2669 cogitur

492 2673 695 2736 exire.
1346 2673 1568 2738 Lectio
1597 2673 1694 2757 iij.

508 2761 885 2896 Cumque
928 2769 1199 2826 sanctus
1234 2781 1547 2826 romanus
1579 2781 1700 2829 un?

636 2847 839 2932 dique
869 2849 1111 2912 anxius
1142 2857 1390 2915 staret:
1420 2849 1696 2914 tandem

498 2935 751 3019 pietate
778 2945 1155 3002 commotus
1172 2947 1523 3001 vocantem
1544 2937 1700 3001 hos-

499 3032 639 3088 tem
671 3023 845 3088 intro
888 3025 1112 3089 venire
1160 3024 1466 3090 decrevit.
1561 3025 1698 3090 Sed

501 3112 879 3176 denudatus
938 3111 1244 3176 diabolus
1319 3113 1403 3176 ad
1473 3113 1698 3194 ignem

501 3208 605 3264 est
652 3199 1045 3266 calefactus:
1091 3199 1460 3282 dilatatque
1490 3201 1702 3266 crines

503 3287 740 3369 capitis
770 3288 871 3350 sui
902 3307 1113 3370 usque
1132 3287 1219 3352 ad
1250 3290 1468 3371 pedeS.
1562 3287 1698 3354 Sed

504 3375 817 3438 dominus
864 3377 1287 3458 omnipotens
1334 3397 1499 3440 mox
1547 3376 1703 3441 celi-

502 3461 720 3526 colam
770 3463 1135 3526 transmisit
1182 3465 1268 3526 ad
1318 3465 1704 3547 episcopum

506 3548 739 3612 auxilii
788 3569 1001 3614 causa.
1091 3550 1208 3614 Ad
1240 3551 1427 3633 cujus
1458 3553 1704 3616 adven-

506 3644 651 3700 tum
729 3635 1041 3718 depulsus
1115 3648 1217 3701 est
1290 3638 1500 3704 hostis
1536 3661 1551 3705 :
1627 3660 1705 3704 ac

508 3732 776 3788 sanctus
817 3724 927 3788 dei
976 3745 1107 3789 non
1154 3725 1369 3790 solum
1402 3737 1653 3792 extunc
1689 3749 1705 3794 :

505 3813 625 3878 sed
656 3831 920 3896 semper
948 3815 1309 3895 permansit
1349 3816 1606 3880 stabilis
1639 3817 1704 3880 in

506 3909 777 3986 pectore
822 3908 1025 3965 casto,
1118 3901 1211 3966 Et
1256 3922 1409 3966 cum
1464 3923 1704 3986 appro-

508 3990 895 4072 pinquasset
943 3989 1167 4052 exitus
1212 3991 1313 4054 sui
1363 3991 1543 4054 dies:
1591 4013 1706 4056 vo·

508 4079 675 4142 catis
706 4076 1013 4141 fidelibus
1040 4099 1055 4141 :
1088 4087 1325 4142 cuncta
1347 4098 1479 4160 que
1502 4079 1706 4143 habe-

508 4165 627 4230 bat
657 4165 882 4248 egenis
919 4166 1293 4231 distribuit:
1340 4187 1425 4230 ne
1470 4168 1706 4232 transi-

505 4261 657 4318 turo
716 4273 755 4316 e
815 4254 1072 4320 mundo
1146 4253 1369 4338 aliqua
1444 4255 1706 4320 macula

704 4427 1101 4479 '‘cum’om.=
1138 4429 1191 4480 S.

1560 4433 1584 4462 ²
1614 4437 1755 4482 tanta
1778 4449 1791 4482 ε
1827 4430 1970 4483 ΚΝ.

2286 369 2444 427 688

1781 478 2186 544 inveniretur
2258 478 2326 542 in
2401 497 2505 541 eo,
2653 472 2996 540 Transivit

1781 588 1940 632 vero
1969 588 2008 632 e
2049 566 2301 631 mundo
2347 565 2624 629 decimo
2675 561 3002 626 kalendas

1783 653 2206 720 novembris:
2249 655 2338 718 ad
2399 653 2679 717 laudem
2749 649 3004 713 domini

1785 743 2167 824 nostriJesu
2185 741 2446 808 Christi.
2489 740 2730 808 Cetera
2747 738 3005 800 decom-
3065 773 3068 778 -

1785 832 1978 894 muni
2003 830 2203 894 unius
2222 830 2608 910 confissoris
2621 825 2984 909 pontificis.

1789 924 1852 998 (Ι
1890 919 1976 982 In
2021 917 2450 982 translatione
2502 913 2740 979 sancti
2760 913 3003 994 johan-

1784 1008 1894 1070 nis
1943 1005 2267 1070 beverlaci.
2357 1004 2484 1068 Ad
2535 1014 2858 1084 vesperas
2903 1009 3000 1063 aii.

1785 1095 2086 1159 Amavit.
2165 1105 2230 1159 et
2269 1102 2466 1156 oetere
2505 1089 2880 1172 antiphone
2913 1109 2999 1150 se-

1784 1193 2081 1265 quentes.-
2121 1201 2268 1245 cum
2289 1179 2580 1262 psalmis
2611 1177 2996 1259 ferialibus.

1793 1271 1941 1352 Cap.
2018 1271 2195 1334 Ecce
2225 1269 2550 1332 sacerdos.
2631 1267 2760 1330 Re.
2813 1264 2995 1328 Miles

1787 1358 2054 1424 Christi.
2104 1357 2434 1438 Hymnus.
2483 1357 2630 1419 Iste
2659 1353 2996 1418 confessos

1785 1447 2058 1510 domini.
2147 1462 2196 1532 γ
2240 1443 2537 1508 Amavit.
2633 1443 2782 1506 Αῆ.
2831 1441 2993 1506 Con-

1786 1535 2012 1599 fessor.
2085 1541 2188 1616 pff.
2237 1529 2656 1614 Magnificat.
2751 1529 2987 1595 Oratio.

1785 1625 2060 1754 Deus
2090 1621 2203 1703 qui
2233 1621 2411 1684 hunc
2441 1618 2625 1683 diem
2659 1617 2990 1682 sanctissi-

1943 1709 2036 1772 mi
2077 1708 2388 1791 johannis
2448 1707 2858 1772 confessoris
2901 1705 2992 1768 tui

1787 1806 1994 1879 atque
2024 1795 2355 1879 pontificis
2399 1795 2852 1858 translatione
2885 1793 2998 1856 de-

1787 1885 2070 1949 corasti:
2115 1884 2220 1948 fac
2273 1903 2396 1946 nos
2447 1883 2594 1964 ejus
2643 1881 2910 1945 meritis
2935 1881 3002 1942 in

1787 1982 2170 2037 sanctorum
2257 1981 2526 2035 tuorum
2603 1970 3004 2034 societatem

1787 2059 2141 2125 transferri.
2187 2080 2308 2142 per
2334 2059 2706 2122 dominum.
2759 2061 2826 2135 OE
2857 2057 3008 2120 Me-

1791 2147 2003 2212 moria
2029 2148 2110 2212 de
2133 2148 2378 2211 sancta&
2407 2145 2821 2226 martyribus
2845 2144 3006 2206 crir-

1775 2239 1940 2319 pzno
1965 2246 2031 2300 et
2053 2235 2463 2318 crispiniano.
2509 2235 2647 2298 An.
2681 2233 3008 2298 Gaudent

1793 2325 1860 2388 in
1907 2323 2086 2388 celis.
2173 2340 2222 2410 γ
2287 2323 2636 2386 Exultent.
2769 2319 3008 2385 Oratio

1796 2412 1985 2476 Deus
2028 2412 2144 2493 qui
2186 2431 2326 2474 nos,
2415 2419 2494 2474 nt
2535 2411 2608 2472 in
2653 2409 3004 2472 communi.

1793 2499 1919 2566 Ad
1943 2509 2142 2564 matu.
2174 2497 2417 2562 Invita.
2512 2497 2751 2563 Unum
2781 2497 3006 2559 deum.

1793 2587 1894 2652 Et
1915 2596 2119 2650 cetera
2148 2595 2224 2650 ut
2251 2586 2322 2649 in
2351 2585 2693 2649 communi.
2785 2585 2940 2648 Lec.
2951 2584 3012 2666 j.

1796 2678 2190 2807 Letemur
2225 2673 2427 2756 igitur
2467 2672 2706 2736 fratres
2755 2671 3014 2735 charis-

1933 2781 2084 2828 s1m1
2124 2761 2406 2826 letemur
2449 2760 2518 2824 in
2562 2759 2897 2824 domino:
2946 2768 3016 2822 et

1798 2850 1980 2915 diem
2037 2849 2483 2913 venerabilem
2543 2846 3015 2912 translationis

1798 2937 2222 3002 sacratissimi
2250 2937 2372 3001 viri
2397 2936 2715 3019 johannis
2747 2933 3012 2999 confes-

1799 3025 1964 3090 soris
1984 3035 2054 3090 et
2083 3024 2557 3108 archiepiscopi
2581 3024 3012 3088 eboracensis
3059 3079 3061 3082 Α

1800 3112 2224 3180 celebremus.
2334 3111 2469 3195 Qui
2529 3132 2686 3175 cum
2741 3112 2818 3175 in
2875 3113 3010 3174 vita

1801 3221 1922 3265 sua
1950 3201 2271 3266 extiterat
2299 3199 2734 3264 miraculosus
2759 3221 2780 3264 :
2829 3219 3008 3280 mag·

1804 3290 1906 3354 nis
1937 3289 2005 3352 in
2039 3289 2289 3352 mundo
2307 3297 2670 3371 postquam
2689 3287 3008 3351 decessit:

1803 3377 1911 3442 dei
1961 3377 2178 3459 gratia
2242 3376 2596 3440 virtutibus
2657 3375 3010 3439 chorusca-

1804 3465 1916 3529 vit.
2011 3464 2364 3529 Laudabili
2417 3483 2582 3546 ergo
2629 3462 2798 3526 cleri
2857 3483 3011 3526 con-

1806 3553 1954 3616 silio
1984 3552 2314 3616 universi:
2359 3553 2506 3616 dies
2552 3551 2620 3614 in
2675 3571 2820 3632 quo
2873 3549 3014 3631 ejus

1805 3640 1943 3704 fieri
2007 3640 2280 3704 deberet
2337 3638 2732 3704 translatio:
2781 3649 3015 3702 sancto

1806 3728 2170 3812 inspirante
2231 3728 2465 3810 spiritu
2527 3735 2630 3794 est
2691 3727 3016 3791 constitu-

1804 3824 1933 3880 tus·
2701 3814 2926 3878 Latio
2955 3815 3018 3896 ᾔ.

1819 3905 2275 4037 Convocato
2322 3903 2526 3984 igitur
2575 3901 2760 3966 clero
2817 3902 3012 3967 cum¹

1945 3992 2180 4056 ceteris
2226 3989 2656 4074 magnatibus
2687 4011 2705 4053 :
2747 4001 2827 4054 et
2871 3990 3012 4052 uni-

1807 4081 2012 4143 versis
2073 4079 2186 4162 qui
2247 4087 2438 4143 tante
2467 4079 2494 4116 ²
2566 4076 2960 4142 solennitati
2989 4077 3012 4114 ⁸

1807 4169 1894 4232 ad
1957 4168 2136 4232 diem
2199 4167 2641 4231 constitutum
2699 4165 3010 4230 interesse

1809 4256 2130 4320 deberent
2162 4277 2178 4320 :
2225 4255 2524 4319 unanimi
2555 4255 2916 4318 devotione
2947 4253 3007 4314 in

2301 4429 2322 4462 ⁸
2355 4429 2658 4480 solennitate
2683 4447 2700 4480 ε
2733 4427 2880 4479 R-N.
