3117 4959
614 252 1139 310 SANCTARUM
1182 237 1582 307 EU‘FEMJE
1633 251 1752 307 ET
1787 251 2244 308 SOCJORUM:

700 359 856 417 563

202 469 405 536 Cetera
419 467 513 530 ad
524 471 887 530 matutinas
904 477 969 530 et
987 466 1184 530 horas
1202 467 1371 530 sicut

199 559 261 620 in
304 557 405 620 die
454 555 829 618 nativitatis
878 576 1023 618 cum
1084 557 1373 618 oratione

200 645 764 728 Supplicationem.
854 643 1106 726 Etfiat
1137 664 1371 706 memo·

200 735 295 796 ria
337 733 429 795 ad
468 732 830 795 matutinas
877 733 957 794 de
1004 743 1223 794 sancto
1268 731 1371 794 ni·

196 820 468 884 chomede.

278 909 358 972 Si
444 917 662 970 octave
748 907 1127 970 nativitatis
1200 908 1375 972 beate

196 997 388 1059 marie
416 996 520 1058 die
560 996 820 1059 sabbati
859 998 1235 1059 evenerint:
1276 1017 1370 1060 se-

194 1085 379 1147 cunde
429 1095 675 1166 vespere
730 1085 993 1146 omnino
1044 1094 1238 1147 erunt
1292 1085 1373 1147 de

192 1172 439 1235 domina
466 1194 493 1235 .·
580 1181 643 1234 et
696 1173 838 1254 fiat
910 1173 1219 1235 memoria
1292 1173 1374 1235 de

190 1261 445 1323 hirtoria
472 1269 533 1322 et
564 1262 635 1322 in
665 1259 945 1323 crastino
973 1269 1267 1323 cantetur
1292 1261 1374 1323 de

189 1348 459 1411 histor-ia.
490 1347 728 1411 scilicet
763 1348 929 1411 Peto
962 1349 1231 1411 domine
1260 1360 1366 1413 etc.

191 1441 249 1513 (s
302 1437 687 1500 Sanctorum
736 1447 1105 1516 martyrum
1160 1438 1267 1499 Eu
1256 1438 1359 1518 se-

188 1523 307 1586 mie
359 1524 557 1586 Lucie
616 1533 681 1586 et
746 1523 1141 1588 Geminiani.
1230 1525 1291 1586 A
1304 1533 1363 1587 ἢ.

190 1611 484 1676 Gaudent
540 1612 607 1674 in
658 1613 829 1675 celis,
947 1629 989 1698 γ
1038 1612 1366 1675 Exultent

180 1700 345 1780 justi.
1120 1700 1364 1764 Oratio,

195 1789 687 1921 Omnipotens
740 1788 1141 1869 sempiterne
1202 1789 1367 1851 deus

307 1877 414 1958 qui
494 1875 758 1939 infirma
832 1876 1061 1938 mundi
1137 1875 1367 1958 eligis:

184 1975 249 2026 ut
320 1963 515 2028 fortia
590 1984 853 2045 queque
937 1962 1305 2027 confundas
1352 1985 1365 2027 :

182 2054 454 2115 concede
488 2053 855 2134 propitius:
904 2062 978 2115 ut
1026 2053 1139 2134 qui
1173 2053 1367 2115 beate

182 2139 449 2203 eufemie
514 2142 822 2221 martyris
896 2149 1011 2202 tue
1072 2140 1369 2203 solennia

182 2227 445 2291 colimus
476 2229 625 2309 ejus
673 2229 851 2310 apud
900 2238 969 2291 te
998 2229 1369 2310 patrocinia

178 2318 552 2380 sentiamus,
597 2317 763 2380 Alia
780 2316 988 2379 oratio
1014 2316 1134 2379 sub
1149 2317 1368 2379 eadem

176 2405 555 2474 conclusione
622 2405 717 2467 ad
784 2415 1079 2486 vesperas
1149 2412 1227 2466 et.
1282 2403 1377 2468 ad

178 2493 553 2556 matutinas.
1120 2493 1368 2556 Oratio.

174 2582 490 2712 presta
528 2601 888 2663 quesumus
925 2581 1191 2643 domine
1223 2601 1363 2663 pre-

314 2671 501 2733 cibus
522 2670 764 2733 nostris
783 2689 933 2733 cum
956 2668 1370 2732 exultatione

176 2769 563 2837 proventum
596 2769 670 2822 ut
700 2778 980 2840 quorum
1005 2757 1183 2819 diem
1217 2779 1365 2840 pas-

176 2846 367 2908 sionis
426 2866 655 2909 annua
714 2846 1067 2910 devotione
1143 2846 1370 2910 recoli-

178 2953 363 2998 mus:
441 2936 648 2998 etiam
710 2933 861 2997 fidei
924 2936 1367 2998 constantiam

175 3041 668 3105 consequamur.
690 3042 808 3104 per
824 3023 1189 3085 dominum.
1219 3023 1299 3086 L.
1306 3023 1367 3105 j.

172 3111 492 3242 Sancta
580 3111 781 3192 igitur
876 3109 1162 3173 eufemia
1237 3110 1369 3173 fide

292 3202 623 3263 adornata
654 3209 811 3261 ante
842 3200 1131 3281 priscum
1169 3200 1372 3282 presi-

172 3285 317 3348 dem
349 3297 453 3351 est
486 3287 797 3351 adducta.
892 3287 983 3350 Et
1030 3288 1190 3369 quia
1242 3289 1370 3350 deo

170 3376 355 3438 marti
387 3375 760 3442 sacrificare
791 3375 1185 3457 respuebat:
1218 3385 1371 3457 post

169 3462 305 3526 dira
322 3473 814 3527 tormentorum
834 3463 1161 3546 supplicia
1172 3463 1371 3544 jussit

166 3562 638 3632 argumentum
672 3561 963 3614 rotarum
996 3551 1171 3614 fieri:
1202 3563 1271 3614 et
1303 3553 1369 3615 in

170 3641 384 3703 medio
432 3639 621 3703 illam
677 3641 879 3722 poni:
928 3650 1002 3703 ut
1045 3640 1179 3704 cito
1226 3641 1372 3703 red-

166 3727 348 3792 deret
401 3729 731 3811 spiritum.
850 3727 1155 3809 Angelus
1216 3748 1371 3792 vero

167 3817 267 3878 dei
313 3817 675 3880 confestim
720 3817 1129 3879 descendens
1177 3837 1368 3900 argu-

166 3913 465 3968 mentum
535 3914 827 3968 rotarum
880 3904 1256 3987 confregit:
1304 3915 1373 3972 et

166 3994 505 4057 ministros
539 3992 841 4057 dissolvit
874 3992 1005 4057 ita:
1040 4003 1111 4056 ut
1138 3993 1370 4058 fierent

162 4082 531 4164 paralytici.
655 4082 905 4146 Sancta
966 4102 1126 4164 ergo
1185 4085 1371 4165 virgo

161 4171 323 4233 exiit
385 4171 537 4233 sine
587 4170 861 4234 macula.
966 4170 1158 4234 Tunc
1220 4193 1369 4253 pro-

160 4258 389 4321 consul
444 4259 648 4340 jussit
708 4279 857 4322 eam
914 4259 978 4320 in
1030 4258 1368 4322 fastidium

257 4383 271 4412 ¹
308 4389 487 4432 sancta
508 4397 645 4446 que:
680 4383 733 4432 S.

628 4451 649 4479 ⁸
684 4457 967 4498 commota:
1003 4449 1085 4498 W.
1098 4450 1155 4498 R.

1966 359 2116 417 564

1469 468 1756 532 adduci:
1801 477 1870 531 et
1919 470 2227 532 exierunt
2276 469 2409 531 due
2461 467 2670 530 bestie

1468 566 1535 619 et
1586 566 1904 638 quattuor
1950 557 2217 620 leones:
2265 564 2333 620 et
2373 555 2668 620 osculate

1467 655 1624 708 sunt
1699 654 1928 707 sancte
2003 645 2276 726 virginis
2364 645 2666 725 vestigia.

1484 735 1642 868 U
1648 741 1677 795 t
1723 742 1946 796 autem
1995 731 2288 814 comple-
2322 730 2566 814 [Lectio
2597 732 2666 813 ij.

1647 829 1827 883 retur
1873 822 2247 886 certaminis
2299 820 2442 901 ejus
2494 840 2666 882 mar-

1464 909 1757 989 tyrium:
1804 929 1937 973 una
1981 929 2070 972 ex
2117 909 2348 971 bestiis
2377 926 2667 970 momor-

1465 997 1567 1059 dit
1598 1017 1787 1060 eam:
1839 998 2115 1060 livorem
2148 1007 2374 1060 tamen
2407 994 2662 1058 nullum

1464 1084 1613 1149 fecit
1643 1105 1658 1148 ε
1689 1095 1758 1148 et
1777 1107 1914 1149 vox
1934 1087 2020 1149 de
2043 1085 2186 1147 celo
2207 1085 2388 1148 venit
2418 1084 2664 1147 dicens,

1465 1173 1780 1237 Ascende
1839 1173 2164 1237 eufemia:
2241 1182 2306 1236 et
2369 1171 2664 1254 palmam

1463 1270 1650 1324 tuam
1703 1261 1920 1343 recipe
1952 1281 2144 1324 cursu
2177 1269 2660 1323 consummato,

1465 1349 1626 1412 Post
1701 1348 1872 1414 hanc
1947 1369 2108 1429 ergo
2165 1369 2400 1412 vocem
2463 1366 2666 1410 sonus

1462 1437 1680 1500 factus
1711 1446 1814 1500 est
1840 1459 1855 1501 :
1905 1438 1998 1500 ita
2030 1445 2104 1500 ut
2137 1445 2668 1500 commoveretur

1462 1524 1647 1589 locus
1677 1525 1822 1589 ille:
1853 1535 1920 1588 et
1951 1535 2362 1589 tremuerunt
2392 1542 2666 1586 omnes:

1461 1613 1864 1694 sanctaque¹
1915 1615 2102 1694 virgo
2153 1632 2346 1675 suum
2398 1611 2667 1676 Christo

1463 1701 1748 1764 reddidit
1795 1700 2116 1783 spiritum.
2209 1701 2458 1765 Sancta
2508 1719 2666 1762 vero

1463 1789 1636 1852 lucia
1666 1791 1789 1851 hac
1824 1790 1964 1871 ipsa
1996 1790 2106 1852 die
2131 1790 2498 1872 imperante
2523 1787 2665 1849 dio-

1463 1877 1778 1941 cliciano²
1809 1878 2007 1942 missa
2054 1887 2156 1940 est
2187 1878 2252 1939 in
2287 1895 2610 1939 carcerem
2649 1896 2664 1937 ι

1463 1975 1531 2028 et
1562 1985 1716 2029 ecce
1764 1965 1986 2028 subito
2031 1965 2470 2029 fundamenta
2524 1983 2662 2026 car-

1464 2055 1627 2117 ceris
1661 2054 1954 2116 remota⁸
1982 2063 2152 2116 sunt.
2333 2051 2549 2114 Lectio
2568 2052 2662 2131 iij.

1462 2143 1643 2273 Et
1673 2150 1822 2223 post
1876 2142 2019 2204 dies
2066 2149 2382 2224 quattuor
2428 2139 2664 2202 fluvius

1615 2231 1963 2293 inundavit
2052 2231 2137 2293 de
2211 2227 2665 2291 fundamentis

1464 2318 1782 2381 carceris:
1830 2327 1898 2380 et
1948 2319 2195 2380 interiit
2245 2316 2465 2379 media
2513 2335 2664 2397 pars

1467 2425 1738 2468 romane
1781 2406 2065 2469 civitatis
2116 2415 2182 2468 et
2231 2406 2472 2468 domus
2520 2404 2663 2465 dio-

1463 2493 1749 2557 cliciani:
1782 2495 1876 2557 ita
1901 2505 1974 2557 ut
1999 2513 2121 2557 nec
2142 2493 2309 2574 lapis
2334 2493 2400 2555 in
2426 2493 2663 2554 eodem

1466 2582 1614 2644 loco
1676 2590 2062 2645 remaneret.
2157 2582 2326 2644 Mox
2389 2581 2664 2662 quidam

1464 2671 1564 2732 vir
1582 2673 1852 2733 nomine
1874 2671 2292 2752 geminianus
2312 2687 2664 2731 conversus

1465 2768 1568 2822 est
1621 2760 1706 2822 ad
1769 2759 2113 2821 dominum
2163 2777 2446 2839 sequens
2497 2775 2665 2818 eam.

1470 2847 1618 2910 Hec
1652 2847 1927 2909 audiens
1958 2846 2426 2909 dioclicianus:
2470 2843 2667 2924 jussit
2696 2840 2707 2848 ’

1466 2955 1580 2997 eos
1641 2937 1830 3018 penis
1892 2934 2134 3016 affligi:
2211 2935 2481 3015 ipseque
2545 2933 2668 2994 iter

1468 3024 1740 3104 arripuit
1790 3024 1875 3086 ab
1937 3023 2098 3085 urbe
2159 3041 2394 3084 roma:
2443 3030 2511 3084 et
2557 3020 2664 3082 dei

1459 3111 1710 3193 judicio
1757 3112 1823 3173 in
1873 3111 2166 3193 quodam
2199 3110 2470 3173 flumine
2500 3109 2666 3172 inte—

1466 3201 1576 3262 riit
1605 3219 1758 3261 cum
1790 3201 1972 3262 omni
2005 3199 2220 3262 officio
2248 3199 2392 3260 suo'.
2457 3197 2668 3260 Erant
2699 3247 2704 3254 .

1468 3308 1627 3369 ergo
1648 3307 1882 3350 omnes
1912 3288 2032 3350 viri
2065 3289 2350 3370 quicum
2377 3307 2458 3348 eo
2479 3295 2669 3348 erant

1470 3376 1737 3439 dimersi
1790 3375 2006 3439 mille⁴
2058 3375 2335 3438 trecenti
2384 3375 2668 3457 quadra-

1468 3465 1659 3546 ginta
1689 3484 1828 3527 sex.
1925 3465 2085 3528 Post
2108 3463 2228 3528 hec
2255 3465 2466 3527 sancti
2499 3485 2669 3525 mar·

1469 3561 1649 3634 tyres
1672 3553 1797 3615 sub
1815 3553 2024 3616 tribus
2050 3552 2385 3634 judicibus
2409 3553 2670 3616 diversa

1469 3642 1922 3704 sustinuerunt
1953 3641 2292 3724 supplicia.
2345 3642 2668 3704 Demum·

1469 3750 1600 3811 que
1680 3739 1910 3792 sancta
1972 3729 2143 3793 lucia
2219 3731 2392 3794 inter
2465 3729 2670 3794 verba

1469 3817 1788 3880 orationis
1819 3818 2128 3900 migravit
2172 3819 2258 3882 ad
2306 3818 2668 3881 dominum.

1472 3906 1566 3970 Et
1625 3914 1892 3969 sanctus
1968 3908 2386 3988 geminianus
2443 3906 2671 3986 gladio

1470 4015 1818 4076 percussus
1878 3996 2100 4057 emisit
2167 3995 2486 4077 spiritum.
2552 4015 2672 4075 per

1469 4103 1623 4145 eum
1656 4083 1768 4164 qui
1799 4083 1962 4145 vivit
1989 4092 2062 4146 et
2093 4091 2326 4164 regnat
2357 4083 2423 4145 in
2449 4082 2673 4144 secula

1470 4170 1859 4234 seculorum.
1987 4171 2207 4236 Cetera
2263 4171 2346 4233 de
2395 4191 2672 4233 commu-

1470 4260 1547 4323 ni
1575 4258 2019 4340 plurimorum
2067 4269 2434 4341 martyrum
2454 4283 2476 4322 .·
2527 4280 2671 4326 cum

1106 4383 1127 4412 ²
1159 4383 1293 4434 diocl
1323 4385 1506 4434 ciano:
1541 4383 1606 4432 W
1631 4381 1756 4432 R.S.
1827 4382 2130 4433 diocletiano
2157 4403 2168 4432 :
2223 4384 2288 4435 N.
2331 4383 2529 4450 passim.

1665 4447 1687 4478 ⁴
1728 4449 1930 4498 ‘mille’
1954 4467 2056 4500 om.
2087 4468 2097 4500 :
2134 4451 2199 4501 N.
