3117 4959
1504 240 1608 294 IN
1649 239 1918 296 FESTO
2035 197 2045 206 ⁶

984 350 1138 404 705

460 455 995 521 occultaverant:
1054 475 1139 519 ne
1184 475 1227 518 a
1274 453 1668 520 Christianis

462 563 699 626 corpus
794 543 1105 625 martyris
1196 563 1351 606 cum
1446 543 1668 624 capite

462 633 837 696 traderetur
908 629 1261 712 sepulture.
1379 629 1666 713 Paganis

462 728 689 784 autem
752 715 1151 782 abeuntibus
1210 717 1371 781 illud
1426 735 1666 799 corpus

466 807 959 870 sanctissimum
1022 817 1357 888 repertum
1418 813 1521 868 est
1597 805 1665 866 in

463 896 701 959 eodem
732 913 975 976 campo
1020 893 1133 957 ubi
1180 913 1301 956 rex
1334 892 1664 956 occubuit.

466 981 815 1063 ExpositiO.
910 981 984 1045 Si
1018 981 1168 1063 quis
1198 980 1342 1044 vult
1372 988 1527 1062 post
1557 999 1668 1042 me

463 1069 701 1133 venire.
798 1066 1050 1133 omelia
1093 1077 1169 1132 ut
1210 1068 1283 1132 in
1326 1066 1666 1132 communi.

478 1157 851 1290 Collecta
880 1176 1037 1220 vero
1067 1155 1289 1220 multi·
1324 1155 1493 1240 [Lec.
1524 1155 1669 1238 viij.

606 1244 839 1307 tudine
914 1243 1422 1308 christianorum
1458 1264 1475 1308 :
1549 1263 1671 1325 per

465 1331 645 1396 invia
718 1329 1029 1395 silvarum
1122 1331 1601 1414 gradiebantur
1650 1351 1667 1395 z

465 1427 803 1483 tentantes
850 1419 907 1482 si
948 1419 1033 1482 ad
1083 1419 1151 1483 id
1200 1419 1325 1484 loci
1358 1418 1668 1482 devenire

468 1509 923 1589 contingeret:
968 1526 1105 1589 quo
1146 1507 1269 1571 viri
1315 1507 1527 1571 sancti
1560 1525 1669 1570 ca-

467 1604 590 1677 put
644 1593 910 1675 jaceret.
1016 1593 1219 1678 Quod
1280 1603 1356 1658 ut
1414 1595 1666 1658 factum

468 1691 608 1746 est:
654 1701 755 1744 res
787 1681 968 1746 dictu
1008 1680 1325 1747 mirabilis
1370 1682 1669 1764 contigit.

468 1769 609 1832 Illis
657 1769 859 1851 igitur
900 1770 1211 1834 omnibus
1256 1770 1667 1853 pedetentim

468 1857 645 1920 invia
678 1857 1233 1940 perlustrantibus
1262 1879 1341 1922 ac
1372 1859 1670 1922 claman-

466 1945 685 2008 tibus:
719 1945 831 2008 ubi
864 1965 935 2008 es
964 1963 979 2007 :
1026 1954 1229 2028 caput
1259 1947 1470 2010 rffincti
1501 1945 1667 2009 viri:

468 2033 916 2114 respondebat
992 2032 1237 2098 dicens,
1334 2034 1479 2096 Her
1550 2032 1671 2096 her

469 2119 590 2182 her
636 2121 817 2202 quod
868 2119 1072 2184 latine
1123 2120 1367 2184 dicitur
1410 2120 1519 2184 hic
1564 2119 1672 2185 hic

467 2205 591 2270 hie.
715 2207 778 2270 N
786 2227 861 2270 ec
938 2227 1233 2290 unquam
1306 2209 1672 2292 repetendo

468 2295 706 2358 eadem
767 2293 1055 2358 clamare
1122 2296 1429 2361 destitit:
1506 2315 1674 2379 quo·

471 2401 680 2464 usque
740 2401 973 2445 omnes
1034 2383 1120 2446 ad
1196 2403 1269 2446 se
1336 2384 1672 2465 perduxit.

470 2469 776 2532 Predicto
827 2487 985 2533 vero
1060 2471 1380 2535 miraculo
1454 2491 1670 2536 rerum

454 2557 777 2619 conditor
806 2556 985 2621 aliud
1018 2559 1344 2622 annexuit
1372 2559 1535 2622 dum
1569 2580 1676 2624 ce-

470 2643 619 2707 lesti
680 2643 993 2708 thesauro
1052 2646 1391 2710 insolitum
1453 2656 1673 2711 custo-

473 2732 627 2795 dem
693 2733 893 2796 dedit.
1015 2733 1286 2816 Quippe
1360 2735 1673 2798 immanis

472 2820 671 2903 lupus
722 2841 804 2884 eo
854 2822 1003 2885 loco
1052 2831 1153 2886 est
1214 2832 1510 2904 repertus
1556 2822 1672 2905 qui

472 2929 733 2972 sacrum
766 2918 967 2991 caput
998 2909 1172 2973 inter
1200 2909 1469 2974 brachia
1492 2931 1675 2974 com·

468 2996 710 3079 plexus
757 3006 896 3061 est:
942 3018 1066 3061 nec
1114 2997 1239 3061 sibi
1291 2998 1674 3080 depositum

468 3085 772 3164 permisit
800 3085 1021 3149 ledere
1052 3085 1435 3168 quempiam
1472 3085 1673 3150 besti-

472 3191 679 3237 arum.
1327 3173 1547 3237 Lectio
1579 3174 1670 3238 ix.

472 3259 649 3390 lili
709 3279 867 3324 vero
940 3260 1295 3343 stupefacti
1372 3262 1672 3325 unanimi

580 3347 934 3411 devotione
980 3349 1417 3413 assumebant
1447 3350 1673 3414 inesti-

474 3432 739 3496 mabilis
758 3436 961 3515 precii
982 3438 1445 3518 margaritam.
1430 3437 1467 3475 ·¹
1486 3446 1555 3500 et
1577 3458 1673 3500 re-

474 3520 765 3584 tulerunt
794 3522 881 3583 ad
914 3542 1107 3585 suum
1132 3543 1370 3606 corpus
1401 3525 1673 3589 benedi-

474 3617 699 3670 centes
737 3608 978 3671 deum:
1009 3614 1435 3693 prosequenti
1460 3632 1673 3695 usque

474 3695 560 3758 ad
608 3694 828 3758 locum
874 3695 1202 3776 sepulchri
1248 3697 1424 3782 lupo.
1516 3701 1674 3784 Quo

474 3783 747 3846 tandem
793 3783 1179 3850 recedente:
1227 3807 1378 3850 cum
1410 3808 1676 3852 summa

470 3871 819 3953 diligentia
849 3880 1159 3954 aptantes
1195 3875 1435 3955 quibus
1467 3876 1673 3940 credi-

470 3967 612 4022 tum
647 3968 747 4023 est
776 3969 979 4042 caput
1008 3963 1264 4043 corpori
1296 3972 1529 4027 sancto
1556 3985 1572 4028 ε
1605 3972 1675 4028 et

468 4047 885 4112 tradiderunt
982 4058 1339 4132 utrumque
1427 4052 1674 4133 pariter

468 4137 977 4200 aromatizatum
1024 4140 1433 4220 competenti
1480 4159 1672 4203 mau-

466 4222 651 4284 seolo
674 4223 729 4286 :²
758 4224 844 4290 ad
878 4224 1145 4288 laudem
1178 4227 1431 4289 domini
1464 4228 1672 4292 nostri

926 4384 939 4413 ¹
984 4391 1323 4448 margaretam
1352 4405 1363 4436 =
1402 4387 1483 4436 W.

2277 349 2434 402 706

1767 454 1928 536 Jesu
1991 453 2290 520 Christi.
2335 451 2441 516 cui
2487 458 2594 514 est
2641 446 2876 532 gloria
2923 447 2988 510 in

1767 542 1993 606 secula
2023 541 2394 605 seculorum
2439 557 2658 602 amen.
2763 535 2992 602 cem

1765 629 1862 692 ad
1913 630 2280 693 matutinas
2337 637 2402 690 et
2463 624 2794 688 secundas
2855 643 2994 686 ves-

1753 728 1952 798 peras
1979 717 2062 780 de
2105 714 2434 780 communi
2481 713 2687 776 unius
2733 721 2998 793 marty-

1767 804 1910 869 ris:
1939 825 2084 867 cum
2115 801 2709 884 orationepropnkz.

1769 895 1835 970 (Ι
1885 893 2125 956 Sancte
2149 891 2360 956 cecilie
2385 888 2679 972 virginis
2703 895 2782 950 et
2809 904 2996 950 mar·

1767 979 2207 1150 gaze-speras·
2245 1063 2596 1148 antiphone
2633 1071 2701 1126 et
2725 1059 3004 1145 psalmi

1751 1155 2051 1237 feriales.
2101 1155 2250 1236 Cap.
2298 1153 2434 1236 Qui
2463 1151 2820 1234 gloriatur.
2874 1149 2996 1212 Re.

1770 1243 1834 1308 Ο
1881 1243 2082 1308 beata
2127 1241 2370 1307 cecilia.
2461 1240 2786 1319 Hymnus
2841 1237 3000 1301 Vir-

1767 1332 1944 1413 ginis
1973 1329 2209 1413 proles,
2301 1345 2350 1413 γ
2397 1328 2667 1392 Diffusa
2695 1333 2830 1389 est.
2907 1325 2998 1388 In

1765 1439 2054 1501 evange:
2089 1439 2198 1482 an.
2243 1416 2454 1498 Virgo
2484 1414 2788 1497 gloriosa
2815 1432 3000 1476 sem-

1767 1526 1889 1610 per
1933 1504 2356 1587 evangelium
2409 1502 2659 1569 Christi
2701 1500 2996 1583 gerebas:

1768 1596 1837 1658 in
1885 1602 2156 1677 pectore
2191 1612 2354 1658 suo:
2399 1611 2538 1655 non
2581 1589 2832 1653 diebus
2877 1608 2994 1651 ne-

1769 1701 1902 1765 que
1933 1682 2240 1746 noctibus
2271 1700 2314 1743 a
2356 1678 2710 1761 colloquiis
2739 1676 2994 1742 divinis

1769 1780 1838 1835 et
1899 1769 2201 1834 oratione
2251 1767 2554 1832 vacabat.
2637 1773 2739 1848 ps.
2790 1765 2994 1846 Mag-

1765 1857 2012 1922 nificat.
2731 1851 2994 1918 oram.

1769 1947 2059 2078 Deus·
2103 1943 2220 2027 qui
2281 1962 2406 2008 nos
2479 1961 2709 2006 annua
2785 1939 2992 2004 bate

1925 2033 2152 2098 cecilie
2185 2030 2496 2113 martyris
2523 2040 2644 2094 tue
2687 2026 2990 2092 solenni-

1769 2130 1914 2185 tate
1945 2119 2268 2185 letificas:
2313 2120 2404 2182 da
2439 2127 2514 2182 ut
2547 2137 2758 2200 quam
2788 2136 2990 2179 vene-

1769 2229 1995 2273 ramur
2023 2209 2280 2272 officio:
2327 2207 2531 2271 etiam
2565 2207 2678 2288 pie
2707 2224 2992 2268 conver-

1773 2297 2052 2361 sationis
2081 2315 2444 2378 sequamur
2473 2293 2820 2375 exemplo.
2874 2311 2993 2374 per

1772 2385 2140 2449 dominum.
2259 2382 2388 2447 Ad
2421 2391 2626 2446 matu.
2738 2380 2992 2443 Invita.

1775 2471 2116 2538 Christum
2147 2479 2540 2536 venerantes
2585 2469 2799 2532 deum
2831 2468 2992 2531 ado-

1773 2579 1996 2624 remus
2055 2577 2281 2641 regem
2341 2575 2626 2640 regum:
2705 2554 2852 2637 Qui
2923 2556 2992 2617 in

1770 2647 1932 2711 celis
1961 2647 2194 2711 cecilie
2235 2645 2535 2728 palmam
2565 2643 2774 2707 hodie
2807 2641 2993 2706 dedit

1773 2744 2094 2800 eternam.
2168 2743 2274 2816 ps.
2318 2732 2581 2799 Venite.
2672 2730 2994 2811 Hymnus

1772 2823 2071 2906 Virginis
2121 2821 2358 2905 proles.
2445 2820 2534 2882 In
2567 2818 2804 2901 primo
2859 2838 2992 2882 noc-

1773 2919 1968 2975 turno
1996 2931 2105 2975 an.
2178 2908 2419 2974 Cecilia
2445 2908 2636 2990 virgo
2667 2905 2986 2970 almachi-

1773 3019 1888 3062 um
1964 2997 2417 3080 exuperabat:
2475 2994 2872 3078 tyburtium
2929 3001 2989 3056 et

1772 3087 2184 3150 valerianum
2220 3084 2309 3148 ad
2353 3103 2637 3146 coronas
2685 3082 2985 3146 vocabat.

1759 3183 1860 3255 pi’.
1893 3173 2189 3238 Domine
2217 3171 2532 3235 dominus
2563 3179 2818 3234 noster.
2861 3171 2984 3234 Aa

1777 3261 2120 3344 Expansis
2193 3259 2508 3323 manibus
2582 3259 2836 3322 orabat
2907 3257 2980 3320 ad

1773 3349 2166 3412 dominum:
2217 3355 2293 3411 ut
2342 3366 2494 3410 eam
2549 3346 2852 3428 eriperet
2907 3345 2982 3408 de

1773 3437 2074 3502 inimicis,
2149 3444 2254 3517 pf.
2286 3434 2429 3501 Celi
2462 3443 2800 3498 enarrant.
2861 3433 2980 3496 Aa.

1777 3525 2014 3590 Cilicio
2035 3524 2266 3588 cecilia
2289 3523 2596 3586 membra
2621 3521 2978 3585 domabat:

1775 3613 1978 3676 deum
2040 3611 2408 3696 gemitibus
2457 3611 2820 3674 exorabat.
2891 3615 2977 3690 pff.

1779 3701 2057 3765 Domini
2115 3709 2222 3765 est
2287 3708 2486 3764 terra.
2607 3715 2656 3783 γ
2733 3696 2980 3761 Diffusa

1774 3798 1894 3852 est.
2695 3785 2918 3849 Lectio
2923 3783 2975 3864 j.

1774 3879 1874 4007 l
1887 3897 1932 3939 n
1993 3875 2230 3940 diebus
2278 3874 2448 3938 illis:
2497 3872 2764 3939 Cecilia
2807 3873 2976 3953 virgo

1886 3963 2254 4027 clarissima
2283 3961 2716 4044 evangelium
2749 3957 2974 4026 Christi

1773 4053 2052 4134 gerebat
2111 4052 2178 4114 in
2239 4061 2512 4134 pectore
2562 4070 2690 4114 suo
2741 4058 2813 4114 et
2857 4065 2970 4112 non

1772 4139 2012 4204 diebus
2065 4158 2286 4221 neque
2315 4138 2656 4202 noctibus
2703 4158 2748 4200 a
2791 4136 2972 4200 collo-

1769 4229 1944 4310 quiis
1967 4227 2210 4292 divinis
2231 4235 2303 4290 et
2331 4227 2640 4290 oratione
2669 4224 2967 4309 cessabat,

2079 4389 2099 4419 ²
2131 4385 2390 4437 mausoleo
2413 4405 2428 4437 τ
2463 4385 2522 4438 S.
