3117 4959
904 216 967 272 S.
1012 213 1455 288 JOHANNJS
1496 215 1614 272 BE
1624 215 1987 274 VERLACI.

724 321 887 379 689

193 428 497 494 oratione
544 430 1015 512 persistentes:
1059 426 1394 494 tumulum

194 519 474 601 predicti
547 517 945 581 sanctissimi
1005 515 1395 582 confessoris

187 605 544 688 johannis:
590 614 765 668 terra
808 615 880 668 et
924 605 1256 689 lapidibus
1284 623 1395 668 co-

194 703 505 776 opertum
580 693 1169 776 discooperuerunt
1222 713 1238 756 :
1326 700 1397 756 et

190 783 439 846 virtute
479 780 707 844 celesti
750 781 1021 845 subnixi
1055 781 1396 864 preciosis-

192 870 345 932 simi
400 869 691 952 corporis
738 869 1049 952 reliquias
1096 887 1397 951 sumpse—

188 967 394 1022 runt:
440 966 509 1021 et
556 957 625 1020 in
672 977 877 1041 capsa
905 957 1127 1040 lignea
1157 956 1397 1020 hones-

189 1046 452 1109 tissime
482 1043 879 1110 locaverunt.
1050 1044 1267 1108 Lectio
1297 1043 1394 1126 ἰῇ.

334 1153 489 1196 uam
549 1152 819 1215 capsam
894 1133 1033 1196 suis
1105 1131 1397 1195 humeris

332 1220 671 1284 humiliter
728 1221 1147 1303 imponentes
1192 1219 1396 1301 juxta

192 1309 522 1372 honorem
553 1317 746 1372 tanto
776 1318 1062 1392 patrono
1090 1303 1394 1372 debitum

190 1405 589 1480 portantes:
644 1398 731 1461 ad
790 1415 1127 1460 summum
1189 1395 1395 1460 altare

190 1484 579 1567 bajularunt
624 1505 641 1549 :
684 1493 755 1548 et
814 1485 1061 1548 dictam
1123 1503 1395 1566 capsam

188 1572 429 1655 sigillis
473 1573 805 1654 signatam
852 1573 979 1636 sub
1027 1571 1205 1635 fideli
1250 1591 1397 1636 cus-

187 1661 387 1723 todia
408 1669 788 1742 posuerunt.
832 1660 1165 1742 Tempore
1184 1668 1396 1722 trans-

186 1746 473 1812 lationis
529 1748 729 1830 hujus
803 1747 1045 1830 prefuit
1121 1747 1397 1812 ecclesie

186 1835 581 1900 eboracensi
641 1836 903 1899 alfricus
963 1834 1397 1919 archiepisco·

180 1945 323 2006 pus
386 1924 1005 2006 septimusdecimus
1066 1942 1106 1987 a
1164 1933 1397 1988 sancto

174 2012 491 2095 johanne
534 2032 549 2076 ε
626 2012 739 2094 qui
801 2031 977 2074 anno
1036 2012 1236 2075 tertio
1294 2009 1396 2074 sui

181 2101 575 2183 presulatus
601 2119 859 2164 romam
894 2099 1056 2166 ivit:
1100 2107 1170 2163 et
1215 2118 1255 2163 a
1293 2099 1397 2181 jo-

184 2187 425 2252 hanne
482 2207 661 2271 papa
753 2187 1029 2270 pallium
1122 2187 1396 2270 accepit.

186 2276 494 2358 Ipseque
522 2295 675 2339 cum
706 2275 1057 2339 edsiodoro
1092 2273 1399 2339 bernensi

186 2365 549 2428 antistite:
593 2364 705 2427 die
748 2371 982 2426 sancto
1026 2362 1270 2445 pasche
1302 2383 1398 2426 re·

184 2471 359 2536 gem
404 2452 785 2516 edwardum
826 2450 1098 2515 inunxit
1143 2460 1398 2533 wynto-

186 2541 353 2604 nie:
399 2540 513 2621 qui
572 2549 838 2604 sanctus
898 2538 1235 2603 consessor
1289 2538 1399 2602 dei

186 2628 483 2691 dicitur:
528 2635 597 2690 et
626 2628 804 2709 apud
836 2627 1185 2690 londonias
1215 2645 1401 2690 more

184 2716 385 2798 regio
407 2714 736 2798 sepelitur.
1379 2713 1394 2728 ‘

185 2807 295 2938 l
304 2813 408 2866 ste
437 2804 639 2866 etiam
670 2802 935 2867 alfricus
966 2802 1401 2885 archiepisco·

304 2911 431 2973 pus
481 2910 751 2975 capsam
800 2910 964 2954 auro
1000 2899 1071 2954 et
1123 2901 1401 2973 argento

190 2990 275 3043 et
366 2978 695 3062 lapidibus
792 2979 1101 3061 preciosis
1220 2977 1399 3061 apud

190 3066 623 3132 beverlacum
687 3065 989 3129 fabricari
1052 3065 1259 3130 fecit:
1332 3072 1403 3129 et

189 3154 539 3220 elevatum
590 3155 801 3218 sancti
861 3153 1251 3218 confessoris
1299 3153 1404 3233 jo-

189 3243 445 3308 hannis
475 3262 712 3324 corpus
756 3243 842 3304 de
885 3240 1235 3323 sepulchro
1282 3239 1405 3323 lig-

193 3350 337 3394 neo
386 3329 667 3393 mirabili
716 3329 994 3393 artificio
1026 3329 1404 3412 insculpto:

192 3417 435 3482 multis
484 3418 731 3480 additis
790 3416 1079 3500 reliquiis
1132 3417 1198 3479 in
1254 3435 1404 3479 eam

188 3504 564 3570 honorifice
660 3504 1024 3568 collocavit.
1160 3503 1405 3585 Sicque

188 3593 389 3658 beati
442 3592 755 3674 johannis
814 3590 1162 3655 translatio
1206 3610 1401 3654 vene-

188 3681 417 3746 randa
447 3679 895 3744 tricentesimo
944 3678 1405 3742 sextodecimo

188 3769 643 3852 depositionis
669 3788 787 3830 sue
818 3787 1031 3831 anno:
1077 3776 1148 3830 et
1192 3766 1405 3829 domi-

192 3859 355 3922 nice
386 3856 855 3919 incarnationis
886 3853 1237 3916 millesimo
1287 3855 1399 3918 tri-

185 3947 455 4010 cesimo
483 3943 770 4027 septimo
799 3951 1039 4005 octavo
1080 3941 1431 4024 kalendas·

186 4032 579 4098 novembris
610 4040 912 4112 tempore
945 4029 1255 4110 johannis
1286 4049 1405 4110 pa-

188 4141 335 4204 pe:
382 4128 451 4182 et
504 4117 834 4182 edwardi¹
898 4117 1070 4198 regis
1130 4116 1400 4198 anglie:

186 4229 321 4294 per
348 4205 797 4270 venerabilem
845 4203 1119 4268 africum
1168 4205 1400 4268 ebora-

400 4387 415 4415 ¹
452 4383 657 4432 edvardi
681 4400 693 4432 ι
729 4381 792 4433 R.

1261 4383 1283 4412 ²
1321 4381 1592 4432 ‘et'add:
1627 4381 1698 4431 Ν.

2004 320 2161 380 640

1494 447 1765 494 censem
1797 429 2364 514 archiepiscopum
2411 431 2698 497 solenni-

1497 526 1600 581 ter
1631 527 1734 581 est
1764 527 2049 600 peracta.
2394 520 2608 583 Lectio
2636 541 2697 586 v.

1494 607 1932 738 Regnante
1994 606 2245 688 inclyto
2307 627 2460 690 rege
2513 607 2696 672 adel-

1643 697 1881 758 stano:
1930 693 2042 775 qui
2095 695 2544 760 monarchiam
2594 705 2698 760 to-

1494 779 1627 844 tius
1657 781 1878 863 anglie
1907 782 2120 846 tenuit
2147 803 2162 846 ε
2207 793 2542 846 scotorum
2575 803 2696 847 rex

1490 879 1648 931 cum
1701 869 1837 932 suis
1885 870 2165 934 transito
2223 870 2468 936 fluvio:
2515 873 2696 954 quod

1496 956 1734 1020 dividit
1765 957 2110 1039 anglorum
2145 978 2420 1041 regnum
2457 981 2472 1024 :
2518 960 2697 1043 cepit

1494 1043 1885 1126 depopulari
1916 1045 2106 1109 villas
2133 1045 2198 1110 τ’
2237 1045 2542 1112 homines
2573 1068 2697 1111 ex-

1494 1134 1850 1196 terminare
1897 1132 2098 1217 Quod
2145 1153 2296 1198 cum
2325 1155 2450 1199 rex
2481 1135 2698 1219 prefa-

1496 1229 1616 1283 tus.
1636 1223 2105 1304 comperisset:
2136 1233 2542 1305 congregato
2571 1243 2695 1287 ex-

1495 1307 1703 1371 ercitu
1733 1309 2186 1391 :propositum
2207 1313 2521 1393 carpebat
2552 1312 2694 1376 iter.

1497 1395 1804 1478 Cumque
1864 1397 1932 1459 in
1993 1397 2330 1479 provincia
2387 1398 2696 1463 lincolnie

1495 1482 1871 1547 devenisset
1921 1505 1937 1550 :
2014 1486 2339 1567 quosdam
2420 1496 2697 1551 ovantes

1497 1572 1884 1635 catervatim
1915 1574 2256 1636 venientes
2301 1574 2532 1638 obvios
2576 1573 2695 1638 ha-

1495 1659 1660 1724 buit.
1724 1659 1912 1742 Quos
1942 1659 2053 1724 ille
2085 1663 2530 1744 interrogans:
2562 1682 2695 1745 que

1496 1755 1672 1812 esset
1731 1767 1930 1812 causa
2006 1750 2176 1812 tanti
2234 1750 2511 1831 gaudii:
2587 1749 2694 1814 vel

1496 1836 1677 1898 unde
1749 1836 2092 1900 venirent:
2167 1838 2698 1920 responderunt:

1497 1924 1679 2005 quod
1734 1923 1819 1986 de
1865 1922 2211 1988 beverlaco
2257 1945 2533 1990 venere:
2581 1925 2696 1989 ubi

1492 2011 1827 2092 quosdam
1858 2030 1948 2074 ex
1979 2012 2073 2075 eis
2107 2021 2326 2076 mutos
2370 2013 2476 2076 vel
2512 2013 2701 2077 clau-'

1497 2099 1666 2164 dos:
1711 2119 1902 2163 cecos
1977 2109 2044 2164 et
2119 2103 2354 2167 surdos
2428 2110 2698 2165 sanctus

1492 2185 1822 2269 johannes
1881 2187 1988 2251 dei
2048 2189 2263 2270 gratia
2330 2197 2698 2255 sanaverat.

1499 2274 1693 2339 Tunc
1725 2296 1845 2338 rex
1875 2274 2106 2339 habito
2159 2297 2308 2340 cum
2361 2277 2496 2340 suis
2539 2297 2698 2340 con-

1500 2363 1688 2427 silio:
1734 2363 1910 2427 dixit
1952 2384 2026 2428 se
2071 2363 2312 2448 debere
2343 2365 2548 2429 talem
2580 2385 2698 2448 pa-

1500 2457 1768 2515 tronum
1800 2452 2020 2517 adire:
2066 2462 2141 2517 ut
2170 2452 2294 2516 sibi
2327 2453 2394 2516 in
2427 2452 2700 2516 instanti

1502 2539 1782 2620 negocio
1811 2538 2204 2605 subveniret.
2367 2541 2584 2604 Lectio
2613 2539 2703 2624 vj.

1669 2627 2001 2690 ransmisit
2083 2647 2242 2691 vero
2332 2629 2702 2692 exercitum

1665 2733 1860 2777 suum
1919 2735 2144 2778 versus
2197 2713 2518 2780 eborum.⁸
2562 2717 2705 2799 ipse

1500 2811 1726 2865 autem
1757 2802 2083 2866 transiens
2115 2801 2385 2866 fluvium
2423 2803 2706 2867 humbre

1500 2891 1686 2952 venit
1717 2889 2136 2954 beverlacum
2166 2909 2182 2954 ε
2227 2892 2706 2972 procumbens-

1504 2996 1635 3058 que
1653 2997 1879 3041 coram
1901 2986 2137 3042 sancto
2160 2977 2454 3060 johanne
2479 2979 2704 3042 animo

1506 3063 1831 3146 prolixius
1868 3065 2116 3130 orabat.
2211 3065 2566 3147 Exurgens
2615 3066 2704 3129 ab

1504 3153 1804 3216 oratione
1864 3173 1984 3216 rex
2045 3172 2266 3217 coram
2329 3153 2703 3216 astantibus

1504 3241 1726 3304 dixit:
1775 3239 1838 3305 Ο
1887 3239 2172 3324 gloriose
2224 3240 2559 3304 confessor
2598 3239 2702 3323 jo-

1506 3328 1758 3391 hannes
1789 3348 2057 3410 precor:
2105 3338 2180 3392 ut
2210 3329 2701 3392 infestationem

1508 3416 1903 3498 pernoxiam
1937 3415 2348 3480 inimicorum
2381 3426 2448 3480 te
2481 3426 2698 3500 patro-

1506 3505 1774 3568 cinante
1847 3524 2156 3585 superare
2232 3524 2487 3586 queam.
2581 3505 2706 3568 'Et

1504 3591 1866 3655 extrahens
1926 3591 2265 3655 cultellum
2349 3613 2542 3655 suum
2618 3593 2704 3654 de

1505 3679 1748 3761 vagina
1767 3679 1987 3761 posuit
2009 3699 2209 3763 super
2225 3679 2431 3742 altare
2444 3679 2669 3742 dicens
2688 3701 2704 3744 ε

1509 3767 1686 3831 Ecce
1751 3767 2022 3830 vadium
2079 3786 2301 3830 meum
2351 3787 2572 3829 coram
2634 3775 2703 3829 te

1505 3875 1686 3937 pono
1741 3875 1758 3918 :
1841 3855 2021 3936 quod
2097 3854 2440 3917 ecclesiam
2517 3862 2701 3917 tuam

1504 3941 1957 4005 honorificabo
1979 3941 2474 4022 redditibusque
2505 3961 2706 4020 auge-

1503 4031 1594 4094 bo
1622 4051 1637 4095 :
1683 4029 1738 4092 si
1776 4028 1882 4091 dei
1915 4038 2078 4090 nutu
2110 4037 2358 4109 tuoque
2390 4027 2706 4109 suffragio

1504 4117 1728 4180 hostes
1803 4114 2134 4178 debellare
2209 4116 2495 4196 quivero,
2615 4115 2708 4179 Et

1503 4213 1778 4287 accepto
1798 4221 2020 4265 secum
2039 4201 2290 4265 vexillo
2302 4203 2480 4284 quod
2495 4204 2708 4265 sancti

2052 4381 2072 4410 ⁸
2104 4379 2346 4428 eboracen
2374 4395 2384 4426 :
2421 4377 2490 4426 N.
