3117 4959
1470 232 1577 286 IN
1616 230 1887 286 FESTO

960 343 1074 395 117

429 447 672 513 euticia
759 448 844 512 ad
936 446 1355 531 sepulchrum
1431 446 1627 509 beate

432 538 677 620 agathe
707 537 1158 600 venerandum
1213 542 1625 599 convenerat.

419 635 518 708 pff.
645 624 935 688 Domine
1003 624 1312 687 dominus
1389 633 1629 686 noster.

435 722 542 777 αῆ.
608 714 824 778 Crede
885 722 1096 776 mater
1140 712 1430 794 agathen
1511 730 1631 793 pro

440 801 686 866 Christi
778 802 1044 864 nomine
1134 818 1400 883 passam
1505 798 1633 863 hoc

439 888 798 953 meruisse:
847 898 920 952 ut
965 908 1228 970 semper
1285 906 1438 950 eum
1486 907 1634 969 pre-

438 986 697 1040 sentem
733 996 851 1058 pro
871 996 1004 1059 quo
1024 994 1220 1058 passa
1241 983 1341 1038 est
1360 976 1627 1038 habeat.

424 1074 526 1147 pff.
574 1064 718 1129 Celi
743 1075 1066 1128 enarrant.
1097 1063 1230 1127 Αῆ.
1299 1063 1634 1144 Continge

439 1174 599 1235 ergo
629 1151 1048 1235 sepulchrum
1069 1151 1342 1233 virginis
1359 1152 1635 1214 credens

439 1251 510 1303 et
571 1242 886 1304 continuo
947 1260 987 1303 a
1048 1240 1232 1303 fluxu
1295 1239 1636 1320 sanguinis

439 1327 837 1392 liberaberis
877 1336 970 1410 pff.
1019 1328 1295 1391 Domini
1319 1336 1421 1391 est
1445 1336 1637 1391 terra.

375 1500 392 1511 ‚
441 1433 488 1502 γ
537 1416 813 1480 Diffusa.
1183 1416 1396 1478 Lectio
1407 1416 1639 1497 prima

454 1506 571 1637 C
591 1524 704 1567 um
765 1524 885 1586 per
937 1504 1310 1567 universam
1373 1505 1635 1586 provin-

590 1594 760 1656 ciam
860 1592 1093 1674 cycilie
1115 1591 1134 1629 ¹
1255 1592 1637 1655 beatissime

440 1682 712 1763 virginis
745 1680 988 1763 agathe
1010 1679 1634 1743 famacrebesceret:

441 1778 512 1831 et
532 1788 966 1849 syracusanus
992 1768 1277 1851 populus
1289 1768 1378 1831 ad
1403 1769 1633 1831 urbem

441 1857 942 1920 cathanensium
989 1858 1287 1920 sitienter
1333 1864 1638 1938 pergeret

443 1945 528 2007 ad
605 1944 1026 2026 sepulchrum
1118 1946 1315 2008 beate
1390 1944 1637 2025 agathe

441 2032 712 2113 virginis
786 2032 1282 2097 venerandum:
1358 2033 1637 2113 contigit

445 2119 690 2183 luciam
722 2118 919 2182 simul
953 2139 1224 2202 pergere
1253 2140 1266 2183 :
1315 2120 1638 2183 invitante

447 2228 595 2271 eam
663 2216 873 2269 matre
933 2207 1076 2289 ejus
1151 2208 1432 2271 euticia:
1507 2228 1639 2289 que

445 2296 635 2359 annis
667 2303 982 2377 quattuor
1013 2294 1268 2357 fluxum
1301 2296 1640 2378 sanguinis

445 2385 870 2466 patiebatur:
946 2393 1016 2446 et
1077 2383 1274 2446 nullis
1351 2385 1639 2447 medica-

447 2482 826 2535 mentorum
949 2472 1256 2534 remediis
1375 2480 1639 2554 poterat

447 2560 724 2623 liberari.
815 2559 928 2623 Re.
1026 2560 1232 2623 Lucia
1259 2560 1446 2642 virgo
1478 2562 1639 2642 quid

446 2669 488 2711 a
549 2668 656 2711 me
717 2648 888 2729 petis
949 2648 1127 2728 quod
1191 2649 1334 2729 ipsa
1395 2650 1641 2730 poteris

449 2745 741 2817 prestare
771 2736 1087 2798 continuo
1117 2756 1130 2799 :
1180 2756 1334 2800 nam
1355 2746 1424 2799 et
1446 2736 1639 2799 matri

447 2832 561 2886 tue
593 2822 756 2887 fides
807 2832 925 2887 tua
977 2822 1322 2888 subvenit:
1368 2833 1436 2888 et
1489 2845 1644 2888 ecce

445 2911 632 2976 salva
662 2923 777 2976 est.
873 2912 1045 2994 Quia
1101 2912 1469 2995 jocundum
1516 2912 1645 2976 deo

447 3001 516 3063 in
578 3010 695 3065 tua
748 3002 1126 3082 virginitate
1186 3000 1641 3064 habitaculum

450 3090 836 3172 preparasti.
927 3107 973 3176 γ
1067 3090 1298 3154 Sicut²
1344 3110 1460 3171 per
1536 3110 1645 3152 me

447 3178 682 3241 civitas
713 3177 1218 3240 cathanensium
1251 3178 1646 3242 sublimatur

447 3286 488 3327 a
565 3265 869 3329 Christo:
937 3265 1029 3327 ita
1109 3286 1226 3347 per
1285 3276 1351 3329 te
1413 3268 1645 3329 civitas

447 3373 848 3435 syracusana
879 3352 1311 3417 decorabitur.
1404 3353 1599 3436 Quia.

448 3440 918 3571 Igiturdum
940 3442 1376 3521 processionis
1395 3440 1558 3525 [Lec.
1575 3441 1643 3525 ij.

573 3528 887 3610 mysteria
909 3537 1290 3608 agerentur:
1315 3530 1646 3595 hecevan—

449 3615 604 3699 gelii
676 3616 875 3679 lectio
952 3615 1119 3678 fuit:
1210 3636 1346 3697 qua
1405 3616 1647 3700 legitur

451 3714 636 3768 tactu
670 3703 928 3767 fimbrie
976 3704 1353 3768 vestimenti
1397 3706 1643 3771 Christi

453 3792 798 3855 mulierem
895 3812 936 3854 a
1024 3794 1364 3873 sanguinis
1457 3794 1641 3859 fluxu

450 3881 651 3944 fuisse
711 3889 1033 3943 sanatam.
1143 3882 1236 3945 Et
1294 3883 1458 3947 dum
1520 3883 1643 3948 hec

451 3968 650 4032 lectio
756 3969 1176 4033 recitaretur:
1285 3972 1380 4034 ait
1471 3971 1647 4035 lucia

450 4057 645 4120 matri
678 4078 811 4120 sue.
907 4057 980 4121 Si
1029 4059 1384 4123 credideris
1433 4070 1649 4123 mater.

449 4144 576 4207 hiis
681 4166 813 4229 que
903 4144 1246 4227 leguntur:
1339 4150 1647 4211 credere³

451 4234 698 4316 poteris
773 4234 1060 4315 agathen
1167 4256 1433 4320 passam
1525 4258 1645 4319 pro

554 4398 566 4427 ¹
604 4396 788 4447 sicilie:
825 4397 888 4447 G.
951 4396 1159 4461 cylieie:
1195 4399 1245 4448 S.
1385 4400 1408 4430 ²
1442 4398 1565 4449 Sic:
1602 4401 1655 4450 S.

2272 338 2392 395 118

1742 444 1985 509 Christi
2065 444 2333 508 nomine
2407 446 2532 507 hoc
2594 442 2943 507 meruisse.

1736 534 2068 615 Continge
2116 554 2274 615 ergo
2334 533 2757 615 sepulchrum
2790 532 2945 613 ejus

1734 623 2009 685 credens
2040 630 2108 684 et
2140 621 2532 686 liberaberis
2622 622 2738 685 Re.
2812 622 2945 683 Per

1736 711 1949 791 ipsam
2004 718 2073 772 te
2103 709 2423 792 deprecor
2456 719 2667 773 mater
2698 730 2834 791 que
2864 718 2941 770 te

1736 798 1871 861 suis
1924 796 2205 861 salvavit
2268 799 2573 876 precibus
2650 818 2733 860 ne
2814 797 2935 860 ali-

1735 886 2005 967 quando
2053 885 2213 949 mihi
2264 887 2331 948 in
2385 887 2573 949 terris
2625 887 2939 949 nomines

1734 994 2069 1055 sponsum.
2163 974 2307 1043 Nec
2337 974 2499 1038 velis
2522 975 2606 1037 de
2636 976 2941 1056 corporis

1737 1063 1867 1125 mei
1901 1062 2289 1144 posteritate
2320 1062 2605 1126 fructum
2636 1062 2945 1125 mortali-

1736 1152 1896 1214 tatis
1948 1150 2294 1232 inquirere.
2371 1168 2420 1236 γ
2465 1150 2632 1231 Ὠιιε
2692 1151 2944 1213 datura

1736 1258 1883 1301 eras
2002 1258 2123 1321 pro
2240 1239 2679 1321 corruptionis
2786 1258 2945 1300 mee

1740 1336 2011 1390 auctore
2056 1327 2145 1390 da
2192 1327 2353 1389 mihi
2400 1328 2581 1389 eunti
2628 1325 2716 1389 ad
2764 1327 2944 1389 inte-

1738 1416 1999 1497 gritatis
2026 1434 2173 1478 mee
2198 1423 2537 1478 auctorem
2572 1414 2943 1479 Christum.

1741 1504 1883 1567 Nec
1906 1504 2087 1567 velis.
2590 1502 2807 1565 Lectio
2842 1502 2946 1583 iij.

1737 1594 1837 1724 l
1855 1592 2034 1673 gitur
2080 1592 2237 1655 dum
2286 1590 2571 1673 peractis
2622 1590 2946 1654 omnibus

1860 1678 2143 1762 populus
2176 1679 2567 1743 abcessisset
2596 1700 2609 1742 :
2643 1689 2947 1761 prostra-

1735 1776 1972 1831 verunt
2002 1788 2073 1831 se
2120 1776 2274 1831 ante
2324 1766 2744 1851 sepulchrum
2792 1766 2949 1847 ejus

1746 1866 1961 1919 mater
2009 1876 2167 1918 cum
2220 1856 2396 1921 filia:
2471 1865 2541 1918 et
2616 1864 2947 1937 ceperunt

1739 1964 1892 2008 cum
1926 1944 2281 2025 lachrymis
2342 1942 2641 2025 flagitare
2701 1944 2949 2006 suffra-

1744 2032 1945 2114 gium.
2071 2032 2337 2095 Interea
2390 2032 2551 2096 dum
2613 2032 2943 2093 orationis

1743 2119 2094 2203 prolixitas
2152 2121 2574 2184 tenderetur:
2620 2139 2943 2182 somnum

1743 2208 1915 2271 lucia
1946 2208 2130 2289 virgo
2163 2208 2450 2289 arripuit.
2547 2208 2635 2270 Et
2666 2208 2839 2270 vidit
2872 2208 2943 2269 in

1743 2296 1995 2359 somnis
2087 2296 2359 2359 beatam
2448 2294 2736 2378 agathen
2761 2296 2785 2332 ⁴
2870 2296 2943 2357 in

1746 2385 1969 2447 medio
2001 2383 2391 2466 angelorum
2424 2384 2709 2465 gemmis
2740 2404 2941 2445 orna-

1742 2482 1882 2535 tam
1917 2480 2207 2535 stantem
2239 2483 2309 2535 et
2334 2473 2681 2536 dicentem.
2734 2472 2953 2537 Soror.

1746 2582 1896 2623 mea
1970 2559 2144 2624 lucia
2217 2562 2404 2642 virgo
2463 2562 2594 2624 deo
2647 2561 2945 2623 devota:

1745 2650 1903 2730 quid
1981 2670 2023 2712 a
2099 2669 2206 2711 me
2271 2650 2485 2731 petis:
2562 2649 2745 2731 quod
2792 2650 2947 2730 ipsa

1747 2737 1995 2819 poteris
2027 2748 2322 2819 prestare
2354 2739 2689 2801 continu0.
2756 2738 2943 2799 Nam

1748 2834 1814 2887 et
1848 2827 2043 2888 matri
2076 2834 2190 2888 tue
2244 2824 2411 2889 fides
2442 2834 2559 2889 tua
2582 2825 2898 2888 subvenit
2928 2847 2945 2888 ε

1746 2922 1812 2977 et
1844 2934 1996 2977 ecce
2056 2914 2240 2977 salva
2286 2924 2402 2977 est.
2492 2914 2613 2977 Re.
2684 2914 2756 2979 Si
2819 2914 2949 2977 tibi

1746 3011 2011 3083 gratum
2044 3002 2141 3065 vis
2188 3022 2332 3065 esse
2363 3003 2563 3065 deum
2598 3002 2829 3065 vivens
2876 3014 2949 3065 et

1746 3090 2031 3153 salutem
2084 3092 2183 3153 tui
2214 3092 2506 3172 corporis
2550 3091 2808 3155 habens
2858 3092 2951 3153 da

1750 3178 2018 3242 Christo
2048 3198 2178 3259 que
2232 3179 2548 3261 possides,
2644 3180 2951 3242 Moriens

1747 3266 1923 3329 enim
2017 3267 2169 3329 ideo
2258 3267 2380 3330 das
2471 3268 2629 3348 quia
2720 3277 2953 3331 tecum

1749 3354 2004 3417 auferre
2050 3374 2183 3419 non
2232 3355 2548 3431 prevales,
2686 3372 2734 3442 γ
2786 3356 2953 3418 Non

1749 3444 1909 3505 satis
1941 3443 2071 3506 deo
2102 3463 2292 3507 carus
2324 3455 2467 3507 est:
2511 3443 2627 3525 qui
2658 3445 2779 3507 dat
2812 3464 2957 3526 quo

1750 3531 1874 3594 frui
1922 3552 2052 3593 non
2100 3540 2324 3615 potest
2368 3531 2545 3595 unde
2591 3532 2777 3613 quod
2830 3531 2959 3594 rni-

1750 3620 1815 3681 hi
1893 3620 2348 3701 spoponderas
2417 3620 2636 3701 incipe
2684 3619 2959 3682 tradere

1752 3708 2037 3772 Christo,
2106 3708 2419 3773 MorienS.
2486 3708 2721 3772 Gloria
2754 3710 2957 3790 patri.

1752 3797 2063 3860 Moriens,
2162 3796 2246 3858 In
2308 3796 2579 3859 secundo
2642 3808 2962 3859 nocturno

1748 3894 1853 3948 (τῆ.
1972 3886 2027 3948 F
2032 3884 2210 3947 iebat
2261 3884 2515 3948 interea
2564 3887 2961 3967 prediorum

1750 3992 1827 4036 ac
1902 3992 2323 4055 gemmarum
2400 3974 2795 4039 distractio:
2893 3984 2969 4037 et

1749 4061 2053 4142 quotidie
2104 4082 2471 4143 pauperum
2539 4064 2969 4127 necessitati-

1750 4150 1873 4211 bus
1921 4150 2497 4231 expendebantur.
2560 4160 2661 4231 pi‘.
2750 4152 2968 4215 Eruc-

1749 4238 1937 4302 tavit.
1998 4239 2132 4302 An.
2212 4238 2523 4302 Tandem
2572 4240 2661 4303 ad
2726 4242 2965 4321 sponsi

1794 4402 1813 4431 ³
1846 4401 2045 4450 cudere
2074 4418 2085 4450 ε
2123 4400 2173 4451 S.
2320 4403 2335 4433 ⁴
2369 4402 2605 4467 agatham
2636 4422 2649 4453 ε
2686 4404 2827 4455 120.
