3117 4959
766 255 1083 314 SANCTJ
1122 255 1603 312 SWYTHUN!
1640 251 2077 314 EPISCOPL'

658 363 808 420 867

161 493 368 538 eorum
425 471 792 536 imitatione
849 469 1203 553 proficere:
1248 476 1317 533 et

161 559 597 625 intercessione
625 557 930 642 gaudere.
956 578 1074 640 per
1101 558 1318 621 domi-

161 669 306 712 num
361 656 668 711 nostrum.
759 645 886 709 Ad
937 645 1316 709 matutinas.

159 735 616 800 Invitaton'um.
688 734 916 800 Unum
949 735 1167 798 deum.
1215 741 1316 816 ps'.

159 823 394 886 Venite.
479 823 802 902 Hymnus.
895 821 1034 884 Iste
1063 819 1321 884 conses-

158 931 269 974 sor.
349 912 432 973 In
453 911 514 991 j.
544 919 848 972 nocturno
873 917 980 972 ari.
1074 910 1319 972 Beatus

158 999 257 1061 vir.
325 1007 422 1080 pf.
471 997 721 1079 Ipsum.
765 1006 827 1059 et
851 996 1045 1059 ceteri
1070 995 1324 1076 psalmi

157 1086 334 1148 unius
385 1083 774 1166 confessoris.
891 1085 1024 1148 Αῆ.
1073 1085 1320 1146 Beatus

157 1173 279 1238 iste.
363 1173 494 1237 An.
567 1173 674 1235 Tu
736 1192 827 1235 es.
949 1187 997 1256 γ
1041 1171 1321 1234 Amavit

157 1280 306 1324 eum.
830 1258 1047 1322 Lectio
1070 1260 1316 1340 prima.

166 1347 504 1482 Glorioso
534 1367 692 1430 rege
721 1347 1068 1428 anglorum
1089 1347 1320 1428 egber-

269 1445 336 1498 to
381 1444 739 1518 regnante:
785 1435 898 1516 qui
947 1435 1084 1516 regi
1133 1435 1319 1497 kine-

153 1523 294 1604 gillo
347 1524 430 1587 de
488 1522 798 1586 idolatria
870 1542 990 1604 per
1046 1522 1318 1586 beatum

156 1611 434 1691 byrinum
457 1611 475 1648 ¹
521 1611 1037 1674 occidentalium
1083 1609 1318 1691 anglo-

153 1717 280 1760 rum
335 1699 713 1780 apostolum
767 1698 852 1761 ad
903 1697 1100 1760 fidem
1163 1717 1319 1761 con-

152 1805 362 1850 verso:
406 1795 684 1850 octavus
727 1786 1042 1848 successit
1073 1785 1140 1847 in
1173 1805 1320 1866 reg-

153 1893 328 1936 num:
370 1874 610 1937 beatus
640 1872 1005 1936 swithunus
1035 1873 1321 1954 sumpsit

151 1961 492 2024 exordium.
589 1961 722 2044 Qui
747 1961 938 2024 annis
961 1960 1320 2042 puerilibus

153 2047 208 2110 in
249 2047 417 2112 bona
459 2047 888 2130 simplicitate
919 2049 1268 2111 transactis
1301 2069 1318 2112 ε

146 2135 356 2216 jugum
401 2135 738 2200 dominice
786 2137 1119 2199 servitutis
1163 2136 1320 2198 arri-

151 2243 285 2303 pere
313 2223 667 2287 festinavit.
762 2223 1089 2305 Suscepto
1135 2221 1320 2286 deni-

151 2330 262 2390 que
301 2311 648 2375 clericatus
693 2311 914 2374 officio
962 2311 1049 2374 de
1106 2311 1318 2393 gradu

149 2397 205 2460 in
232 2398 500 2480 gradum
521 2399 550 2435 ²
597 2398 721 2462 sub
763 2398 1178 2463 helmestano
1207 2419 1318 2461 ve-

150 2486 393 2549 nerabili
442 2496 753 2550 wentane
813 2487 1100 2550 civitatis
1147 2486 1318 2568 epis-

149 2591 294 2655 copo
321 2575 404 2637 ad
432 2575 758 2638 honorem
789 2575 1131 2638 sacerdotii
1165 2594 1318 2656 pro-

150 2671 348 2724 vectus
376 2672 494 2726 est.
557 2661 674 2724 Re.
725 2662 932 2743 Euge.
1006 2661 1218 2725 Lectio
1247 2661 1316 2743 ij.

149 2748 630 2878 Disponente
660 2757 885 2812 autem
916 2749 1025 2813 dei
1067 2750 1316 2812 miseri-

281 2838 542 2901 cordia:
579 2835 1032 2901 helmestanus
1063 2837 1318 2919 episco-

154 2941 258 3002 pus
324 2926 518 2988 morti
601 2925 904 2988 debitum
1001 2924 1264 2988 solvens
1300 2945 1316 2989 ε

154 3009 334 3074 clerus
377 3033 454 3076 ac
503 3011 796 3095 populus
825 3021 1131 3076 wentane
1161 3012 1315 3077 civi-

154 3099 284 3160 tatis
311 3101 648 3180 petierunt
665 3121 706 3162 a
724 3120 879 3182 rege
895 3099 1151 3163 athulfo
1170 3120 1316 3182 pre-

153 3182 251 3248 fati
295 3189 460 3269 regis
509 3187 654 3251 filio
701 3187 972 3251 beatum
1027 3188 1316 3269 swythu-

153 3290 286 3335 num
314 3275 436 3338 sibi
482 3275 776 3338 ordinari
826 3275 892 3338 in
941 3284 1198 3360 patrem
1249 3283 1318 3340 et

153 3369 468 3438 pastorem.
520 3363 670 3427 Nec
701 3383 886 3427 mora
915 3364 1316 3427 assentiente

153 3467 282 3528 rege
324 3459 390 3514 et
435 3451 818 3532 gaudente:
869 3451 1101 3514 beatus
1145 3472 1314 3532 swy-

155 3533 366 3600 thunus
409 3539 668 3602 honore
713 3537 1074 3620 pontificali
1105 3539 1315 3602 hono-

157 3621 304 3686 rifice
331 3625 730 3690 sublimatus
762 3635 901 3690 est:
939 3636 1006 3690 et
1037 3627 1122 3690 de
1154 3628 1316 3691 mite

155 3711 390 3777 mitior:
451 3722 523 3777 et
575 3713 662 3776 de
711 3713 953 3777 devoto
1013 3715 1318 3778 devotior

155 3800 394 3864 curabat
425 3803 738 3865 existere.
809 3803 988 3865 Bene
1019 3802 1218 3884 igitur
1249 3811 1316 3866 et

153 3896 348 3950 sancte
377 3889 588 3952 domo
616 3899 686 3952 et
715 3889 993 3953 ecclesia
1021 3891 1164 3952 dei:
1209 3892 1316 3954 cui

156 3983 352 4050 pastor
401 3986 470 4039 et
533 3985 727 4058 pater
785 3978 1116 4059 piissimus
1171 3998 1317 4059 pre-

155 4070 300 4124 erat:
329 4064 694 4127 secundum
727 4064 888 4128 ritus
921 4065 1313 4130 ecclesiasti-

153 4149 248 4210 c‘os
308 4152 612 4216 ordinata
687 4161 756 4215 et
829 4154 1317 4218 ordinatissime

155 4236 562 4304 confirmata:
623 4250 940 4325 regnante
999 4242 1068 4304 in
1121 4243 1317 4310 tertio

239 4413 251 4442 ¹
282 4411 492 4464 birinum
521 4433 533 4463 ε
571 4413 645 4464 N.
965 4417 986 4446 ²
1015 4430 1224 4480 granum
1249 4435 1261 4467 ε
1301 4419 1362 4468 R.

1928 363 2087 420 868

1417 483 1597 532 anno
1642 468 1991 550 anglorum
2040 487 2194 550 rege
2240 465 2615 532 athelberto

1415 557 1687 638 gloriosi
1749 557 1921 638 regis
1967 555 2201 620 athulfi
2247 555 2423 620 filio:
2471 557 2613 620 feli-

1418 645 1585 709 citer
1674 645 1983 727 migravit
2079 645 2167 708 ad
2245 645 2611 708 dominum.

1418 733 1530 795 Re.
1583 729 1761 796 Ecce
1791 733 2119 796 sacerdoS.
2267 731 2482 794 Lectio
2514 731 2609 814 ig'j.

1416 821 1599 950 Et
1659 839 1877 902 neque
1936 818 2230 902 prefatus
2291 830 2483 901 pater
2540 829 2608 884 et

1570 906 1917 990 episcopus
1992 907 2377 990 swythunus
2440 905 2612 973 intra

1418 995 1693 1058 ecclesie
1721 1005 1951 1078 septa:
1982 1015 2197 1078 neque
2230 995 2297 1058 in
2330 995 2609 1077 preemi-

1418 1083 1701 1146 nentiori
1778 1093 1967 1164 parte
2040 1083 2341 1147 cimiterii
2383 1104 2398 1147 :
2488 1082 2606 1146 sed

1419 1181 1617 1234 extra
1672 1171 2019 1235 ecclesiam
2081 1171 2149 1234 in
2202 1171 2553 1252 indigniori
2592 1193 2607 1235 :

1417 1279 1546 1339 que
1580 1259 1645 1322 in
1678 1259 1871 1341 plebe
1900 1258 2236 1322 vilioribus
2282 1259 2558 1340 patebat
2592 1281 2607 1323 z

1419 1345 1744 1427 equaliter
1802 1366 1873 1410 se
1924 1346 2235 1410 tumulari
2298 1347 2611 1428 precepit.

1421 1434 1657 1499 Exivit
1688 1444 1912 1499 autem
1943 1433 2029 1496 de
2052 1433 2385 1516 ergastulo
2404 1434 2606 1497 seculi

1417 1541 1596 1584 anno
1643 1522 1731 1586 ab
1778 1522 2231 1585 incarnatione
2276 1521 2611 1585 dominica

1418 1609 1949 1691 octogentesimo
2010 1609 2431 1690 sexagesimo
2506 1629 2610 1672 se-

1419 1698 1689 1761 cundo:
1734 1697 2057 1760 inditione
2103 1695 2413 1760 decima:
2460 1717 2608 1779 reg-

1419 1794 1625 1848 nante
1652 1786 1890 1848 eodem
1910 1784 2185 1847 domino
2204 1793 2433 1847 nostro
2449 1784 2607 1865 Jesu

1420 1871 1727 1937 Christo:
1775 1874 1877 1937 cui
1924 1882 2025 1937 est
2054 1871 2270 1936 honor
2298 1881 2365 1935 et
2396 1871 2609 1954 gloria

1418 1979 1571 2023 cum
1619 1960 1749 2023 deo
1798 1967 1987 2042 patre
2028 1969 2097 2023 et
2140 1960 2609 2041 spiritusancto

1417 2067 1537 2129 per
1626 2048 1851 2111 omnia
1939 2047 2163 2112 secula
2234 2048 2606 2112 seculorum

1418 2155 1634 2198 amen.
1725 2135 1841 2199 Re.
1888 2135 2189 2218 Agmina
2220 2155 2425 2200 sacra.
2520 2136 2607 2198 In

1417 2223 1489 2305 ᾔ.
1515 2233 1819 2286 nocturno
1847 2232 1953 2287 αῆ.
1990 2224 2441 2288 Invocantem.
2472 2225 2609 2288 Aa.

1419 2311 1759 2375 Letentur.
1847 2313 1980 2374 Αῇ.
2060 2311 2351 2375 Domine
2394 2312 2609 2375 dorni-

1416 2418 1556 2462 nus.
1605 2415 1653 2484 γ
1680 2399 1759 2462 In
1792 2418 2059 2462 omnem
2078 2408 2339 2463 terram.
2385 2399 2611 2462 Medie

1413 2485 1700 2550 lectiones
1745 2486 1825 2550 de
1863 2487 2177 2568 apostolis.
2269 2492 2334 2565 ΙΙ
2384 2487 2612 2550 Sermo

1416 2573 1589 2638 beati
1604 2574 1950 2657 augustini
1961 2575 2273 2656 espzlrcopi.
2318 2574 2462 2638 Lec.
2483 2574 2607 2657 iizj,

1413 2664 1803 2791 Duorum
1850 2670 2229 2726 sanctorum
2272 2661 2609 2744 apostolo-

1572 2769 1715 2812 rum
1777 2750 1945 2832 petri
2006 2759 2075 2813 et
2134 2749 2316 2833 pauli
2376 2749 2608 2814 fratres

1415 2837 1795 2900 charissime
1823 2838 1850 2875 ⁸
1922 2836 2121 2900 hodie
2194 2837 2607 2900 celebramus

1415 2925 1749 2988 natalem:
1801 2923 2101 3006 Quorum
2151 2934 2227 2989 ut
2274 2945 2477 2988 sonus
2537 2934 2606 2989 et

1414 3012 1781 3094 predicatio
1840 3011 2140 3093 pervenit
2204 3012 2273 3075 in
2334 3032 2603 3075 omnem

1414 3100 1645 3163 orbern
1676 3109 2037 3184 terrarum:
2068 3099 2165 3163 ita
2193 3119 2421 3163 eorum
2456 3120 2605 3182 pas-

1414 3188 1514 3250 sio
1545 3187 1915 3251 celebratur
1958 3188 2046 3252 ab
2097 3187 2350 3251 oriente
2394 3208 2605 3271 usque

1415 3275 1499 3340 ad
1564 3276 2029 3339 occidentem:
2105 3275 2421 3357 quoniam
2483 3297 2604 3358 pro

1413 3383 1569 3446 rege
1629 3364 1805 3445 passi
1864 3371 2023 3426 sunt
2080 3364 2205 3427 celi
2280 3373 2349 3428 et
2416 3373 2604 3430 terre.

1415 3451 1716 3534 Quorum
1764 3451 2129 3534 patrocinia
2174 3452 2413 3516 meruit
2450 3453 2609 3517 civi-

1411 3548 1516 3604 tas
1570 3559 2037 3606 romanorum:
2086 3539 2195 3603 ubi
2248 3550 2403 3604 sunt
2450 3561 2608 3604 con·

1414 3628 1646 3691 stitute
1740 3627 2055 3690 memorie
2131 3628 2607 3709 apostolorum.

1413 3715 1528 3782 Re.
1608 3716 1785 3778 Ecce
1814 3735 1943 3797 ego
1975 3717 2187 3781 mitto.
2298 3716 2515 3780 Lectio
2546 3737 2606 3781 v.

1427 3804 1800 3937 Oportuit
1845 3804 2023 3866 enim
2070 3803 2160 3867 ibi
2202 3825 2345 3866 esse
2392 3805 2612 3886 predi-

1549 3901 1806 3954 catores
1867 3891 2050 3972 regni
2110 3891 2441 3956 celorum:
2496 3892 2611 3954 ubi

1415 3979 1759 4042 conditum
1810 3988 1913 4042 est
1962 3999 2239 4060 regnum
2302 3998 2609 4042 romano-

1417 4088 1581 4132 rum.
1616 4075 1689 4129 ut
1720 4067 1975 4130 diverse
2005 4075 2239 4147 gentes
2267 4067 2611 4129 venientes

1415 4154 1853 4218 honorificent
1903 4153 2291 4216 memoriam
2322 4154 2609 4234 piscato-

1421 4263 1585 4307 rum.
1680 4243 2046 4305 Piscatores
2106 4241 2385 4322 piscium
2453 4241 2611 4307 sacti

1602 4419 1622 4446 ⁸
1654 4413 1929 4466 carissimi:
1968 4414 2091 4466 R.S.
2168 4413 2477 4470 charissimi:
2514 4416 2569 4470 S.
