3117 4959
955 253 1212 309 REGIS
1251 247 1377 308 ET
1419 253 1670 309 MART
1673 255 1871 310 YRIS.

698 361 838 414 451

167 477 614 540 consecrasti:
661 479 747 540 da
780 478 1088 544 cordibus
1131 480 1371 542 nostris

167 567 266 627 tui
288 566 534 627 amoris
555 565 1026 648 charitatisque
1046 587 1366 649 augmen-

165 663 356 716 tum:
422 664 497 716 ut
544 654 732 735 cujus
785 655 851 717 in
905 657 1094 718 terris
1153 656 1366 718 sancti

165 741 511 822 sanguinis
595 743 982 806 effusionem
1076 743 1369 807 celebra-

167 849 322 891 mus
351 851 365 892 :
413 829 590 892 illius
621 832 686 892 in
710 830 856 894 celo
879 831 1121 894 collata
1145 841 1368 914 patro-

165 919 346 980 cinia
401 919 735 981 mentibus
789 921 1169 984 sentiamus,
1250 939 1370 1002 per

165 1007 538 1069 dominum.
596 1012 659 1083 (ἶ
691 1008 1020 1070 M'emoria
1048 1008 1129 1070 de
1152 1017 1369 1071 sancto

155 1103 346 1175 petro
372 1103 478 1172 aii.
571 1096 864 1159 Domine
894 1097 949 1158 si
981 1104 1051 1158 tu
1079 1117 1166 1160 eS.
1213 1097 1291 1160 L.
1304 1097 1366 1178 j.

280 1203 323 1245 n
369 1182 603 1246 diebus
650 1183 820 1248 illis:
887 1184 1246 1248 Interfecto
1301 1186 1368 1248 in

279 1277 504 1352 pugna
556 1271 846 1353 glorioso
908 1293 1060 1354 rege
1109 1273 1370 1335 edwino

165 1359 506 1422 oswaldus
538 1380 746 1442 nepos
777 1360 920 1443 ejus
943 1373 1010 1423 et
1037 1360 1370 1442 religionis

163 1457 242 1510 et
303 1449 486 1529 regni
548 1448 775 1512 heres:
850 1449 1144 1531 regimen
1222 1469 1370 1512 nor-

163 1535 824 1599 thamhumbrorum¹
850 1537 1119 1600 tandem
1152 1557 1373 1600 susce-

163 1625 291 1706 pit.
408 1625 811 1688 Desiderans
873 1626 1098 1708 itaque
1159 1635 1370 1689 totam

163 1713 278 1776 cui
313 1724 571 1794 preerat
616 1723 932 1794 gentem:
981 1713 1133 1776 fidei
1173 1714 1374 1777 chris-

165 1802 358 1864 tiane
419 1803 633 1883 gratia
696 1802 998 1888 imbui2:
1033 1803 1371 1883 aydanum

163 1909 436 1952 summe
460 1890 988 1953 mansuetudinis
1014 1911 1028 1953 :
1073 1899 1141 1952 et
1165 1890 1374 1972 pieta-

168 1979 302 2041 tis:
351 1987 417 2040 et
449 1978 919 2042 moderaminis
953 1979 1212 2041 virum:
1257 1977 1376 2040 ha-

165 2067 581 2148 bentemque
618 2067 834 2130 zelum
881 2067 988 2130 dei
1034 2067 1120 2130 de
1165 2065 1374 2130 scotia

163 2155 300 2218 sibi
329 2156 579 2235 petenti
599 2155 1058 2218 transmissum
1079 2156 1336 2236 accepit
1359 2175 1374 2220 ε

165 2244 280 2306 cui
343 2242 561 2305 locum
623 2245 801 2306 sedis
860 2243 1252 2325 episcopalis
1307 2244 1374 2306 in

165 2329 918 2395 insulalindisfarnensi³
931 2333 1178 2395 tribuit.
1209 2331 1285 2394 L.
1307 2331 1376 2414 ᾔ.

165 2419 523 2554 Hujus
596 2419 800 2501 igitur
877 2420 1179 2494 doctrina
1255 2439 1376 2482 rex

376 2507 705 2571 oswaldus
737 2528 886 2572 cum
925 2517 1126 2590 gente
1157 2529 1278 2571 sua
1309 2509 1376 2571 in

167 2595 313 2660 fide
388 2597 730 2659 institutus
765 2617 780 2660 :
871 2597 1050 2679 quod
1135 2597 1375 2659 mirum

167 2686 362 2749 dictu
395 2695 497 2747 est
533 2685 932 2766 pauperibus
977 2693 1047 2748 et
1092 2686 1378 2767 peregri-

173 2775 282 2836 nis
302 2793 564 2854 semper
582 2772 848 2836 humilis
873 2795 886 2837 :
920 2782 988 2836 et
1011 2773 1336 2855 benignus
1360 2794 1376 2837 ε

171 2869 248 2924 et
295 2861 519 2942 largus
552 2861 692 2925 suit.
785 2862 1094 2943 Denique
1134 2861 1376 2925 fertur:

171 2950 363 3032 quod
412 2969 565 3013 cum
615 2959 914 3032 tempore
965 2951 1258 3031 quodam
1309 2951 1376 3012 in

171 3040 288 3101 die
338 3047 571 3102 sancto
616 3038 862 3120 pasche
913 3058 1064 3101 cum
1120 3037 1379 3121 prefato

173 3127 498 3208 episcopo
565 3127 974 3190 consedisset
1034 3127 1119 3189 ad
1182 3147 1378 3208 pran-

173 3216 368 3278 dium
397 3235 413 3278 :
459 3224 526 3277 et
557 3215 812 3296 positus
841 3223 1016 3278 esset
1047 3215 1115 3277 in
1149 3235 1380 3278 mensa

173 3323 405 3368 coram
432 3322 514 3366 eo
545 3304 766 3366 discus
809 3311 1162 3384 argenteus
1195 3322 1380 3384 rega-

173 3393 354 3455 libus
385 3391 598 3473 epulis
629 3391 920 3456 refertus,
1037 3391 1252 3456 Lectio
1284 3391 1377 3473 iij.

335 3480 494 3543 tiam
545 3500 696 3543 cum
743 3500 980 3543 manus
1025 3488 1246 3543 essent
1291 3480 1378 3542 ad

227 3619 236 3626 .
335 3589 574 3650 panem
632 3568 1159 3632 benedicendum
1222 3569 1380 3631 mis-

175 3657 358 3720 suri:
435 3657 706 3720 intravit
773 3657 1072 3719 minister
1130 3657 1380 3738 ipsius:

174 3747 286 3810 cui
335 3746 902 3827 suscipiendorum
934 3754 1076 3808 erat
1106 3745 1380 3827 inopum

176 3855 340 3898 cura
371 3833 718 3916 delegata:
765 3843 834 3897 et
867 3834 1183 3896 indicavit
1207 3833 1382 3914 regi:

176 3923 364 4006 quod
400 3922 758 3985 multitudo
802 3922 1101 3984 maxima
1131 3940 1380 4004 paupe-

178 4031 328 4074 rum
371 4011 631 4074 sederet
661 4031 780 4092 per
809 4010 1104 4093 plateas:
1151 4019 1380 4092 postu-

177 4100 328 4163 lans
386 4098 820 4162 elemosinam
880 4120 921 4162 a
983 4119 1152 4181 rege.
1245 4098 1378 4180 Qui

181 4209 348 4251 mox
381 4187 589 4269 dapes
619 4187 741 4250 sibi
767 4189 1111 4269 appositas
1141 4186 1378 4250 deferri

173 4276 376 4360 jussit
407 4277 846 4359 pauperibus:
893 4275 1009 4339 sed
1033 4285 1099 4339 et
1124 4274 1380 4340 discum

385 4421 400 4445 ¹
435 4411 1012 4462 northamhimbrorum:
1049 4412 1192 4463 ΚΝ.

383 4481 404 4510 ²
438 4478 655 4529 imbuit:
693 4479 832 4528 R.N.

1970 361 2129 416 452

1469 479 1796 562 confringi
1840 489 2042 561 atque
2087 481 2337 544 eisdem
2382 481 2673 549 minuta-

1471 569 1592 631 tim
1625 568 1831 631 dividi
1865 570 2175 650 precepit.
2301 569 2515 633 Lectio
2545 569 2671 652 iiij.

1469 655 1885 788 Pontifex
1938 678 2095 719 vero
2139 657 2253 738 qui
2295 658 2671 722 assidebat:

1625 745 1993 807 delectatus
2024 745 2141 808 tali
2162 745 2340 809 facto
2360 747 2627 827 pietatis
2654 766 2670 810 :

1472 832 1913 914 apprehendit
1966 834 2317 896 dexteram
2366 835 2549 916 ejus:
2604 844 2673 897 et

1471 921 1664 983 dixit.
1794 921 2158 1003 Nunquam
2234 923 2674 986 inveterascat

1471 1007 1596 1072 hec
1628 1029 1899 1072 manus:
1946 1010 2123 1090 quod
2148 1019 2213 1072 et
2240 1011 2331 1073 ita
2356 1012 2672 1093 pervenit.

1474 1097 1653 1160 Nam
1716 1098 2061 1160 interfecto
2120 1098 2235 1161 illo
2286 1100 2350 1162 in
2402 1119 2671 1181 pugna:

1473 1204 1711 1248 manus
1760 1205 1800 1247 a
1853 1205 2126 1268 corpore
2184 1206 2339 1251 cum
2400 1187 2672 1250 brachio

1476 1281 1819 1337 resecata:
1890 1275 2269 1356 incorrupta
2338 1275 2669 1357 perdurat.

1478 1362 1786 1442 Denique
1840 1361 1907 1424 in
1958 1362 2120 1425 urbe
2168 1363 2392 1444 regia:
2448 1383 2579 1444 que
2631 1385 2674 1427 a

1475 1450 1703 1531 regina
1741 1450 2081 1531 quondam
2126 1451 2451 1514 vocabulo
2498 1450 2677 1515 bella

1476 1538 2035 1618 cognominatur:
2112 1537 2331 1602 loculo
2421 1539 2674 1603 inclusa

1477 1634 1833 1706 argenteo:
1867 1626 1933 1689 in
1965 1625 2240 1691 ecclesia
2272 1628 2481 1690 sancti
2503 1629 2672 1709 petri

1477 1723 1779 1777 servatur
1824 1735 1838 1778 :
1938 1734 2016 1778 ac
2112 1716 2320 1796 digno
2420 1717 2677 1779 cunctis

1477 1801 1729 1865 honore
1759 1811 2121 1866 veneratur.
2183 1803 2397 1866 Lectio
2426 1805 2673 1885 quinta.

1476 1890 1895 2022 Regnavit
1956 1900 2178 1955 autem
2240 1901 2509 1980 sanctus
2570 1913 2677 1955 os-

1624 1978 1877 2042 waldus
1899 1980 2089 2042 annis
2108 1999 2347 2042 novem
2373 2002 2387 2044 :
2435 1979 2677 2062 quibus

1477 2067 1828 2148 completis
1872 2067 2127 2132 occisus
2172 2077 2273 2131 est
2318 2069 2679 2132 commisso

1478 2157 1662 2238 gravi
1739 2155 1950 2237 prelio
2010 2177 2051 2219 a
2110 2176 2375 2238 pagana
2435 2167 2677 2238 gente:

1480 2259 1877 2325 paganoque
1938 2263 2093 2326 rege
2154 2247 2583 2308 merciorum:
2636 2265 2679 2308 a

1480 2352 1617 2413 quo
1648 2341 1715 2394 et
1747 2333 2171 2413 predecessor
2198 2334 2340 2414 ejus
2382 2334 2679 2397 edwinus

1482 2429 1866 2502 peremptus
1890 2420 2119 2483 fuerat.
2182 2421 2372 2484 Beati
2404 2421 2680 2486 oswaldi

1481 2517 1737 2590 quanta
1784 2508 1949 2571 fides
2001 2511 2067 2571 in
2120 2508 2361 2572 deum:
2426 2519 2681 2593 quanta

1481 2597 1751 2659 devotio
1827 2599 2069 2661 mentis
2144 2597 2391 2661 fuerit:
2474 2599 2679 2660 etiam

1482 2693 1636 2767 post
1669 2694 1951 2747 mortem
1999 2687 2314 2748 virtutum
2349 2686 2681 2749 miraculis

1480 2772 1732 2836 claruit.
1828 2773 2005 2836 Nam
2038 2775 2104 2835 in
2138 2773 2286 2835 loco
2321 2775 2434 2836 ubi
2482 2774 2684 2837 inter-

1479 2861 1693 2924 fectus
1726 2870 1866 2924 est:
1912 2882 2122 2943 usque
2145 2861 2342 2923 hodie
2361 2862 2681 2924 sanitates
2734 2934 2739 2944 ι

1483 2948 1893 3012 infirmorum
1918 2958 1985 3011 et
2010 2949 2355 3011 hominum
2386 2959 2453 3012 et
2484 2970 2683 3032 peco-

1482 3057 1628 3100 rum
1660 3057 1805 3100 esse
1836 3057 1973 3100 non
2002 3037 2333 3100 desinunt.
2420 3038 2559 3100 Lec.
2592 3037 2679 3120 vj.

1495 3126 1733 3258 Cum
1794 3145 1951 3188 vero
2022 3134 2291 3188 sanctus
2350 3125 2683 3188 oswaldus

1620 3222 1793 3276 esset
1842 3213 2043 3277 armis
2092 3221 2160 3277 et
2208 3213 2511 3277 hostibus
2557 3215 2684 3276 cir-

1484 3311 1911 3384 cumseptus:
1966 3301 2381 3384 jamjamque
2428 3304 2683 3366 videret

1483 3411 1554 3454 se
1588 3411 1732 3454 esse
1773 3391 2272 3473 perimendum:
2318 3393 2531 3455 oravit
2562 3411 2684 3473 pro

1485 3478 1835 3542 animabus
1887 3480 2219 3542 exercitus
2266 3480 2385 3543 sui.
2480 3480 2685 3544 Unde

1484 3568 1713 3631 dicunt
1746 3569 1814 3630 in
1861 3566 2209 3648 proverbio
2258 3568 2443 3631 Deus
2490 3570 2684 3632 mise-

1485 3676 1627 3719 rere
1658 3657 2025 3720 animabus
2118 3656 2315 3720 Dixit
2350 3656 2685 3721 oswaldus

1485 3746 1731 3808 cadens
1763 3745 1829 3807 in
1874 3753 2131 3808 terram.
2228 3745 2436 3827 Cujus
2480 3753 2685 3827 caput

1487 3842 1554 3896 et
1587 3852 1823 3895 manus
1854 3830 2005 3896 cu'm
2040 3832 2322 3896 brachiis
2346 3853 2387 3894 a
2408 3853 2684 3915 corpore

1485 3923 1851 4004 prescisas:
1914 3921 2113 4003 jussit
2173 3941 2294 3983 rex
2354 3921 2464 4001 qui
2528 3939 2682 3982 eum

1485 4011 1861 4074 occiderat:
1894 4010 1961 4071 in
1987 4009 2323 4091 stipitibus
2352 4008 2686 4089 suspendi.

1487 4097 1643 4181 Quo
1676 4107 1827 4178 post
1857 4117 2106 4161 annum
2144 4096 2501 4159 deveniens
2532 4115 2685 4159 cum

1485 4189 1784 4250 exercitu
1845 4185 1990 4266 ejus
2051 4183 2274 4266 regni:
2351 4203 2690 4247 successor

1487 4275 1684 4340 oswi⁴
1729 4273 2006 4338 abstulit
2057 4293 2187 4336 ea:
2243 4281 2312 4336 et
2364 4281 2565 4356 caput
2618 4273 2687 4337 in

1782 4412 1802 4440 ⁸
1834 4407 2232 4458 lindiffarnensiz
2272 4409 2336 4459 R.

1786 4477 1803 4507 ⁴
1838 4491 2014 4539 oswy:
2051 4475 2104 4525 S.
