3117 4959
1076 244 1368 302 PURIFI
1368 245 1467 302 CA
1480 245 1535 300 T
1529 244 1777 302 IONIS.

710 351 852 408 183

168 467 397 522 autem
472 479 701 522 senem
778 457 1101 540 regebat:
1176 479 1377 542 quern

166 548 358 628 virgo
412 547 710 630 peperit:
784 557 853 612 et
906 557 1058 630 post
1110 558 1375 631 partum

164 636 357 716 virgo
417 636 821 718 permansit:
896 637 1114 718 ipsum
1174 657 1374 718 quem

164 723 403 804 genuit
461 723 780 789 adoravit.
878 733 981 806 ps.
1053 726 1377 790 Benedic-

166 823 295 875 tus,
1130 813 1374 878 Oratio.

177 899 685 1034 Omnipotens
750 900 1151 982 sempiterne
1209 901 1373 966 deus

302 989 729 1070 majestatem
790 997 979 1052 tuam
1038 989 1371 1072 supplices

164 1096 565 1154 exoramus:
628 1088 703 1142 ut
761 1077 933 1141 sicut
992 1077 1371 1160 unigenitus

162 1163 338 1228 filius
369 1174 525 1228 tuus
553 1164 875 1230 hodierna
902 1164 1012 1229 die
1042 1184 1193 1230 cum
1220 1186 1370 1230 nos-

160 1261 263 1316 tre
308 1253 527 1316 camis
564 1253 941 1319 substantia
993 1253 1061 1318 in
1113 1255 1369 1338 templo

160 1350 263 1405 est
317 1350 737 1423 presentatus
773 1363 790 1406 :
836 1343 931 1406 ita
987 1361 1111 1406 nos
1164 1342 1366 1408 facias

161 1429 527 1510 purificatis
558 1429 679 1494 tibi
722 1429 1057 1495 mentibus
1098 1451 1364 1513 presen-

158 1518 303 1581 tari.
397 1517 525 1582 Per
552 1519 837 1582 eundem
869 1518 1234 1584 dominum.

162 1610 227 1683 π
272 1605 401 1672 Ad
434 1606 731 1689 primam
794 1606 1117 1687 Hymnus.
1216 1607 1361 1690 Ag·

157 1703 413 1760 noscat.
502 1695 636 1760 Αῆ.
717 1695 1157 1776 Responsum.
1255 1706 1357 1778 pi.

160 1783 348 1846 Deus
399 1783 467 1846 in
516 1783 784 1847 nomine
833 1793 969 1848 tuo,
1041 1793 1143 1865 ps.
1194 1783 1355 1868 Qui·

156 1890 423 1953 cunque
453 1871 611 1935 vult.
656 1870 775 1936 sub
818 1871 1035 1934 eadem
1062 1873 1358 1954 antipho-

155 1979 261 2023 na.
288 1958 685 2040 Capitulum.
722 1959 1013 2024 Domine
1033 1961 1354 2028 miserere.

151 2047 272 2112 Re.
322 2047 487 2128 Jesu
544 2047 805 2112 Christe
876 2069 1020 2110 cum
1070 2047 1353 2114 alleluia.

153 2151 199 2220 y
245 2135 385 2218 Qui
433 2137 519 2199 de
561 2136 830 2218 virgine.
881 2136 989 2200 vel
1032 2136 1145 2200 Re.
1195 2137 1355 2219 Jesu

151 2222 435 2290 Christe.
510 2241 561 2308 γ
605 2225 711 2289 Τιι
745 2225 951 2306 patris
978 2225 1355 2308 verbigena.

142 2311 212 2377 si
238 2312 433 2395 infra
462 2313 591 2384 Lu.
618 2312 909 2376 evenerit.
973 2329 1019 2398 y
1062 2313 1355 2396 Exurge.

141 2411 207 2464 et
234 2399 430 2482 kyrie
460 2401 733 2482 eleyson
762 2410 828 2464 et
850 2410 1069 2465 cetera.
1142 2407 1205 2480 (s
1236 2402 1363 2466 Ad
1456 2397 1539 2462 de
1635 2398 1902 2464 domina
1945 2423 1972 2463 .·

140 2489 413 2556 tertiam
443 2491 767 2571 Hymnus.
862 2490 1078 2554 Maria
1107 2500 1355 2556 ventre.

138 2579 205 2642 A
214 2585 279 2642 ᾗ.
332 2577 633 2660 Symeon
658 2577 895 2659 justus
948 2587 1049 2660 ps'.
1098 2579 1351 2661 Legem

138 2686 324 2748 pone
356 2666 537 2732 mihi.
602 2665 971 2748 Capitulum
1020 2667 1195 2732 Ecce
1226 2687 1355 2750 ego

140 2755 363 2820 mitto.
453 2755 567 2820 Re.
625 2755 1050 2837 Responsum
1096 2757 1356 2839 accepit

136 2861 425 2922 symeon
480 2863 523 2906 a
571 2843 1041 2926 spiritusa‘ncto
1069 2843 1349 2910 alleluia.

137 2946 187 3017 γ
235 2931 398 2998 Non
428 2931 721 2999 visurum
753 2953 825 2996 se
850 2941 1133 3000 mortem
1163 2952 1179 2997 :
1224 2933 1351 3002 nisi

133 3019 399 3084 videret
414 3017 761 3088 dominum
781 3019 1045 3086 alleluia
1070 3019 1351 3088 alleluia.

134 3105 377 3174 Gloria
403 3107 575 3190 patri
606 3117 675 3175 et
707 3107 859 3178 filio.
923 3107 1348 3190 Responsum

130 3196 400 3278 accepit
427 3216 707 3278 symeon
748 3217 807 3262 a.
894 3212 945 3282 γ
987 3196 1349 3279 Accipiens

130 3303 421 3366 symeon
468 3303 749 3367 puerum
798 3285 896 3350 in.
981 3284 1131 3350 Oro.
1176 3284 1347 3352 Om-

126 3373 453 3454 nipotens
528 3373 929 3456 sempiterne
1002 3372 1185 3438 deuS.
1279 3379 1345 3454 (Ι

126 3461 234 3530 Et
260 3461 621 3528 notandum
652 3462 829 3544 quod
847 3461 916 3526 si
944 3461 1057 3526 hoc
1085 3462 1343 3542 festum

126 3549 329 3631 insm
400 3549 936 3632 septuagesimam
1007 3550 1289 3614 evenerit
1316 3571 1343 3614 .·

124 3659 261 3702 non
280 3637 533 3702 dicetur
552 3639 816 3703 alleluia
835 3639 931 3702 ad
946 3638 1341 3720 responsoria

121 3737 191 3793 et
204 3727 223 3764 ¹
270 3727 373 3792 ad
420 3727 618 3792 horas
648 3749 673 3791 .·
720 3747 917 3809 neque
970 3728 1043 3790 in
1102 3727 1340 3791 ultima
1388 3771 1393 3776 ·

104 3825 316 3896 parte
358 3816 839 3880 versiculorum.
932 3820 997 3893 π
1040 3814 1167 3879 Ad
1200 3825 1340 3878 sex-

120 3913 267 3970 tam
298 3905 598 3985 hymnus.
670 3906 949 3986 Presepe
980 3904 1157 3986 poni.
1201 3903 1337 3968 Αῆ.

118 3992 492 4076 Accipiens
536 4013 817 4077 symeon
863 4012 1157 4076 puerum.
1234 4000 1336 4072 ps.

120 4082 417 4148 Defecit.
948 4079 1333 4162 Capitulum.

115 4175 364 4306 Ego
447 4170 638 4254 quasi
720 4170 871 4234 vitis
948 4167 1334 4244 fructificavi

270 4261 673 4326 suavitatem
719 4259 979 4327 odoris:
1027 4267 1093 4322 et
1142 4256 1335 4321 flores

526 4433 539 4462 ¹
584 4433 852 4483 ‘et’om..·
882 4431 937 4480 G.

2017 355 2152 411 184

1485 459 1614 522 mei
1647 459 1896 524 fructus
1927 459 2194 525 honoris
2214 469 2282 525 et
2301 460 2684 531 honestatis

1478 545 1596 612 Re.
1643 547 2004 631 Accipiens
2063 569 2342 632 symeon
2403 573 2682 634 puerum

1481 634 1549 697 in
1625 638 1933 702 manibus
2009 637 2170 702 all’a.
2298 656 2341 724 γ
2418 640 2682 706 Gratias

1478 743 1686 804 agens
1723 725 2068 791 benedixit
2118 725 2464 792 dominum
2511 730 2679 795 all'a.

1480 810 1710 876 Gloria
1739 815 1930 896 patri.
2005 813 2366 897 Accipiens
2397 837 2674 898 symeon

1474 919 1772 981 puerum.
1870 919 1913 987 γ
1959 901 2366 968 Obtulerunt
2410 925 2534 987 pro
2577 927 2674 970 eo,

1478 987 1712 1054 Oratio
1758 999 1836 1054 ut
1873 999 2087 1074 supra.
2183 995 2246 1068 ΕΙ
2291 991 2418 1056 Ad
2439 1013 2676 1058 nonam

1471 1076 1798 1156 Hymnus.
1916 1077 2146 1142 Adam
2222 1087 2430 1145 vetus
2559 1091 2665 1146 aii.

1474 1161 1754 1229 Lumen.
1772 1175 1872 1248 ps.
1897 1166 2248 1231 Mirabilia.
2284 1167 2673 1249 Capitulum.

1468 1253 1711 1384 Ego
1741 1263 1955 1319 mater
1978 1255 2250 1337 pulchre
2268 1255 2672 1323 dilectionis:

1621 1349 1690 1406 et
1719 1343 1974 1406 timoris
2002 1364 2017 1406 :
2063 1352 2133 1407 et
2163 1345 2672 1426 magnitudinis:

1467 1437 1536 1492 et
1554 1439 1784 1494 sancte
1803 1430 1944 1512 spei
1963 1453 1976 1494 :
2002 1431 2070 1494 in
2095 1451 2203 1494 me
2220 1433 2438 1494 omnis
2455 1436 2670 1515 gratia

1466 1517 1570 1579 vie
1591 1527 1659 1581 et
1689 1518 2016 1582 veritatis:
2049 1518 2112 1582 in
2139 1539 2246 1583 me
2268 1521 2485 1583 omnis
2517 1541 2670 1604 spes

1465 1605 1602 1668 vite
1633 1615 1702 1668 et
1733 1606 2009 1670 virtutis
2099 1607 2214 1672 Re.
2263 1605 2669 1674 Obtulerunt

1464 1712 1585 1771 pro
1617 1713 1699 1757 eo
1728 1695 2000 1758 domino
2031 1693 2181 1758 all'a
2211 1695 2376 1760 all'a.
2463 1713 2510 1782 y
2543 1697 2670 1762 Par

1462 1788 1841 1848 turturum:
1905 1792 2021 1846 aut
2073 1784 2244 1847 duos
2291 1783 2508 1866 pullos
2557 1805 2667 1849 co-

1462 1868 1840 1934 lumbarum
1917 1870 2068 1935 all’a
2142 1871 2308 1936 all'a.
2421 1871 2662 1938 Gloria.

1464 1957 1888 2023 Obtulerunt.
1977 1975 2027 2046 γ
2095 1959 2390 2042 Symeon
2443 1960 2664 2044 justus

1460 2056 1528 2109 et
1583 2047 1950 2112 timoratus·
2045 2047 2278 2113 Oratio
2327 2057 2405 2111 ut
2445 2061 2662 2132 supra.

1458 2133 1589 2200 Ad
1609 2145 1901 2218 vesperas
1926 2144 2033 2200 an.
2083 2136 2506 2219 Responsum
2554 2159 2662 2203 ac-

1460 2223 1653 2304 cepit.
1683 2232 1786 2305 pff.
1815 2223 2012 2289 Dixit
2041 2224 2354 2288 dominus
2381 2235 2448 2288 et
2472 2236 2664 2290 cetere

1456 2311 1800 2394 antiphone
1811 2311 1890 2376 de
1905 2311 2210 2378 laudibus
2224 2333 2368 2376 cum
2375 2315 2662 2396 psalmis

2046 2410 2269 2481 preter
2357 2403 2658 2484 quintum

1440 2486 1777 2569 psalmum
1792 2489 1845 2553 ²:
1871 2487 1992 2573 qui
2019 2487 2149 2553 erit
2177 2488 2416 2553 Lauda
2445 2489 2661 2558 hieru-

1454 2574 1664 2640 salem
1688 2577 2052 2642 dominum.
2103 2576 2250 2661 Cap.
2288 2577 2438 2660 Ego
2469 2580 2658 2662 quasi

1457 2662 1630 2728 vitis.
1747 2665 1864 2730 Re.
1935 2663 2174 2730 Gaude
2232 2666 2454 2748 gaude
2513 2689 2658 2732 cum

1418 2789 1428 2800 ·
1439 2761 1658 2835 prosa.
1737 2753 2081 2818 Inviolata.
2171 2753 2496 2834 Hymnus.
2585 2755 2657 2824 A

1454 2839 1616 2906 solis
1675 2849 1874 2907 ortuS.
1965 2857 2016 2927 γ
2061 2841 2486 2926 Responsum
2548 2863 2656 2906 ac-

1452 2928 1648 3012 cepit.
1736 2928 1820 2994 In
1849 2929 2181 3010 evangelio
2218 2937 2325 2994 ar‘i.
2421 2929 2654 2995 Homo

1450 3025 1598 3084 crat
1657 3016 1724 3080 in
1783 3016 2177 3081 hierusalem
2239 3016 2344 3082 cui
2407 3037 2651 3083 nomen

1452 3123 1786 3188 symeon:
1859 3102 2065 3168 homo
2125 3104 2250 3170 iste
2302 3104 2523 3188 Justus
2583 3117 2652 3174 et

1451 3191 1803 3258 timoratus
1845 3201 2213 3276 expectans
2256 3191 2654 3259 consolatio-

1450 3301 1604 3345 nem
1666 3279 1912 3346 israel:
1987 3289 2056 3344 et
2113 3281 2651 3365 spiritussanctus

1447 3378 1591 3434 erat
1621 3369 1684 3434 in
1721 3391 1819 3436 e0.
1878 3377 1982 3451 ps’.
2029 3369 2440 3454 Magnificat.
2501 3371 2649 3439 Oro.

1450 3457 1898 3542 Omnipotens
1928 3458 2346 3544 sempiterne.
2395 3459 2648 3524 Memo-

1446 3546 1554 3609 ria
1603 3547 1684 3610 de
1727 3555 1948 3610 sancto
1999 3545 2201 3612 blasio
2248 3556 2540 3628 martyre
2586 3559 2652 3613 et

1429 3633 1746 3718 pontifice.
1864 3636 1999 3700 Αῆ.
2066 3636 2313 3700 Beatus
2371 3637 2471 3699 vir
2531 3637 2644 3720 qui

1444 3723 1752 3788 inventus
1805 3732 1923 3788 est.
2013 3741 2058 3810 γ
2107 3723 2337 3788 Gloria
2395 3732 2466 3786 et
2525 3723 2646 3788 ho-

1442 3831 1620 3877 nore.
2395 3811 2642 3880 Oratio.

1451 3899 1956 4034 Omnipotens
1986 3899 2386 3982 sempiterne
2427 3901 2592 3964 deus
2627 3922 2643 3970 :

1578 3987 1692 4070 qui
1713 3989 1984 4052 beatum
2005 3986 2288 4051 blasium
2311 3986 2639 4069 presulem

1444 4087 1937 4160 martyremque
2012 4085 2204 4142 tuum
2281 4076 2347 4138 in
2428 4096 2644 4158 agone

1438 4165 1820 4230 certaminis
1851 4173 1968 4226 tuo
2000 4184 2226 4227 amore
2275 4163 2598 4230 roborasti
2627 4185 2642 4232 ε

1443 4253 1735 4318 concede
1811 4252 2198 4334 propitius:
2289 4260 2363 4315 ut
2454 4253 2644 4335 cujus

1611 4428 1630 4459 ²
1671 4427 1946 4490 ‘psalmum
1965 4423 1978 4449 ’
2005 4439 2098 4474 om.
2115 4439 2132 4473 .·
2174 4423 2232 4474 G.
