3117 4959
1472 242 1579 296 IN
1620 242 1889 298 FESTO

978 346 1081 403 85

401 458 408 463 '
448 451 666 515 omnis
724 450 837 534 qui
899 452 1110 517 credit
1169 452 1236 517 in
1274 452 1460 518 illum
1508 474 1643 517 non

451 539 906 604 confundetur.
995 541 1116 605 Re.
1174 541 1296 605 Vir
1355 541 1648 625 perfecte

450 626 718 709 pietatis
747 636 818 691 et
847 628 993 692 dux
1024 628 1444 695 innocentie:
1489 640 1649 694 vota

449 714 664 797 plebis
692 722 811 779 tua
841 714 1012 779 festa
1041 717 1474 782 celebrantis¹
1506 737 1648 781 sus-

451 802 616 883 cipe.
727 802 818 867 Et
877 812 1170 869 astantes
1245 804 1460 869 laudis
1533 814 1649 869 tue

450 889 746 953 servulos
775 890 992 955 officio
1037 892 1340 976 precibus
1371 894 1502 959 tuis
1533 893 1652 957 ad-

445 978 656 1060 junge
674 988 1054 1043 sanctorum
1075 978 1374 1063 collegiO.
1422 998 1470 1067 γ
1492 980 1653 1044 Imi-

452 1072 632 1129 tator
687 1064 846 1147 Jesu
923 1067 1169 1133 Christi
1243 1068 1368 1133 sub
1442 1070 1651 1133 crucis

454 1153 798 1236 patibulo:
853 1174 975 1219 nos
1024 1156 1273 1220 andrea
1333 1155 1438 1221 fac
1494 1176 1653 1221 con-

455 1250 668 1305 sortes
718 1242 841 1306 celi
871 1244 1324 1309 contubernio.
1422 1244 1516 1309 Et
1548 1264 1653 1308 as-

454 1337 691 1395 tantes.
771 1328 1014 1397 Gloria.
1083 1332 1192 1399 Et.
1252 1333 1575 1413 Hymnus.

454 1418 610 1549 A
623 1417 830 1482 ndrea
873 1420 982 1501 pie
1026 1429 1406 1484 sanctorum
1437 1420 1653 1484 mitis-

621 1506 788 1570 sime
845 1506 1076 1571 obtine
1127 1508 1368 1573 nostris
1427 1508 1654 1572 errati-

455 1590 618 1658 bus²
675 1590 938 1659 veniam
991 1604 1060 1659 et
1125 1596 1242 1680 qui
1301 1614 1657 1679 gravamur

457 1680 714 1745 sarcina
734 1684 1194 1764 peccaminum
1219 1683 1492 1750 subleva
1519 1683 1653 1748 tuis

455 1768 1048 1836 intercessionibus.
1129 1772 1328 1854 Hym.
1405 1771 1655 1837 Annue

459 1855 738 1941 Christe.
888 1875 936 1944 γ
1012 1858 1274 1923 Dilexit
1333 1860 1651 1926 andream

457 1943 784 2008 dominus
879 1946 960 2011 In
983 1947 1256 2010 odorem
1288 1947 1653 2013 suavitatis

456 2029 519 2094 A
532 2037 594 2097 ἢ.
692 2030 862 2097 Cum
937 2034 1342 2116 pervenisset
1413 2036 1651 2101 beatus

459 2118 740 2183 andreas
785 2119 872 2184 ad
917 2120 1138 2185 locum
1177 2122 1289 2186 ubi
1318 2142 1485 2186 crux
1531 2142 1653 2205 pa-

459 2215 603 2270 rata
633 2216 818 2272 erat:
863 2209 1268 2274 exclamavit
1311 2219 1379 2275 et
1424 2211 1602 2275 dixit
1635 2232 1652 2277 ε

460 2313 503 2358 o
533 2295 708 2358 bona
737 2315 906 2361 crux
963 2296 1078 2360 diu
1124 2297 1537 2363 desiderata:
1584 2307 1653 2362 et

451 2382 596 2465 jam
627 2384 1118 2466 concupiscenti
1164 2387 1387 2450 animo
1417 2407 1655 2469 prepa-

460 2479 646 2535 rata:
693 2491 958 2536 securus
1002 2481 1072 2536 et
1115 2474 1416 2555 gaudens
1458 2476 1654 2539 venio

461 2558 548 2622 ad
581 2566 688 2623 te:
735 2560 829 2623 ita
859 2569 933 2623 ut
964 2570 1033 2625 et
1063 2570 1135 2625 tu
1167 2560 1478 2626 exultans
1509 2582 1655 2625 sus·

461 2646 667 2729 cipias
729 2667 838 2711 me
895 2648 1293 2732 discipulum
1356 2652 1498 2733 ejus
1541 2650 1656 2733 qui

461 2734 782 2818 pependit
826 2735 890 2799 in
937 2746 1022 2801 te.
1098 2746 1201 2822 ps’.
1247 2738 1655 2821 Magnificat.

600 2843 911 2890 uesumus
928 2826 1354 2908 omnipotens
1373 2824 1659 2913 [Gratia.

597 2910 761 2975 deus
795 2932 810 2977 ε
900 2922 976 2978 ut
1063 2915 1299 2979 beatus
1375 2914 1660 2978 andreas

462 3000 804 3083 apostolus
863 3010 1054 3066 tuum
1116 3022 1238 3085 pro
1297 3002 1490 3067 nobis
1538 3001 1661 3065 im-

462 3087 679 3171 ploret
737 3091 1108 3155 auxilium:
1175 3099 1251 3154 ut
1310 3109 1352 3152 a
1420 3090 1661 3153 nostris

467 3176 755 3239 reatibus
775 3177 1059 3242 absoluti
1085 3198 1100 3242 :
1124 3197 1165 3241 a
1182 3178 1437 3241 cunctis
1456 3178 1661 3242 etiam

465 3262 770 3347 periculis
800 3284 1125 3330 eruamur.
1175 3266 1300 3329 Per
1315 3266 1661 3329 dominum

467 3360 766 3414 nostrum
839 3352 1090 3433 Jesum.
1199 3353 1530 3416 Memoria
1587 3354 1669 3417 de

465 3438 748 3502 adventu
763 3461 788 3503 .·
830 3449 896 3503 et
950 3440 1030 3503 de
1083 3439 1349 3504 domina
1373 3462 1397 3504 .·
1441 3441 1506 3503 si
1564 3442 1665 3504 in·

451 3525 586 3608 fra
623 3525 972 3591 adventum
999 3527 1323 3592 evenerit?
1417 3529 1663 3593 Invita.

569 3712 586 3744 ¹
621 3711 920 3765 celebrantis
940 3718 1027 3763 tua
1049 3711 1208 3763 festa:
1243 3712 1310 3763 G.

567 3780 590 3810 ⁸
620 3778 932 3829 errantibus:
968 3778 1019 3830 S.

566 3846 586 3875 ⁸
614 3849 628 3871 ⁴
639 3846 702 3893 Si
695 3844 890 3909 festum
907 3845 1070 3894 sancti
1081 3844 1262 3894 andree
1273 3850 1386 3893 ante
1399 3844 1666 3893 adventum

466 3912 684 3961 evenerit
704 3911 892 3960 dal-itur
911 3912 1154 3974 [dicatur-s
1194 3911 1276 3974 G.]
1299 3911 1667 3975 completorium

469 3984 530 4025 ut
556 3977 614 4025 in
651 3984 862 4041 tempore
904 3978 1104 4027 estivali
1131 3978 1180 4026 si
1213 3976 1356 4041 infra
1393 3977 1667 4026 adventum

465 4044 682 4092 evenerit
694 4043 887 4092 dakitur
905 4042 1131 4106 [dicatur
1141 4057 1160 4092 .·
1199 4043 1284 4106 G.]
1305 4058 1416 4091 cum
1439 4042 1667 4107 antzpho-

467 4109 550 4157 nir
571 4114 632 4157 ut
653 4115 859 4157 notatur
876 4110 932 4158 in
954 4110 1171 4159 adventu
1203 4124 1316 4159 cum
1357 4110 1448 4158 isto
1481 4109 1669 4173 hymno

467 4174 528 4224 in
551 4181 760 4240 utroque
778 4181 997 4239 tempore.

477 4260 493 4287 ι
513 4240 782 4325 Salvator
803 4240 978 4291 mundi
1008 4240 1217 4291 domine
1237 4240 1324 4306 qui
1347 4256 1439 4291 nos
1461 4239 1667 4291 salvasti

585 4306 736 4357 hodie
757 4308 810 4357 in
831 4306 928 4358 hac
949 4314 1096 4357 nocte
1117 4322 1210 4355 nos
1227 4313 1433 4371 protege
1455 4313 1504 4356 et
1527 4306 1668 4356 salva

468 4374 610 4423 omni
627 4381 865 4438 tempore.
937 4372 1136 4422 Adesto
1173 4387 1307 4422 nunc
1341 4373 1596 4437 propicius
1617 4379 1667 4422 et

469 4456 620 4504 parce
659 4438 1090 4505 supplicantibus:
1126 4446 1182 4489 tu
1218 4438 1330 4491 dele
1367 4446 1537 4490 nostra
1574 4440 1665 4488 cri-

2314 349 2416 405 86

1749 452 2132 518 Adoremus
2180 452 2791 518 victoriosissimum
2850 474 2953 519 re·

1746 562 1903 625 gem
1980 541 2359 607 Christum:
2418 541 2553 625 Qui
2626 543 2951 607 victorem

1748 650 1867 713 per
1926 630 2135 693 crucis
2194 628 2545 712 tropheum
2608 632 2955 695 coronavit

1750 718 2021 781 beatum
2062 717 2381 781 andream
2411 718 2809 800 apostolum.
2843 728 2951 801 pf.

1750 805 2010 870 Venite.
2086 805 2287 887 Hym.
2364 804 2613 869 Eterna
2674 805 2947 872 Christi.

1750 893 1835 958 In
1856 893 1920 975 j.
1952 902 2257 957 nocturno
2282 901 2391 957 αῆ.
2422 892 2733 957 Andreas
2752 914 2953 977 apos·

1750 981 1928 1045 tolus
1957 980 2135 1045 dixit
2164 979 2252 1045 ad
2278 1000 2552 1063 egeam:
2583 990 2777 1045 tanto
2798 1002 2961 1045 meo

1753 1068 1889 1150 regi
1934 1069 2065 1132 deo
2108 1088 2225 1132 ero
2274 1069 2644 1151 acceptior:
2693 1078 2953 1151 quanto

1751 1176 1873 1239 pro
1906 1156 2047 1238 ejus
2078 1174 2306 1220 amore
2337 1157 2522 1220 fuero
2550 1176 2953 1239 permanens

1752 1245 1821 1307 in
1853 1244 2199 1308 tormentis
2227 1243 2577 1309 confessor.
2654 1254 2757 1329 pff.
2802 1245 2951 1311 Celi

1758 1340 2086 1397 enarrant.
2131 1338 2239 1396 αῆ.
2284 1332 2433 1414 Ego
2462 1332 2672 1396 crucis
2706 1332 2955 1397 Christi

1752 1439 1979 1484 servus
2009 1438 2155 1483 sum
2182 1440 2197 1485 :
2244 1428 2311 1483 et
2356 1421 2564 1484 crucis
2596 1420 2953 1503 tropheum

1754 1518 1987 1590 optare
2010 1508 2231 1590 potius
2248 1506 2464 1572 debeo
2480 1526 2685 1590 quam
2696 1508 2954 1573 timere.

1738 1603 1837 1678 pf.
1871 1596 2289 1660 Benedicam.
2342 1603 2449 1659 αῆ.
2501 1596 2786 1679 Cunque
2811 1616 2959 1659 car-

1754 1681 1980 1747 nifices
2040 1683 2421 1766 apostolum
2482 1683 2805 1747 ducerent
2882 1693 2959 1748 ut

1750 1771 2189 1839 cruciaretur:
2219 1790 2575 1835 concursus
2604 1770 2821 1836 factus
2852 1781 2961 1837 est

1752 1859 2151 1943 populorum
2224 1857 2661 1923 clamantium
2730 1858 2959 1942 justus

1750 1946 1957 2011 homo
1987 1955 2055 2011 et
2084 1946 2337 2010 amicus
2368 1945 2517 2012 dei:
2562 1946 2725 2031 quid
2758 1946 2959 2013 fecit:

1752 2042 1827 2099 ut
1886 2035 2169 2099 ducatur
2226 2034 2311 2098 ad
2372 2053 2652 2098 crucem.
2710 2043 2786 2098 at
2846 2034 2959 2098 ille

1750 2122 2032 2204 rogabat
2062 2121 2384 2205 populum
2414 2131 2487 2187 ut
2513 2142 2655 2186 non
2678 2123 2962 2205 impedi-

1752 2219 1899 2274 rent
1916 2210 2292 2292 passionem
2312 2207 2469 2290 ejus
2487 2219 2587 2291 pf.
2610 2210 2963 2275 Eructavit

1750 2318 1865 2363 cor
1895 2318 2134 2362 meum.
2182 2315 2230 2384 γ
2256 2298 2336 2361 In
2366 2318 2635 2361 omnem
2668 2298 2963 2361 terram.⁴

1750 2388 1899 2521 P
1912 2386 2213 2450 roconsul
2238 2404 2437 2468 egeas
2458 2394 2684 2468 patras
2718 2386 2886 2470 [Lec.
2899 2386 2962 2470 j.

1910 2474 2249 2539 civitatem
2323 2472 2699 2557 ingressus:
2782 2475 2964 2558 cepit

1752 2562 2154 2646 compellere
2174 2562 2516 2627 credentes
2534 2562 2602 2627 in
2617 2562 2961 2628 Christum

1756 2651 1841 2715 ad
1888 2650 2208 2716 sacrificia
2250 2651 2598 2715 idolorum.
2691 2650 2818 2716 Cui
2850 2670 2967 2714 oc-

1756 2758 2021 2804 currens
2081 2746 2347 2803 sanctus
2421 2739 2705 2803 andreas
2765 2739 2967 2803 dixit.

1760 2826 2136 2913 Oportebat
2168 2836 2243 2892 ut
2273 2835 2344 2891 tu
2393 2827 2507 2909 qui
2548 2826 2765 2908 judex
2810 2846 2965 2890 esse

1757 2915 2105 2980 hominum
2136 2914 2631 2996 comprobaris:
2659 2914 2967 2997 judicem

1760 3012 1951 3067 tuum
1974 3002 2179 3086 quiin
2204 3002 2361 3066 celis
2392 3010 2497 3065 est
2524 3021 2969 3084 cognosceres

1760 3099 1829 3155 et
1874 3092 2176 3173 agnitum
2229 3088 2515 3155 coleres:
2557 3098 2627 3153 et
2673 3089 2971 3154 colendo

1762 3198 1915 3243 eum
1946 3179 2059 3262 qui
2090 3198 2285 3242 verus
2324 3186 2429 3241 est
2472 3178 2677 3242 deus:
2722 3178 2814 3242 ab
2862 3178 2971 3241 his

1761 3267 1875 3350 qui
1923 3266 2061 3330 veri
2114 3266 2207 3330 dii
2260 3284 2395 3329 non
2456 3273 2611 3328 sunt
2660 3266 2970 3329 animum

1761 3374 2117 3419 revocares.
2208 3354 2326 3419 Re.
2377 3352 2561 3417 Dum
2606 3353 2973 3436 perambu-

1761 3442 1929 3507 laret
1957 3441 2267 3506 dominus
2302 3461 2500 3523 supra
2546 3460 2731 3505 mare
2774 3461 2973 3505 secus

1761 3530 1947 3595 littus
2003 3529 2247 3611 galilee
2302 3529 2473 3594 vidit
2496 3530 2523 3567 ⁶
2580 3538 2851 3613 petrum
2903 3538 2975 3593 et

1764 3714 1902 3763 mina
1936 3719 1990 3765 tu
2036 3713 2265 3765 tenebras
2304 3712 2546 3765 illumina.
2618 3712 2707 3763 Ne
2744 3720 2977 3764 mentem

1766 3794 1969 3830 somnus
1991 3780 2243 3845 opprimat
2280 3794 2373 3829 nec
2410 3778 2570 3829 hostis
2604 3794 2698 3829 nos
2733 3780 2979 3845 surripiat

1766 3861 1861 3895 nec
1878 3846 1993 3896 ullis
2015 3861 2131 3895 caro
2148 3846 2362 3911 petimus
2384 3844 2778 3896 commaculetur
2808 3846 2981 3895 sordi-

1767 3912 1877 3963 bus.
1960 3911 2029 3961 Te
2066 3910 2361 3961 reformator
2402 3926 2635 3961 sensuum
2680 3910 2815 3961 votis
2860 3928 2977 3977 pre-

1768 3992 1943 4027 camur
1964 3977 2191 4027 cordium
2212 3968 2268 4026 'ut
2288 3977 2403 4042 puri
2424 3977 2575 4027 castis
2588 3978 2845 4027 mentibus
2868 3992 2979 4027 sur·

1768 4058 1946 4108 gamus
1978 4059 2010 4092 a
2052 4044 2313 4094 cubilibus.
2388 4042 2506 4092 Deo
2538 4042 2671 4107 patri
2710 4043 2778 4092 sit
2808 4043 2977 4121 gloria

1768 4109 1973 4174 ejusque
2008 4107 2105 4158 soli
2140 4108 2248 4158 filio
2286 4124 2403 4158 cum
2438 4108 2616 4175 spiritu
2650 4110 2903 4173 paraclito
2926 4117 2979 4161 et

1764 4190 1898 4291 ιὲιιιὸι
1933 4182 1986 4224 et
2023 4175 2402 4240 imperpetuum.
2475 4174 2569 4223 Ad
2610 4175 2797 4227 matu?
2828 4176 2939 4224 add
2962 4194 2979 4226 :

1866 4310 1886 4337 ⁴
1928 4310 1943 4335 ⁸
1958 4305 2110 4355 exivit
2125 4320 2277 4356 sonus
2291 4321 2480 4357 eorum.
2520 4306 2589 4357 Et
2612 4305 2667 4357 in
2684 4306 2812 4359 fines
2828 4308 2973 4357 orbis

1768 4379 1897 4424 terre
1921 4372 2072 4422 verba
2094 4388 2267 4423 eorum
2282 4372 2295 4395 ’
2320 4373 2421 4423 add
2448 4388 2459 4421 :
2496 4372 2562 4423 G.

1868 4442 1887 4470 ⁸
1921 4438 2129 4490 videns:
2164 4440 2230 4491 G.
