3117 4959
1490 230 1872 288 OFFCJUM.
1893 295 1912 308 ,

963 346 1105 400 78⁷

423 450 589 510 vim0
614 462 715 512 tue
742 453 1065 528 potestatiS,
1094 463 1121 492 ⁰
1142 463 1200 513 et
1241 449 1391 528 egris
1430 449 1628 509 multi-

422 531 649 605 plicant
727 531 990 592 medelas
1011 543 1037 572 ⁰
1102 530 1418 592 suavitatis
1529 531 1625 606 pi.

427 611 791 686 Magnificat.
1402 610 1626 668 Oratio.

426 691 655 795 Deus
696 687 798 764 qui
838 707 943 765 per
976 690 1249 765 exempla
1276 685 1632 747 sanctissimi

549 767 833 827 heremite
876 766 1117 826 Ricardi
1171 765 1425 827 docuisti
1473 775 1499 804 ⁶
1519 784 1632 825 nos

426 856 659 906 terrena
684 845 987 922 despicere
1006 857 1033 886 ⁰
1076 856 1137 905 et
1178 845 1409 905 sincero
1451 847 1633 903 corde

430 926 512 985 ad
566 925 806 985 celestia
858 935 884 964 ⁶
904 925 1236 1001 suspirare:
1304 925 1384 984 da
1437 923 1631 996 nobiS,

433 1022 771 1080 quesumuS,
817 1004 944 1078 ejus
988 1003 1210 1063 meritis
1255 1013 1314 1063 et
1356 1001 1632 1078 precibus

412 1081 627 1158 ‚ipsum
656 1081 939 1140 veraciter
966 1081 1192 1153 imitari,
1219 1092 1281 1142 et
1305 1100 1443 1140 cum
1474 1100 1547 1140 eo
1571 1080 1630 1138 in

434 1172 639 1221 eterna
704 1159 1074 1220 beatitudine
1146 1159 1465 1237 voluptatis
1532 1170 1634 1218 tue

434 1249 691 1299 torrente
744 1239 947 1314 potari.
1047 1241 1159 1298 Per
1215 1235 1629 1299 Dominum.⁰¹

434 1319 492 1375 A
498 1319 545 1376 d
610 1318 1075 1393 ιοηιρἰιίονὶιιηι.2
1184 1321 1359 1377 Pater
1414 1328 1630 1377 noster.

435 1398 568 1455 Ave
638 1396 845 1455 Maria.
965 1398 1262 1457 Converte
1316 1415 1443 1456 nos
1556 1397 1636 1454 Et

436 1485 650 1534 averte.
710 1476 877 1534 Deus
906 1473 965 1533 in
994 1475 1366 1550 adjutorium.
1430 1473 1636 1534 Gloria

438 1552 615 1612 Patri.
696 1550 827 1642 [Ps.
858 1550 1001 1633 iiij]
1084 1555 1239 1614 Cum
1295 1552 1637 1612 invocarem

438 1630 738 1690 exaudivit
766 1651 863 1690 me
894 1633 1073 1691 Deus.
1163 1631 1285 1712 [Ps.
1316 1651 1461 1690 xxx.
1561 1633 1638 1688 In

438 1720 499 1768 te
549 1708 810 1770 Domine
860 1709 1101 1784 speravi.
1190 1709 1313 1789 [Ps.
1360 1729 1445 1768 xc.
1518 1707 1639 1784 Qui

436 1787 664 1846 habitat
704 1787 764 1845 in
806 1788 1101 1863 adjutorio
1144 1787 1423 1848 altissimi.
1512 1785 1636 1864 {Pa

438 1865 712 1946 cxxxt't'jl]
824 1868 985 1926 Ecce
1050 1884 1213 1926 nunc
1280 1865 1634 1926 benedicite.

437 1945 497 2002 A
504 1946 797 2020 nttphona.
858 1945 1142 2006 Miserere
1168 1944 1350 2004 michi
1379 1943 1643 2004 Domine

439 2032 500 2082 et
511 2022 725 2082 exaudi
736 2022 1063 2083 orationem
1077 2043 1288 2083 meam.
1304 2025 1642 2100 Capitulum

454 2103 609 2206 Tu
639 2100 700 2159 in
721 2101 895 2161 nobis
924 2120 987 2160 es
1017 2104 1148 2161 Do·
1178 2101 1458 2181 [Hier-em.
1483 2103 1639 2176 xiiij.

571 2180 747 2249 mine,
794 2191 854 2239 et
894 2197 1117 2240 nomen
1166 2193 1435 2240 sanctum
1473 2191 1643 2241 tuum

443 2268 502 2317 et
555 2257 877 2334 gloriosum
932 2257 1276 2319 invocatum
1332 2271 1420 2320 est
1468 2279 1646 2336 super

442 2354 594 2396 nos:
638 2355 717 2394 ne
769 2335 1144 2413 derelinquas
1198 2357 1311 2398 nos
1382 2337 1645 2400 Domine

443 2416 610 2474 Deus
638 2425 856 2474 noster.
906 2417 1041 2474 Deo
1069 2415 1301 2492 gratias.
1364 2418 1636 2493 Ympnus.

456 2495 605 2598 Te
672 2491 820 2552 lucis
872 2502 1011 2552 ante
1066 2493 1381 2553 terminum
1448 2514 1643 2576 rerum

571 2572 818 2632 Creator
842 2571 1146 2646 poscimus
1172 2598 1186 2632 ε
1229 2585 1295 2632 ut
1323 2573 1497 2633 solita
1524 2575 1644 2634 cle-

442 2649 675 2710 mencia
730 2649 809 2709 sis
880 2653 1075 2727 presul
1140 2653 1217 2710 ad
1286 2653 1642 2712 custodiam.

444 2729 674 2788 Procul
700 2730 977 2789 recedant
1010 2728 1241 2788 somnia
1279 2742 1340 2791 et
1379 2730 1646 2790 noctium

444 2808 799 2867 fantasmata
832 2829 844 2866 :
926 2808 1279 2884 hostemque
1373 2821 1646 2869 nostrum

444 2885 787 2960 comprime,
842 2905 919 2946 ne
986 2888 1325 2962 polluantur
1376 2905 1641 2964 corpora.

444 2965 683 3035 Presta,
700 2966 872 3024 Pater
898 2965 1295 3040 omnipoten3‚
1315 2985 1421 3042 per
1435 2969 1644 3043 Jesum

445 3042 749 3102 Christum
795 3043 1143 3116 Dominum,
1192 3043 1295 3120 qui
1344 3056 1540 3104 tecum
1584 3044 1645 3103 in

445 3131 797 3199 perpetuum
824 3133 1027 3197 regnat
1052 3141 1191 3181 cum
1219 3125 1439 3183 Sancto
1467 3122 1645 3199 Spiri-

445 3209 524 3258 tu.
583 3202 799 3260 Amen.
883 3201 934 3276 Ῠ
962 3200 1217 3262 Custodi
1244 3219 1355 3261 nos
1386 3202 1648 3262 Domine

445 3287 513 3337 ut
552 3278 833 3355 pupillam
876 3277 1050 3338 oculi.
1132 3281 1234 3339 Re.
1278 3281 1403 3340 Sub
1437 3282 1649 3340 umbra

410 3369 415 3374 ’
446 3357 669 3416 alarum
698 3367 926 3416 tuarum
968 3367 1211 3432 protege
1253 3377 1379 3418 nos
1464 3361 1645 3418 Anti-

432 3435 651 3510 phona.
700 3435 873 3493 Salva
898 3454 1025 3495 nos.
1096 3443 1191 3512 ps.
1237 3439 1417 3496 Nunc
1446 3437 1646 3498 dimit-

448 3511 537 3571 tis.
624 3511 827 3572 Gloria
858 3513 1027 3572 Patri.
1114 3515 1281 3575 Sicut
1317 3526 1453 3576 erat.
1537 3516 1644 3576 ari.

448 3589 621 3650 Salva
660 3607 788 3662 nOS,
836 3590 1115 3666 Domine,
1156 3592 1481 3669 vigilanteS,
1513 3615 1645 3655 cus-

449 3666 577 3727 todi
622 3685 733 3726 nos
776 3668 1139 3731 dormientes
1172 3694 1184 3732 ε
1225 3682 1292 3731 ut
1338 3672 1648 3749 vigilemus

449 3765 587 3805 cum
656 3745 911 3819 Christo,
980 3761 1040 3809 et
1092 3751 1529 3826 requiescamus
1585 3752 1647 3810 in

459 3845 625 3902 pace.
738 3825 981 3902 Kyriel'.
1088 3829 1274 3905 Xpel’.
1405 3829 1646 3907 Kyriel’.

552 4002 567 4031 ¹
606 4002 745 4051 Here
768 4002 819 4050 in
836 4003 895 4052 C.
916 4003 1013 4051 and
1035 4004 1093 4053 L.
1124 4004 1321 4052 follows
1352 4004 1456 4053 ‘Ad
1476 4003 1654 4053 Matu-

452 4069 603 4127 tinas,
632 4068 1035 4118 Invitaton'um.’
1264 4080 1275 4092 ⁸

551 4135 572 4163 ¹
605 4132 717 4180 The
741 4133 983 4182 Bodleian
1008 4134 1121 4184 MS.
1148 4137 1194 4194 (e
1213 4135 1343 4183 Mus.
1360 4137 1470 4197 193)
1488 4135 1652 4184 which

452 4197 681 4246 contains
704 4198 803 4248 this
838 4199 997 4257 office,
1024 4199 1117 4248 has
1152 4200 1247 4248 lost
1290 4215 1386 4248 one
1420 4216 1477 4248 or
1514 4215 1653 4250 more

454 4263 620 4310 leaves
659 4271 711 4311 at
756 4263 841 4312 the
898 4265 1186 4328 beginning.
1293 4265 1405 4313 The
1452 4273 1652 4329 present

455 4326 541 4374 fol.
572 4325 602 4373 i.
633 4342 676 4375 a.
707 4327 882 4391 begins
901 4331 1020 4378 with
1046 4329 1129 4378 the
1154 4329 1258 4379 first
1283 4331 1446 4379 words
1480 4331 1538 4379 of
1554 4332 1654 4380 this

458 4391 642 4449 Psalm,
688 4393 817 4440 Cum
858 4395 1147 4443 invocarem.
1220 4396 1331 4444 The
1373 4397 1565 4445 Psalms
1599 4397 1650 4446 in

2235 344 2388 399 788

1733 444 1909 505 Pater
1935 458 2150 508 noster.
2211 449 2289 507 Et
2310 467 2389 508 ne
2415 466 2547 507 nos.
2605 448 2714 507 Set
2736 445 2920 507 libera

1734 525 1808 582 In
1863 544 2012 600 pace
2054 525 2116 585 in
2161 526 2436 602 idipsum.
2525 526 2838 586 Dormiam
2874 538 2926 585 et

1733 602 2122 678 requiescam.
2165 604 2444 667 Credoin
2466 607 2686 664 Deum.
2731 605 2928 665 Carnis

1733 683 2248 743 resurreccionem.
2333 687 2413 743 Et
2441 683 2622 743 vitam
2655 695 2924 744 eternam.

1734 762 1949 820 Amen.
2075 761 2511 822 Benedicamus
2584 765 2823 822 Patrem
2879 773 2932 820 et

1737 838 1953 897 Filium
1982 859 2120 900 cum
2149 843 2369 901 Sancto
2397 841 2638 916 Spiritu.
2715 842 2932 900 laude-

1735 936 1870 977 mus
1883 929 1942 978 et
1959 923 2462 995 superexaltemus
2479 935 2618 978 eum
2639 920 2705 979 in
2725 921 2931 978 secula.

1739 997 2099 1057 Benedictus
2120 1017 2185 1058 es
2210 997 2471 1058 Domine
2488 998 2552 1057 in
2569 1001 2936 1058 firmamento

1735 1074 1862 1134 celi.
1951 1077 2029 1134 Et
2083 1077 2395 1137 laudabilis
2439 1087 2498 1136 et
2551 1078 2848 1154 gloriosus
2885 1090 2936 1136 et

1737 1157 2205 1229 superexaltatus
2232 1155 2292 1214 in
2323 1157 2541 1214 secula.
2615 1157 2936 1216 Benedicat

1737 1242 1798 1291 et
1845 1233 2143 1293 custodiat
2186 1253 2299 1293 nos
2345 1233 2735 1310 omnipotens
2779 1238 2940 1294 Pater

1738 1310 1870 1385 pius
1899 1323 1959 1370 et
1987 1311 2316 1371 misericors
2347 1311 2664 1372 Dominus.
2733 1317 2938 1372 Amen.

1739 1390 2125 1451 Confitemini
2151 1391 2418 1450 Domino
2436 1392 2728 1467 quoniam
2739 1393 2939 1451 bonus·

1741 1468 2044 1542 Quoniam
2099 1469 2160 1528 in
2217 1473 2484 1529 seculum
2539 1468 2944 1531 misericordia

1740 1550 1884 1624 ejus.
1972 1549 2280 1608 Confiteor
2321 1550 2458 1608 Deo
2487 1548 2619 1608 celi.
2709 1549 2945 1608 Misere·

1741 1639 1872 1686 atur
1898 1626 2075 1686 vestri
2103 1627 2484 1702 omnipotens
2529 1630 2724 1701 Deua,
2757 1639 2819 1688 et
2865 1627 2946 1686 di-

1743 1705 1938 1764 mittat
1983 1704 2154 1765 vobis
2199 1705 2402 1765 omnia
2444 1717 2702 1781 peccata
2741 1717 2944 1778 vestm,

1743 1782 1952 1842 liberet
2005 1803 2112 1844 vos
2170 1787 2336 1844 Deus
2389 1786 2468 1844 ab
2537 1785 2710 1844 omni
2779 1788 2948 1856 malo,

1743 1863 1929 1921 salvet
1973 1873 2034 1921 et
2076 1865 2388 1923 confirmet
2439 1863 2502 1922 in
2557 1863 2731 1924 omni
2781 1883 2950 1941 opere

1743 1942 1930 2011 bon0,
1949 1953 2010 2000 et
2035 1943 2324 2017 perducat
2350 1962 2457 2002 vos
2485 1943 2568 2002 ad
2597 1941 2786 2002 vitam
2817 1955 2951 2003 eter-

1743 2037 1902 2078 nam.
2026 2023 2242 2080 Amen.
2365 2021 2850 2082 Absolucionem
2897 2034 2951 2082 et

1742 2097 2151 2158 remissionem
2232 2100 2504 2159 omnium
2573 2113 2948 2176 peccatorum

1745 2188 2092 2249 vestrorum,
2123 2179 2389 2254 spacium
2431 2198 2568 2239 vere
2617 2179 2952 2254 penitencie

1747 2267 1808 2316 et
1863 2257 2353 2316 emendacionem
2407 2257 2545 2330 vite,
2597 2257 2862 2333 graciam
2897 2271 2952 2318 et

1746 2334 2228 2395 consolacionem
2247 2337 2447 2396 Sancti
2469 2336 2728 2413 Spiritus
2747 2338 2952 2397 tribuat

1749 2412 1920 2472 vobis
1987 2413 2368 2490 omnipotens
2439 2419 2620 2476 Pater
2699 2418 2836 2493 pius
2897 2427 2953 2475 et

1747 2491 2080 2552 misericors
2112 2492 2428 2552 Dominus.
2513 2497 2734 2554 Amen.
2821 2494 2954 2571 Dig-

1748 2589 1890 2630 nase
1912 2571 2172 2631 Domine
2193 2585 2372 2631 nocte
2389 2572 2502 2632 ista
2523 2596 2537 2631 ι
2559 2575 2692 2634 sine
2711 2587 2953 2650 peccato

1749 2669 1861 2709 nos
1891 2651 2202 2710 custodire.
2292 2650 2580 2711 Miserere
2619 2652 2810 2712 nostri
2840 2657 2956 2712 Do-

1751 2727 1910 2788 mine
1944 2751 1956 2788 :
1983 2729 2257 2790 miserere
2285 2729 2488 2789 nostri.
2573 2730 2711 2791 Fiat
2737 2731 2950 2790 miseri-

1749 2806 1954 2866 cordia
2039 2817 2140 2868 tua
2223 2807 2486 2868 Domine
2553 2827 2740 2885 super
2803 2828 2950 2870 nos:

1751 2885 2276 2958 Quemadmodum
2339 2886 2712 2963 speravimus
2766 2888 2829 2947 in
2880 2901 2947 2948 te.

1753 2963 2014 3024 Domine
2076 2967 2245 3024 Deus
2326 2964 2610 3026 virtutum
2679 2979 2951 3027 converte

1751 3061 1906 3102 nos:
1967 3045 2048 3103 Et
2100 3046 2354 3103 ostende
2407 3044 2626 3104 faciem
2681 3055 2848 3105 tuam
2897 3055 2952 3106 et

1750 3120 1896 3180 salvi
1923 3121 2154 3180 erimus
2243 3121 2507 3183 Domine
2535 3125 2760 3184 exaudi
2785 3123 2950 3185 oraci-

1751 3218 1932 3260 onem
1961 3221 2194 3262 meam:
2236 3203 2316 3260 Et
2339 3204 2568 3261 clamor
2595 3222 2770 3263 meus
2795 3206 2871 3264 ad
2897 3215 2948 3263 te

1749 3279 1963 3340 veniat.
2741 3283 2946 3343 orateur.

1749 3357 2099 3463 Illuminm
2125 3377 2448 3435 quesumus
2477 3359 2748 3420 Domine
2779 3363 2949 3432 Deus

1839 3439 2114 3497 tenebras
2139 3449 2370 3497 nostras
2399 3460 2413 3497 :
2455 3448 2518 3496 et
2544 3438 2743 3498 tocius
2769 3440 2950 3499 noctis

1753 3515 2000 3575 insidias
2029 3527 2092 3575 tu
2121 3535 2158 3574 a
2185 3515 2361 3575 nobis
2389 3518 2614 3593 repelle
2644 3517 2944 3595 propicius.

1752 3597 1867 3654 Per
1889 3594 2219 3653 Dominum
2248 3605 2514 3654 nostrum
2541 3598 2772 3670 Jesum.
2830 3599 2948 3656 Do-

1750 3672 1911 3733 mine
1953 3672 2170 3733 exaudi
2210 3672 2552 3733 oracionem
2595 3693 2790 3732 meam
2819 3697 2832 3734 :
2875 3677 2948 3733 Et

1752 3753 1975 3811 clamor
2042 3771 2212 3812 meus
2277 3753 2354 3810 ad
2419 3751 2529 3812 te.⁸
2633 3753 2950 3813 Benedioe
3059 3785 3061 3820 ς

1752 3849 1886 3890 mus
1934 3827 2255 3911 [Domino]
2303 3832 2440 3890 Deo
2485 3828 2770 3912 [gratias]
2851 3832 2956 3890 Ad

1755 4004 1854 4054 this
1877 4005 1990 4054 MS.
2019 4020 2104 4054 are
2136 4004 2334 4054 written
2371 4013 2422 4054 at
2455 4007 2651 4072 length.
2723 4008 2828 4058 The
2851 4015 2944 4058 text

1754 4070 1812 4118 of
1846 4071 1913 4118 all
1949 4069 2056 4118 that
2080 4070 2276 4120 follows
2309 4071 2369 4120 os
2402 4073 2503 4122 this
2539 4073 2688 4123 office
2726 4075 2766 4123 is
2801 4074 2944 4122 taken

1755 4135 1881 4184 from
1932 4135 2030 4184 this
2087 4136 2200 4186 MS.
2261 4146 2439 4202 except
2485 4140 2656 4189 where
2699 4140 2944 4189 otherwise

1755 4201 2030 4314 nou’ed'l'his
2053 4265 2277 4316 Versicle
2300 4267 2343 4317 is
2367 4269 2602 4344 repeated
2633 4270 2748 4319 here
2770 4269 2834 4333 by
2863 4267 2944 4317 the

1753 4331 1929 4389 scribe,
1959 4331 2150 4379 instead
2177 4332 2236 4380 of
2257 4338 2272 4361 ‘
2291 4333 2543 4384 Dominus
2565 4336 2826 4384 vobiscum.
2879 4333 2938 4382 Et

1753 4413 1864 4447 cum
1889 4397 2062 4461 spiritu
2088 4397 2213 4447 tuo)
