3117 4959
774 270 824 324 C
822 270 1021 326 OMM
1027 268 1198 324 UNE
1253 268 1409 325 UNI
1407 268 1510 324 US
1557 268 1688 323 MA
1702 270 1758 323 Τ
1748 269 1983 325 RONE
1983 312 1997 327 .

655 379 744 432 77

161 486 566 567 assumptione
583 483 752 547 beate
773 483 982 548 marie
1007 484 1229 567 virgin
1237 483 1328 548 is.¹

159 576 285 637 Αῆ.
373 574 792 654 Unguentum
840 571 1140 636 effusum.
1230 572 1334 635 et²

156 671 338 724 cetere
419 660 756 743 antiphone
839 660 1042 723 unius
1123 661 1331 742 virgi-

155 750 271 811 nis.
938 748 1330 830 Capitulum.

151 835 608 968 Mulierem
661 834 902 899 fortem
951 838 1102 918 quis
1150 837 1334 900 inve-

345 926 514 987 niet:
559 924 786 1006 procul
835 934 901 988 et
945 924 1034 989 de
1079 924 1331 988 ultimis

151 1010 379 1075 finibus
407 1012 696 1094 precium
729 1014 871 1093 ejus
899 1034 914 1077 ε
963 1011 1237 1076 confidit
1262 1014 1328 1075 in

149 1119 224 1161 ea
271 1120 380 1163 cor
433 1100 550 1163 viri
611 1101 752 1165 sui:
802 1110 870 1164 et
918 1100 1146 1183 spoliis
1195 1121 1330 1165 non

145 1188 468 1268 indigebit.
536 1188 654 1253 Re.
741 1188 1054 1271 Regnum
1080 1190 1330 1253 mundi.

146 1292 189 1361 y
259 1275 612 1339 Eructavit.
732 1276 1056 1357 Hymnus.
1178 1276 1330 1341 Hec

141 1362 258 1426 rite
287 1365 509 1428 mundi
531 1363 793 1447 ‚gaudia
839 1364 1034 1446 hujus
1079 1366 1334 1429 caduca

140 1452 478 1534 respuens⁸
503 1472 662 1516 cum
694 1453 946 1534 angelis
979 1451 1330 1518 celestibus

139 1538 264 1603 leta
293 1542 538 1622 potitur
581 1540 867 1622 premiis
958 1540 1185 1621 Hujus
1215 1542 1330 1605 be-

136 1627 328 1710 nigne
348 1648 583 1692 annue.
650 1636 756 1692 etc.
827 1638 904 1691 ut
915 1637 1103 1710 patet
1127 1640 1329 1711 supra

136 1714 202 1777 in
228 1716 456 1795 hymno
501 1718 584 1780 de
629 1717 932 1779 laudibus
959 1718 1158 1781 unius
1185 1738 1328 1781 con-

115 1804 384 1883 fessoris
428 1814 493 1867 et
524 1804 871 1887 pontificis.
966 1822 1013 1892 y
1063 1806 1326 1870 Diffusa

129 1900 240 1955 est.
341 1892 426 1955 In
483 1892 814 1975 evangelio
871 1902 980 1956 aii.
1090 1892 1322 1958 Simile

129 1987 224 2041 est
253 1999 522 2061 regnum
563 1981 852 2045 celorum
881 2001 1142 2063 sagene.
1217 1990 1322 2063 ps.

130 2066 523 2149 Magnificat.
644 2067 894 2132 Oratio.
994 2068 1322 2152 Omnipo-

125 2162 265 2217 tens
306 2158 713 2239 sempiterne
758 2158 960 2221 deus:
1007 2158 1097 2220 da
1128 2158 1320 2221 nobis

127 2242 190 2304 in
235 2242 596 2309 festivitate
650 2244 846 2308 beate
893 2246 976 2309 N.
1027 2264 1320 2327 congrua

127 2330 476 2397 devotione.
603 2341 667 2395 et
721 2343 923 2395 cetera
981 2341 1060 2395 ut
1117 2344 1320 2414 supra

125 2418 311 2482 unius
339 2421 646 2503 virginis.
708 2421 835 2484 Ad
849 2432 1047 2485 matu.
1071 2422 1315 2485 Invita.

127 2504 435 2572 Eternum
460 2510 848 2592 trinumque
867 2511 1065 2573 deum
1091 2509 1317 2573 laude-

128 2613 262 2658 mus
292 2604 358 2659 et
389 2618 620 2661 unum.
683 2596 817 2679 Qui
850 2598 974 2660 sibi
1002 2597 1085 2661 N.
1105 2607 1316 2661 trans-

122 2684 333 2746 vexit⁴
394 2686 482 2748 ad
543 2684 770 2753 ethera
819 2695 1138 2749 sanctam.
1212 2694 1314 2767 ps.

120 2768 364 2837 Venite.
486 2774 578 2837 H
556 2792 819 2853 ymnus.
943 2774 1098 2837 Hec
1173 2774 1314 2839 rite.

119 2858 332 2941 Hujus
405 2861 718 2944 benigne.
845 2862 955 2926 Sit
1031 2860 1311 2927 Christe.

117 2945 198 3008 In
251 2949 472 3029 primo
545 2958 849 3016 nocturno
904 2958 1011 3013 ari.
1149 2949 1311 3014 Veni

117 3033 318 3100 electa
350 3058 503 3102 mea
538 3048 608 3101 et
634 3056 882 3119 ponam
908 3037 976 3101 in
1007 3037 1112 3101 te*⁵
1132 3036 1312 3113 thro-

116 3141 280 3186 num·
343 3146 626 3189 meum:
701 3126 859 3207 quia
931 3126 1312 3208 concupivit

113 3230 228 3274 rex
285 3216 583 3299 speciem
646 3223 852 3277 tuam.
954 3222 1055 3294 ps.
1166 3214 1312 3277 Do·-

112 3300 282 3363 mine
374 3302 692 3365 dominus
788 3310 1030 3365 noster.
1176 3302 1312 3367 Ar‘i.

109 3385 340 3469 Nigra-
359 3410 533 3454 sum.
618 3398 720 3473 ps'.
813 3390 867 3455 C
871 3389 956 3453 eli
989 3399 1312 3455 enarrant.

107 3474 236 3539 Αῆ.
270 3477 332 3542 O
379 3498 589 3560 quam
624 3476 916 3561 pulchra.
995 3486 1094 3559 ps’.
1171 3479 1312 3541 Do-

106 3563 263 3626 mini
310 3576 414 3630 est
461 3574 656 3630 terra.
792 3581 841 3652 y
891 3565 1154 3629 Diffusa
1211 3574 1312 3628 est

103 3654 328 3731 gratia.
1020 3653 1240 3717 Lectio
1248 3654 1312 3735 j.

97 3739 426 3871 Sancta
491 3740 766 3805 ecclesia
814 3762 1060 3825 sagene
1133 3762 1316 3806 com·

225 3838 544 3909 paratur:
609 3830 767 3911 quia
824 3840 894 3893 et
973 3829 1314 3911 piscatori-

99 3912 219 3978 bus
249 3925 354 3981 est
385 3919 799 3981 commissa:
873 3926 944 3981 et
1002 3938 1120 3999 per
1163 3936 1312 3980 eam

95 4074 254 4126 imber
291 4078 420 4128 abiit
456 4086 507 4127 et
545 4078 743 4128 recessit
785 4077 932 4127 flores
967 4084 1302 4143 apparuerunt

93 4140 236 4192 vinee
275 4143 518 4195 florentes
563 4145 768 4193 odorem
808 4144 1049 4193 dederunt
1119 4151 1169 4193 et
1206 4158 1303 4192 vox

92 4208 298 4258 turturis
317 4211 498 4259 audita
511 4218 586 4260 est
609 4210 660 4259 in
675 4218 807 4259 terra
827 4218 1000 4259 nostra
1021 4224 1167 4273 surge
1185 4224 1302 4273 pro·

94 4288 213 4337 pera
233 4276 404 4325 amica
421 4292 538 4325 mea
554 4276 668 4325 veni
690 4275 756 4325 de
773 4275 944 4325 libano
958 4274 1071 4324 veni
1093 4290 1302 4325 corona

92 4338 256 4389 beris’
287 4342 434 4390 add:
471 4342 535 4391 R.

249 4412 528 4470 ’.φαεν-ειη
560 4408 617 4457 in
651 4424 746 4457 ass.
778 4406 819 4457 b.
851 4422 916 4457 m.
943 4404 1014 4456 v.’
1037 4420 1156 4457 σπι..-
1191 4406 1254 4455 R.

190 4473 210 4501 ²
249 4474 356 4521 ‘et’
382 4488 506 4525 om..·
539 4474 602 4524 R.

2004 380 2099 435 78

1433 482 1715 567 quisque
1783 485 1869 549 ad
1963 473 2262 550 eternum
2362 508 2639 573 regnum

1435 592 1476 634 a
1526 572 1853 653 presentis
1906 573 2107 637 seculi
2150 574 2460 640 fluctibus
2506 587 2639 642 tra-

1432 657 1651 725 hitur:
1694 680 1781 723 ne
1820 660 1888 724 in
1934 671 2158 726 eterne
2208 666 2438 728 mortis
2484 686 2637 748 pro-

1433 746 1640 811 fundo
1687 758 2038 851 mergatur.
2130 750 2281 833 Que
2316 773 2405 815 ex
2452 753 2635 817 omni

1431 854 1675 917 genere
1708 836 1987 918 piscium
2024 850 2431 921 congregat:
2478 842 2635 923 quia

1432 924 1518 986 ad
1549 934 1975 1005 peccatorum
2006 927 2267 990 veniam
2300 929 2635 1011 sapientes

1432 1019 1501 1074 et
1576 1012 1841 1075 fatuos:
1909 1012 2153 1077 liberos
2226 1024 2295 1078 et
2369 1036 2635 1083 servos:

1432 1099 1675 1163 divites
1732 1109 1802 1164 et
1860 1121 2235 1184 pauperes:
2303 1104 2505 1169 sortes
2565 1115 2634 1175 et

1431 1185 1730 1251 infirmos
1746 1198 1960 1253 vocat.
1994 1190 2103 1254 Re.
2136 1191 2415 1257 Diffusa.
2456 1194 2537 1259 L.
2562 1195 2633 1276 ij.

1441 1276 1651 1441 Que
1704 1296 1953 1358 sagena
1994 1279 2242 1342 scilicet
2284 1291 2443 1345 tunc
2484 1284 2633 1347 uni-

1569 1365 1909 1428 versaliter
1969 1366 2295 1448 repletur:
2358 1389 2509 1433 cum
2564 1372 2629 1435 in

1434 1449 1569 1514 fine
1598 1472 1721 1515 suo
1771 1452 2045 1517 humani
2077 1456 2336 1535 generis
2367 1478 2633 1523 summa

1434 1538 1871 1605 concluditur.
1948 1541 2171 1624 Quam
2204 1543 2495 1610 educunt
2522 1568 2537 1610 :
2564 1556 2631 1611 et

1429 1645 1623 1690 secus
1684 1627 1871 1691 littus
1932 1630 2209 1696 sedent:
2256 1634 2412 1713 quia
2460 1635 2631 1699 sicut

1427 1734 1613 1777 mare
1660 1717 1987 1783 seculum:
2042 1719 2135 1781 ita
2178 1721 2379 1784 seculi
2426 1720 2627 1787 finem

1426 1802 1761 1883 significat
1794 1804 1980 1869 littus
2014 1808 2227 1871 maris,
2275 1809 2389 1873 Re.
2424 1810 2629 1911 Prop-

1426 1899 1529 1953 ter
1557 1892 1925 1957 veritatem.
2283 1897 2499 1961 Lectio
2530 1898 2627 1982 iij.

1418 1981 1540 2109 l
1525 1998 1569 2041 n
1602 1999 1759 2081 quo·
1768 1980 2020 2044 scilicet
2052 1980 2183 2046 fine
2214 1983 2369 2047 boni
2412 1987 2626 2067 pisces

1521 2086 1590 2129 m
1622 2068 1797 2131 vasis
1827 2069 2188 2150 eliguntur:
2222 2073 2377 2135 mali
2398 2084 2624 2140 autem

1421 2154 1857 2235 projiciuntur
1885 2157 2077 2222 foras.
2147 2158 2325 2241 Quia
2357 2171 2425 2224 et
2456 2162 2625 2228 elec-

1421 2250 1528 2304 tus
1551 2244 1833 2327 quisque
1856 2245 1923 2307 in
1948 2245 2373 2311 tabernacula
2393 2260 2625 2315 eterna

1421 2331 1771 2412 recipitur:
1821 2341 1890 2397 et
1951 2333 2189 2397 interni
2241 2338 2425 2418 regni
2472 2338 2620 2403 luce

1421 2419 1724 2499 prodita:
1766 2420 1853 2483 ad
1894 2423 2256 2486 exteriores
2305 2426 2616 2490 tenebras

1421 2508 1681 2587 reprobi
1730 2508 2215 2589 pertrahuntur.
2270 2512 2385 2576 Re.
2434 2514 2615 2597 Reg-

1417 2613 1579 2656 num
1614 2597 1863 2661 mundi.
1955 2598 2037 2660 In
2072 2598 2142 2678 ij.
2175 2609 2479 2665 nocturno
2508 2612 2617 2669 ari.

1419 2680 1657 2763 Specie
1690 2692 1821 2748 tua.
1895 2694 1997 2766 ps.
2054 2687 2414 2753 Eructavit.
2480 2692 2617 2757 Αῆ.

1414 2769 1791 2851 Adjuvabit
1837 2792 2003 2837 eam.
2078 2784 2182 2855 ps.
2250 2776 2433 2839 Deus
2465 2798 2617 2842 nos-

1414 2866 1517 2921 ter
1547 2857 1891 2941 refugium.
1982 2862 2115 2925 An.
2176 2863 2613 2945 Unguentum

1413 2944 1699 3009 effusum
1817 2967 2062 3010 nomen
2134 2957 2369 3014 tuum.
2462 2954 2613 3017 ideo

1414 3033 1913 3098 adolescentule
1970 3034 2349 3101 dilexerunt
2393 3048 2461 3102 te
2517 3042 2615 3105 ni-

1413 3123 1556 3185 mis.
1604 3130 1707 3203 ps.
1756 3121 2239 3189 Fundamenta.
2289 3143 2338 3210 γ
2371 3126 2609 3209 Specie

1413 3218 1546 3273 tua.
2243 3215 2457 3278 Lectio
2490 3216 2613 3299 iiij.

1411 3299 1713 3429 Nunc
1772 3298 1949 3361 enim
2006 3298 2217 3364 bonos
2264 3303 2611 3387 malosque

1584 3388 2023 3451 communiter
2054 3390 2242 3470 quasi
2282 3393 2609 3457 commix-

1413 3481 1518 3537 tos
1548 3474 1761 3556 pisces
1793 3474 1945 3539 fidei
1966 3496 2212 3558 sagena
2244 3499 2364 3543 nos
2402 3482 2613 3545 conti-

1414 3571 1555 3626 net:
1588 3562 1705 3625 sed
1736 3562 1921 3627 littus
1940 3565 2187 3629 indicat
2216 3587 2231 3631 ε
2276 3588 2524 3649 sagena
2540 3570 2609 3633 id

1413 3658 1514 3713 est
1533 3658 1765 3713 sancta
1788 3652 2061 3715 ecclesia
2080 3654 2235 3735 quid
2262 3656 2610 3721 trahebat!

1415 3738 1507 3801 Et
1544 3738 1816 3820 quidem
1850 3739 2061 3821 pisces
2106 3742 2221 3823 qui
2251 3744 2431 3824 capti
2469 3743 2609 3808 fue-

1415 3826 1545 3888 rint
1600 3828 1838 3890 mutari
1916 3847 2049 3889 non
2112 3840 2427 3910 possunt:
2485 3852 2609 3896 nos

1414 3922 1639 3977 autem
1720 3913 1877 3977 mali
1951 3917 2283 3997 capimur:
2358 3918 2475 3982 sed
2540 3921 2609 3985 in

1507 4076 1528 4104 ⁸
1559 4088 1654 4137 pro
1677 4077 1693 4104 ‘
1712 4089 1838 4139 resp.
1851 4072 1864 4096 ’
1886 4075 2112 4126 nesciens
2135 4092 2147 4126 ι
2183 4076 2247 4125 R.

1507 4140 1865 4189 *ιιιιιιενοὶιίι.
1901 4141 1965 4190 R.

1504 4208 1524 4237 ⁸
1566 4210 1650 4254 ‘te
1672 4204 1757 4254 in’
1782 4206 1895 4255 ·.G

1402 4345 1477 4387 est
1501 4273 1676 4385 {aggia
1694 4240 2161 4401 egli-dqussffitm}
2186 4278 2515 4405 qtiiilosaggga
2552 4278 2605 4392 ig

1403 4412 1475 4452 est
1503 4410 1677 4451 sancta
1698 4402 1909 4451 ecclesia
1933 4402 2195 4454 trahebat:
2233 4406 2295 4455 G.
