3117 4959
876 235 938 293 S.
989 235 1339 292 RICARDI
1376 235 1499 292 DE
1550 236 1984 295 HAMPOLE.

718 345 851 402 817

171 450 497 530 diligenter
538 447 833 512 beneficio
874 448 1155 510 naturalis
1196 447 1384 510 medi·

175 532 317 592 cine
349 528 541 590 curari
580 528 732 590 nec¹
779 539 1026 606 poterat.
1109 530 1385 588 Tandem
1426 589 1431 596 ,

174 610 343 671 venit
374 609 429 672 ei
457 610 519 669 in
547 619 811 669 mentem
844 619 910 668 ut
937 627 1179 684 peregre
1206 609 1381 685 profi-

176 690 501 750 cisceretur
525 689 605 748 ad
632 689 967 764 sepulcrum
1002 686 1191 746 sancti
1216 688 1382 746 here·

178 768 329 829 mite
358 769 603 828 Ricardi
629 766 815 844 ipsius
840 765 1202 843 adjutorium
1234 765 1381 841 peti-

178 859 327 907 tura.
404 847 569 907 Fecit
596 865 735 922 ergo
764 847 931 922 quod
958 846 1141 906 corde
1168 864 1382 905 conce·

175 927 285 1004 pit,
304 937 369 987 et
388 925 633 986 veniens
647 925 727 984 ad
748 926 1043 984 tumulum
1060 943 1385 1013 precesque

178 1007 433 1066 devotas
481 1005 796 1065 effundens
846 1015 915 1064 ut
968 1023 1077 1080 pro
1131 1013 1383 1064 sanitate

176 1103 291 1144 sua
314 1085 395 1144 ad
425 1082 755 1142 Dominum
784 1081 1149 1142 intercedere
1177 1081 1381 1158 digna-

174 1175 361 1237 retur,
430 1161 751 1238 statimque
818 1161 883 1220 in
964 1165 1179 1220 eodem
1245 1161 1383 1220 loco

180 1241 537 1302 miraculose
589 1238 815 1317 recepit
881 1241 1157 1314 ejusdem
1224 1238 1384 1299 oculi

184 1319 517 1380 sanitatem.
600 1319 820 1379 Mulier
872 1317 1063 1378 eciam
1126 1319 1384 1394 quedam

182 1400 261 1460 de
304 1403 543 1458 Auston
586 1401 788 1475 Agnes
832 1397 1092 1471 nomine,
1123 1416 1241 1473 que
1278 1415 1387 1474 per

180 1489 301 1539 tres
326 1497 521 1538 annos
546 1476 905 1545 obsurduit,²
932 1477 1009 1536 ad
1037 1479 1165 1554 ejus
1192 1486 1383 1536 tumu-

184 1559 309 1616 lum
380 1575 555 1617 orans
621 1558 950 1633 perfectum
1014 1555 1386 1632 recuperavit

182 1636 473 1696 auditum.

424 1715 601 1774 Fen'a
636 1715 887 1790 Quarta.
1127 1713 1315 1772 Latio
1320 1715 1377 1788 j.

182 1796 311 1899 In
380 1795 641 1872 quodam
709 1794 863 1853 festo
940 1793 1117 1852 beate
1192 1791 1385 1852 Marie

270 1874 631 1950 Magdalene
656 1871 903 1933 veniens
925 1871 1002 1931 de
1024 1869 1172 1930 locis
1192 1889 1382 1931 remo-

182 1953 260 2014 tis
276 1951 525 2030 quidam
542 1950 785 2011 nomine
816 1951 1135 2022 RobertuS,
1157 1949 1261 2026 qui
1280 1968 1388 2026 per

182 2044 303 2092 tres
369 2051 563 2090 annos
628 2030 890 2106 privatus
957 2027 1207 2088 omnino
1260 2039 1387 2088 erat

182 2110 411 2171 lumine
476 2111 803 2182 oculorum,
885 2108 987 2184 qui
1048 2109 1385 2184 juramento

180 2188 436 2250 asseruit
489 2189 653 2267 quod
695 2189 955 2264 quadam
1008 2197 1189 2246 nocte
1240 2186 1387 2245 dum

177 2271 405 2346 jaceret
432 2267 495 2326 in
522 2269 695 2341 lect0,
726 2279 785 2326 et
814 2276 969 2326 esset
995 2265 1166 2343 quasi
1181 2264 1208 2301 ⁸
1236 2265 1389 2325 inter

183 2365 466 2424 soporem
494 2357 553 2406 et
592 2345 849 2423 vigiliam
878 2343 1249 2417 constitutuS,
1280 2363 1383 2403 au-

182 2426 335 2489 divit
363 2444 575 2485 vocem
602 2424 903 2484 dicentem
921 2422 1067 2484 sibi:
1098 2424 1385 2495 Roberte,

182 2507 265 2568 de
292 2525 471 2566 mane
496 2522 803 2579 consurge,
850 2513 909 2562 et
949 2521 1149 2563 versus
1192 2503 1383 2561 Ham·

184 2587 330 2662 pole
369 2584 481 2644 iter
520 2595 689 2644 tuum
716 2581 921 2659 arripe,
952 2581 1057 2641 ubi
1082 2582 1161 2641 ad
1190 2591 1384 2641 tumu-

182 2667 311 2724 lum
338 2662 621 2724 heremite
638 2661 665 2700 ⁴
692 2661 937 2721 Ricardi
958 2661 1181 2720 clarum
1194 2659 1387 2719 visum

180 2742 451 2820 recipies·
574 2740 696 2816 Qui
761 2742 1015 2800 letanter
1079 2740 1388 2815 complens

184 2823 353 2899 quod
382 2831 506 2883 erat
534 2821 647 2881 sibi
672 2819 1067 2891 admonitum,
1093 2836 1269 2878 orans
1308 2819 1388 2878 ad

182 2903 479 2961 tumulum
523 2899 713 2960 sancti
758 2898 951 2959 visum
976 2897 1201 2974 recepit
1228 2897 1388 2957 fideh

182 2981 299 3041 sibi
326 2979 697 3041 revelacione
722 2976 1091 3053 promissum.
1168 2976 1290 3036 lec.
1320 2977 1385 3051 ᾔ.

335 3059 495 3119 ‘dam
546 3077 697 3136 puer
748 3053 1147 3133 quinquennis
1211 3065 1387 3129 etate,

290 3141 535 3216 pulpam
582 3135 747 3214 pomi
788 3134 1095 3195 masticare
1135 3151 1389 3212 querens

180 3239 301 3280 nec
327 3217 653 3295 prevalens,
671 3224 914 3292 propter
933 3212 1387 3273 dilectacionem

181 3317 366 3377 quam
394 3293 683 3374 persensit
710 3293 771 3352 in
800 3303 975 3368 gustu
994 3292 1185 3368 ipsam
1202 3290 1388 3353 voluit

183 3375 492 3456 deglutire.
576 3374 696 3435 Sed
722 3392 859 3432 cum
887 3371 1075 3448 ipsam
1101 3370 1162 3460 in
1190 3380 1389 3446 guttur

182 3457 520 3526 attraheret,
540 3465 787 3514 tractam
816 3470 938 3510 non
965 3460 1159 3526 potuit
1185 3450 1388 3526 deglu-

184 3537 311 3596 tire.
397 3535 519 3594 Sed
561 3532 623 3591 in
669 3531 802 3607 ipso
845 3541 1077 3604 gutture
1118 3547 1223 3605 per
1268 3539 1386 3588 tres

184 3615 319 3676 dies
344 3611 663 3674 continuos
688 3609 869 3668 infixa
900 3607 1195 3680 remansit,
1222 3607 1387 3668 unde

187 3713 327 3753 cum
374 3711 504 3752 non
543 3699 747 3768 posset
787 3707 917 3748 eam
946 3689 1042 3747 vel
1069 3687 1263 3762 ejcere
1291 3687 1387 3746 vel

186 3770 499 3850 deglutire,
538 3769 783 3829 tandem
827 3767 1151 3827 suffocatus
1194 3775 1286 3824 est
1324 3775 1385 3825 et

186 3862 468 3912 mortuus.
595 3850 757 3907 Dum
838 3845 1040 3922 itaque
1112 3852 1386 3920 parentes

184 3932 565 3992 vehementer
599 3925 975 3986 anxiarentur
1012 3933 1075 3984 et
1114 3924 1385 3984 dolerent

282 4084 301 4115 ¹
336 4097 439 4133 non
463 4099 478 4132 ε
514 4080 573 4131 L.

186 4162 191 4182 ¹
284 4152 307 4182 ²
336 4145 631 4199 obsorduitz
666 4145 725 4196 Β.

286 4219 307 4248 ⁸
344 4221 359 4244 ⁸
376 4212 521 4279 quasi
536 4212 549 4236 ’
576 4227 675 4261 om.
707 4211 767 4260 L.

287 4287 308 4317 ⁴
338 4277 623 4335 heremite=
666 4275 832 4326 added
879 4271 1211 4338 interlineally
1255 4271 1309 4322 in

198 4347 255 4398 B·
289 4389 311 4418 ⁵
341 4407 765 4462 ⁸bhonunabilem
789 4425 802 4457 ε
828 4405 887 4456 L.

2030 347 2162 404 818

1486 467 1600 527 pro
1640 468 1828 527 puero
1869 469 1978 528 per
2029 451 2298 529 spacium
2351 451 2690 515 medietatis

1488 528 1666 588 unius
1696 529 1816 589 diei
1844 530 2146 606 defuncto,
2177 531 2544 609 plicaverunt
2585 534 2689 593 de-

1489 607 1720 667 narium
1777 627 1955 683 super
2005 621 2185 687 caput
2233 610 2400 686 pueri
2441 613 2690 672 offeren-

1488 689 1636 746 dum
1665 689 1844 747 beato
1873 688 2158 750 heremite
2187 689 2450 751 Ricardo
2481 713 2495 750 t
2540 703 2601 751 et
2628 691 2691 750 in

1488 765 1651 825 brevi
1693 765 1921 839 revixit,
1971 778 2032 828 et
2085 770 2330 846 pulpam
2371 769 2688 846 sanguino-

1486 846 1712 904 lentam
1777 855 1960 922 atque
2031 846 2497 909 abominabilem
2517 850 2544 886 ⁶
2608 848 2692 910 ad

1484 922 1812 984 videndum
1857 925 2049 1001 ejecit,
2096 926 2396 988 restitutus
2449 926 2694 1004 pristine

1488 1001 1741 1062 sanitati.
2385 1008 2570 1067 Lectio
2595 1009 2684 1084 iij.

1495 1079 1799 1218 Quidam
1853 1081 2046 1143 infans
2101 1084 2425 1144 mamillam
2487 1085 2690 1146 matris

1595 1179 1802 1237 sugere
1829 1161 2057 1237 solitus,
2086 1173 2148 1223 et
2187 1175 2458 1240 quartam
2480 1163 2505 1202 ⁶
2543 1163 2690 1224 anni

1487 1239 1551 1298 in
1594 1249 1750 1298 etate
1794 1241 2038 1312 habens,
2078 1241 2400 1318 incipiebat
2439 1243 2694 1320 graviter

1490 1329 1774 1394 egrotare,
1829 1319 1892 1378 in
1947 1329 2178 1380 tantum
2221 1331 2288 1381 ut
2339 1322 2690 1383 alimentum

1488 1396 1659 1456 lactis
1687 1417 1809 1456 non
1839 1410 2040 1474 posset
2069 1399 2145 1459 de
2179 1400 2454 1460 mamillis
2489 1400 2690 1462 matris

1489 1494 1597 1551 per
1622 1477 1820 1552 plures
1848 1475 1976 1537 dies
2012 1479 2316 1538 attrahere.
2406 1482 2693 1541 Habebat

1490 1552 1649 1613 enim
1677 1552 1736 1614 in
1767 1574 1869 1615 ore
1895 1557 2064 1616 ulcus
2089 1557 2495 1634 gravissimum
2525 1559 2691 1635 quod

1490 1633 1647 1692 viam
1673 1632 1848 1694 alitus
1875 1633 2220 1696 interclusit.
2304 1639 2583 1714 Cumque
2610 1639 2691 1698 de

1491 1723 1686 1772 morte
1739 1712 1908 1788 pueri
1963 1726 2238 1790 parentes
2302 1715 2692 1778 verisimiliter

1490 1789 1888 1866 formidarent,
1959 1811 2106 1853 sano
2185 1793 2439 1856 consilio
2523 1794 2690 1856 ducti

1488 1869 1854 1944 plicaverunt
1879 1889 2056 1947 super
2082 1891 2328 1948 puerum
2369 1892 2554 1935 unum
2584 1876 2688 1935 de-

1490 1948 1718 2006 narium
1747 1949 1810 2008 in
1836 1950 2064 2010 honore
2091 1949 2249 2012 beati
2278 1952 2536 2014 Ricardi.
2609 1954 2692 2013 Et

1490 2025 1555 2084 in
1583 2027 1912 2088 continenti
1939 2029 2110 2090 ulcus
2138 2031 2395 2107 evanuit,
2421 2051 2571 2110 puer
2595 2033 2690 2091 lac

1490 2105 1647 2165 suxit
1674 2117 1734 2165 et
1760 2107 1937 2182 plene
1963 2109 2278 2170 convaluit.

1729 2185 1908 2245 Fer-ia
1953 2187 2190 2262 Quinta.
2433 2189 2619 2249 Lectio
2626 2191 2684 2265 j.

1489 2264 1616 2368 In
1671 2265 1824 2324 festo
1877 2265 2036 2326 beati
2089 2265 2248 2326 Petri
2315 2267 2396 2327 ad
2455 2266 2692 2328 vincula

1578 2344 1838 2418 quedam
1879 2343 2090 2405 mulier
2127 2345 2372 2406 nomine
2413 2349 2690 2423 Johanna

1491 2421 1736 2482 veniens
1791 2424 1953 2500 apud
2005 2423 2346 2500 aquaticum
2399 2425 2691 2487 molendi·

1492 2520 1636 2560 num
1658 2502 1736 2561 de
1753 2503 2137 2579 Sprotburgh,
2161 2515 2221 2564 et
2242 2505 2426 2581 pedes
2455 2503 2692 2567 incaute

1492 2599 1726 2656 ponens
1753 2580 1978 2641 decidit
2005 2600 2190 2659 prope
2229 2595 2421 2643 rotam
2461 2585 2687 2645 molen-

1492 2657 1622 2720 dini
1673 2658 1738 2717 in
1791 2659 2050 2733 fluvium,
2123 2671 2184 2720 et
2248 2681 2356 2738 per
2422 2662 2689 2739 spacium

1492 2737 1830 2798 medietatis
1883 2736 2057 2798 unius
2109 2739 2255 2799 hore
2301 2741 2396 2800 vel
2435 2740 2690 2818 amplius

1492 2814 1576 2875 ibi
1599 2818 1805 2892 jacens
1841 2818 2084 2877 tandem
2125 2818 2422 2895 adjutorio
2447 2818 2691 2880 adveni-

1492 2895 1732 2955 encium
1787 2905 1878 2955 est
1929 2906 2206 2970 extracta,
2263 2916 2378 2958 nec
2441 2897 2687 2976 aliquod

1490 2973 1723 3051 signum
1737 2971 1858 3033 vite
1873 2975 1970 3034 vel
1991 2985 2188 3035 motus
2213 2974 2276 3036 in
2302 2995 2376 3036 ea
2401 2976 2684 3054 apparuit.

1493 3055 1593 3113 De
1618 3051 1869 3112 consilio
1897 3063 2096 3113 autem
2113 3053 2140 3092 ⁷
2165 3055 2498 3114 astancium
2524 3075 2689 3116 men-

1490 3143 1688 3191 surata
1740 3143 1831 3191 est
1881 3133 1961 3192 ad
2015 3143 2282 3192 sanctum
2337 3134 2687 3196 heremitam

1491 3210 1836 3284 Ricardum,
1889 3221 1951 3271 et
2004 3211 2200 3272 statim
2253 3211 2374 3273 vite
2418 3213 2690 3275 restituta

1492 3300 1600 3358 est,
1628 3288 1841 3367 gratias
1867 3309 2049 3366 agens
2093 3293 2226 3352 Deo
2255 3303 2316 3352 et
2342 3303 2550 3353 sancto
2576 3312 2686 3369 pro

1491 3387 1557 3428 se
1574 3367 1601 3405 ⁸
1643 3368 2011 3444 deprecatori
2038 3368 2316 3449 Ricardo.
2402 3373 2590 3432 Lectio
2615 3374 2683 3448 ij.

1599 3449 1814 3506 uedam
1841 3446 2050 3508 mulier
2076 3449 2154 3509 de
2180 3449 2416 3510 civitate
2458 3452 2687 3512 Dunol-

1597 3525 1732 3600 mie,
1774 3526 2012 3587 duobus
2046 3527 2218 3589 annis
2259 3529 2540 3590 surditate
2583 3532 2686 3592 de-

1491 3616 1675 3678 tenta,
1748 3604 2179 3682 peregrinando
2265 3609 2345 3668 ad
2412 3619 2684 3669 sanctum

1492 3683 1610 3744 Dei
1635 3682 1961 3744 Ricardum
1987 3685 2066 3746 de
2091 3697 2214 3746 tam
2241 3687 2486 3748 remotis
2505 3688 2681 3764 parti-

1489 3764 1604 3823 bus
1623 3762 1786 3824 venit
1803 3764 1884 3823 ad
1901 3763 2092 3824 sancti
2108 3763 2352 3826 Ricardi
2369 3767 2684 3828 tumulum:

1490 3841 1596 3903 ubi
1649 3841 1896 3902 ferventi
1954 3843 2250 3904 desiderio
2315 3844 2686 3922 impeti-ande

1490 3919 1694 3981 salutis
1721 3940 1896 3981 orans
1934 3940 2074 3981 cum
2110 3941 2326 4000 magna
2351 3923 2685 3986 devocione

1586 4075 1607 4103 ⁸
1637 4071 1811 4123 feriam
1843 4071 1936 4122 has
1977 4073 2108 4123 been
2151 4073 2318 4125 added
2369 4075 2422 4125 in
2468 4077 2550 4138 Β.,
2594 4077 2686 4128 but

1484 4138 1693 4188 marked
1715 4153 1772 4188 as
1803 4153 1953 4188 error.

1585 4207 1605 4234 ¹¹
1643 4209 1658 4233 ‘
1675 4211 1841 4253 autem
1861 4203 1876 4226 '
1897 4219 1996 4254 om.
2027 4203 2086 4254 L.

1587 4272 1608 4302 ⁸
1641 4269 1700 4318 L.
1741 4269 1832 4318 has
1853 4269 1983 4319 been
2006 4269 2198 4321 rubbed
2220 4273 2320 4321 and
2344 4272 2532 4322 altered
2565 4272 2686 4323 here

1486 4336 1556 4400 by
1595 4334 1682 4385 the
1715 4335 1891 4395 scribe,
1931 4350 1990 4386 so
2033 4334 2073 4386 it
2107 4337 2251 4388 reads
2262 4343 2552 4389 :—‘sancto
2597 4355 2686 4390 suo

1489 4400 1840 4465 deprecatori)
