3117 4959
912 247 975 302 S.
1026 243 1471 302 LEONARDI
1510 244 1735 300 ABBA
1747 244 1893 300 TIS.

677 353 805 408 671

139 468 503 543 antequam
532 458 788 523 veniret
834 457 921 523 ad
972 476 1125 525 me.
1170 477 1213 524 a
1243 458 1339 524 le-

138 568 271 612 one
330 556 559 631 raptus
618 547 764 613 sui:
839 547 959 612 sed
1036 557 1339 632 pastores

138 635 587 700 liberaverunt
646 655 771 700 me.
886 636 1080 701 Tunc
1137 634 1341 700 frater

142 726 363 788 minor
421 725 642 788 dixit:
710 725 811 789 Ut
872 724 1076 788 audio
1134 723 1343 788 frater

140 833 333 877 meus
388 833 461 876 es
513 823 633 879 tu:
679 813 997 895 quoniam
1044 812 1133 877 de
1178 811 1338 896 lupo

141 911 373 984 raptus
447 901 536 965 ab
594 900 965 964 aratoribus
1040 901 1335 966 eruebat.

137 989 238 1053 Et
286 989 565 1055 osculati
624 999 797 1053 sunt.
885 989 1126 1054 Altera
1177 1008 1337 1054 vero

134 1079 251 1142 die
324 1087 538 1144 mater
624 1097 851 1141 eorum
927 1097 1337 1160 cognoscens

130 1167 351 1230 virum
382 1186 575 1230 suum
608 1166 785 1230 dixit
817 1167 941 1229 Per
970 1168 1171 1230 deum
1192 1185 1336 1230 om-

130 1255 550 1337 nipotentem
580 1264 654 1319 tu
685 1273 757 1318 es
776 1253 1073 1337 placidas
1092 1254 1337 1337 magis-

128 1351 241 1407 ter
262 1343 567 1407 militum.
598 1352 667 1407 et
688 1343 829 1426 ipse
851 1337 1333 1425 recognoscens

129 1451 329 1496 eam:
372 1432 561 1496 dedit
603 1430 884 1513 gloriam
922 1432 1069 1495 de0.
1159 1430 1329 1494 Nar·

128 1540 292 1584 rans
348 1540 507 1583 vero
564 1540 742 1583 uxor
796 1539 919 1584 sua
978 1520 1066 1584 de
1139 1517 1332 1584 filiis:

126 1609 527 1672 convocavit
608 1627 725 1671 eos
768 1628 785 1672 ε
875 1615 944 1671 et
1016 1607 1333 1689 cognovit

126 1697 320 1778 quod
380 1695 495 1759 filii
554 1696 699 1778 ejus
756 1703 995 1761 essent.
1041 1704 1111 1758 et
1154 1695 1332 1760 sacta

126 1795 239 1850 est
288 1784 506 1849 leticia
550 1805 797 1866 magna
832 1785 899 1846 in
948 1784 1331 1848 inventione

126 1892 385 1937 eorum.
477 1872 777 1955 Contigit
844 1881 1069 1936 autem
1146 1872 1329 1954 quod

126 1970 499 2043 antequam
548 1960 924 2026 eustachius
974 1969 1330 2024 revertere-

126 2059 246 2113 tur
303 2051 391 2113 de
451 2048 629 2113 bello
676 2048 895 2112 obisse
929 2047 947 2088 ¹
993 2047 1326 2130 trajanum

126 2137 605 2221 imperatorem
634 2158 650 2202 ε
696 2144 765 2201 et
800 2157 922 2220 pro
952 2157 1033 2201 eo
1064 2157 1329 2200 surrex-

124 2226 265 2290 isse
323 2227 673 2290 adrianum
734 2225 1069 2308 gentilem.
1192 2223 1327 2306 Qui

123 2335 483 2379 occurrens
518 2314 859 2378 eustachio
889 2334 1011 2396 pro
1052 2313 1331 2377 victoria

122 2402 567 2467 festivitatem
598 2401 973 2467 celebravit.
1025 2399 1140 2466 sed
1174 2421 1329 2484 pos-

119 2502 245 2556 tea
284 2492 444 2573 quia
488 2489 760 2564 nolebat
789 2488 1154 2554 sacrificare
1186 2489 1329 2554 ido-

120 2579 212 2644 lis
248 2599 265 2644 :
306 2579 505 2663 jussit
562 2599 715 2643 eum
776 2598 928 2644 cum
990 2598 1201 2642 uxore
1260 2586 1331 2642 et

120 2668 286 2732 filiis
348 2667 675 2732 introduci
742 2667 809 2732 in
870 2686 1184 2731 arenam:
1258 2674 1329 2731 et

121 2756 384 2820 dimitti
442 2757 537 2820 eis
598 2754 880 2820 leonem.
969 2756 1115 2819 Leo
1171 2774 1330 2818 vero

122 2845 415 2908 adorato
444 2843 783 2908 eustachio
806 2844 1088 2907 recessit.
1135 2842 1331 2908 Tunc

123 2933 497 3016 imperator
535 2931 732 3014 jussit
782 2931 1045 2996 incendi
1086 2930 1328 2995 bovem

122 3041 376 3085 eneum
422 3041 439 3085 τ
512 3031 583 3084 et
643 3020 972 3084 introduci
1044 3027 1329 3086 sanctoS.

124 3111 371 3176 Sancti
420 3109 620 3192 igitur
672 3108 976 3172 alacriter
1020 3127 1093 3172 se
1121 3107 1327 3172 tradi·

122 3199 381 3262 derunt
411 3198 593 3280 igni:
637 3206 707 3262 et
752 3216 883 3260 non
936 3196 1160 3279 tetigit
1212 3215 1328 3260 eos

118 3287 345 3370 ignis:
412 3287 527 3350 sed
588 3285 918 3368 hymnum
978 3293 1328 3350 cantantes

114 3393 287 3439 cum
350 3395 513 3456 pace
573 3374 1002 3438 reddiderunt
1070 3373 1329 3437 animas

118 3463 219 3528 ad
270 3483 426 3527 eum
478 3463 593 3544 qui
643 3464 810 3527 vivit
860 3471 929 3525 et
976 3469 1213 3544 regnat
1258 3461 1327 3524 in

115 3551 361 3617 secula
388 3549 759 3614 seculorum
792 3549 1035 3614 amen.²¹
1108 3548 1330 3616 Cetera

112 3641 211 3705 de
262 3639 594 3703 communi
632 3638 1077 3722 plurimorum
1152 3658 1332 3702 mar-

112 3740 369 3811 (yrum.

118 3823 197 3897 (1
230 3817 472 3881 Sancti
496 3814 795 3880 leonardi
817 3813 1073 3879 abbatis
1101 3824 1165 3878 et
1186 3835 1327 3878 con·

92 3906 413 3990 farsonlr.
1083 3902 1331 3968 Oratio,

110 3997 331 4129 M
334 3993 601 4076 ajestati
648 4001 763 4056 tue
808 4012 1171 4076 quesumus
1212 3991 1334 4055 do-

333 4083 514 4146 mine
558 4080 953 4145 sanctissimi
1000 4079 1333 4144 confesso-

112 4172 215 4236 ris
246 4175 347 4235 tui
400 4170 695 4234 leonardi
746 4190 871 4233 nos
924 4169 1037 4252 pia
1084 4169 1335 4251 jugiter

110 4259 560 4326 commendet
591 4259 805 4322 oratio
832 4280 847 4323 :
881 4265 957 4322 ut
986 4277 1185 4341 quem
1218 4256 1333 4321 de-

466 4383 482 4414 ¹
516 4381 703 4431 obiisse
724 4399 737 4431 :
775 4381 827 4432 S.

464 4451 487 4481 ²
525 4454 540 4476 ⁴
558 4449 610 4498 in
633 4449 801 4498 secula
824 4463 920 4499 sec.
950 4463 1099 4499 amen
1118 4448 1129 4470 ’
1153 4464 1252 4498 om.
1285 4467 1297 4498 ε
1334 4448 1386 4497 S.

1946 352 2096 407 672

1436 465 1600 523 voto
1657 477 2052 523 veneramur
2109 455 2372 522 officio·
2437 457 2644 542 ipsius

1440 547 1760 630 suffragio
1787 546 2214 612 sublevemur
2257 553 2494 630 optato
2525 557 2644 629 ‘per

1439 634 1806 700 dominum.
2341 634 2554 698 Lectio
2573 635 2637 717 j.

1436 727 1776 859 Beatus
1822 722 2178 788 leonardus
2223 721 2640 825 temporibus

1587 812 1903 876 anastasii
1935 812 2352 894 imperatoris
2384 811 2450 874 in
2483 830 2631 893 pro-

1436 901 1656 964 vincia
1676 900 2026 983 galliarum
2051 899 2280 964 extitit
2301 900 2636 966 oriundus.

1440 987 1876 1054 Collaterales
1923 1007 2084 1052 vero
2129 987 2432 1052 clodovei
2463 988 2636 1070 regis

1436 1074 1684 1140 francie
1735 1087 2046 1159 parentes
2096 1077 2241 1159 ejus
2293 1084 2519 1140 erant:
2566 1085 2638 1140 et

1436 1165 1611 1228 inter
1653 1165 1977 1230 satellites
2007 1162 2240 1247 palatii
2271 1165 2632 1246 primatum

1437 1251 1672 1318 militie
1743 1261 1897 1336 post
1974 1273 2201 1336 regem
2297 1251 2636 1317 habebat.⁸

1436 1341 1608 1405 Puer
1634 1349 1862 1405 autem
1891 1341 2242 1406 leonardus
2273 1350 2632 1424 postquam

1433 1430 1647 1494 evasit
1675 1431 2084 1494 incrementa
2113 1429 2390 1512 puerilia
2417 1449 2432 1494 ε
2467 1430 2626 1493 ado-

1433 1517 1688 1581 lescens
1735 1516 1988 1582 sactus:
2027 1518 2228 1600 juxta
2278 1525 2628 1581 consuetu-

1432 1605 1658 1669 dinem
1720 1605 2102 1689 parentele:
2149 1605 2355 1688 regali
2415 1605 2634 1668 noluit

1432 1694 1757 1776 implicari
1833 1694 2085 1759 militia.
2221 1694 2338 1758 sed
2401 1693 2630 1758 divino

1431 1783 1664 1865 spiritu
1689 1790 1940 1848 tactus:
1971 1783 2193 1866 potius
2209 1781 2421 1847 voluit
2440 1781 2628 1866 sequi

1430 1869 1946 1954 archipontificis
2013 1871 2268 1954 remigii
2327 1870 2625 1952 vestigia.

1427 1961 1529 2092 l
1544 1968 1774 2023 nterea
1791 1960 2025 2024 beatus
2049 1958 2402 2023 leonardus
2429 1957 2534 2042 [L.
2555 1958 2625 2041 ij.

1541 2047 1628 2111 ad
1678 2049 2078 2131 presentiam
2132 2048 2306 2130 regis
2354 2047 2632 2111 accersi-

1430 2143 1578 2201 tur:
1611 2144 1680 2200 et
1709 2145 1786 2200 ut
1805 2135 1940 2218 regi
1963 2135 2298 2200 assisteret
2315 2135 2628 2200 conveni-

1430 2231 1553 2288 tur.
1647 2224 1784 2289 Sed
1839 2225 1940 2288 vir
1990 2224 2098 2288 dei
2148 2223 2362 2307 mag-is
2413 2222 2626 2288 voluit

1429 2331 1577 2376 esse
1621 2311 1688 2376 in
1720 2312 1926 2377 domo
1955 2312 2210 2376 domini
2243 2311 2580 2394 subjectus
2606 2333 2623 2379 :

1429 2419 1633 2482 quam
1664 2401 1734 2464 in
1763 2400 2015 2484 palatio
2044 2399 2479 2466 sublimatus:
2526 2421 2623 2464 re·

1430 2487 1736 2571 linquens
1759 2489 1932 2571 regis
1957 2490 2278 2572 promissa
2301 2497 2625 2571 tanquam

1430 2576 1642 2640 fidelis
1667 2576 1990 2660 agricola:
2037 2577 2121 2640 ad
2155 2577 2623 2641 seminandum

1428 2666 1705 2730 verbum
1753 2666 1898 2730 dei:
1939 2685 2167 2730 versus
2211 2666 2623 2749 aquitaniam

1430 2753 1558 2818 iter
1613 2773 1806 2818 suum
1883 2754 2224 2818 convertit.
2315 2753 2624 2818 Tandem

1428 2841 1701 2906 intravit
1759 2841 2099 2924 quandam
2159 2841 2441 2907 silvam:
2512 2843 2621 2906 cui

1428 2929 1828 2994 vocabulum
1879 2938 1981 2992 est
2010 2929 2342 3012 pavum:⁴
2392 2931 2460 2992 in
2491 2950 2628 3012 qua

1428 3017 1804 3082 habebatur
1847 3017 2028 3082 sala:
2074 3038 2205 3100 que
2252 3037 2454 3081 causa
2511 3039 2624 3082 ve-

1428 3106 1720 3170 nationis
1779 3115 1920 3170 erat
1977 3105 2345 3189 antiquitus
2389 3126 2625 3189 prepa-

1428 3204 1591 3259 rata.
2283 3193 2498 3258 Lectio
2529 3193 2625 3277 iij.

1426 3281 1798 3417 Accidit
1855 3289 2080 3346 autem
2130 3303 2214 3347 eo
2273 3291 2623 3364 tempore:

1596 3391 1733 3453 quo
1780 3379 2048 3436 sanctus
2100 3369 2454 3435 leonardus
2507 3391 2628 3454 per

1428 3459 1712 3525 eandem
1745 3460 2054 3524 transiret
2096 3458 2371 3524 silvam:
2403 3469 2478 3523 ut
2526 3459 2626 3523 ni-

1432 3547 1548 3613 mii
1611 3548 1876 3612 dolores
1935 3548 2399 3612 circundarent
2457 3547 2628 3630 regi-

1432 3654 1607 3701 nam.
1700 3636 1879 3700 Nam
1911 3636 2056 3719 ipsa
2107 3656 2260 3700 cum
2308 3657 2463 3719 rege
2511 3638 2627 3700 de-

1432 3725 1720 3789 lectandi
1779 3725 1996 3807 gratia
2052 3725 2324 3789 veniens
2377 3724 2626 3788 ibidem

1434 3813 1832 3885 morabatur.
1885 3851 1893 3858 ·
1968 3814 2219 3878 Verum
2294 3833 2630 3895 pregnans

1433 3922 1607 3985 pene
1639 3900 1836 3965 morti
1867 3899 2180 3984 proxima
2209 3901 2427 3984 partui
2459 3901 2631 3983 peri-

1433 3989 1805 4054 clitabatur.
1899 3989 2186 4055 Sanctus
2247 3988 2446 4070 igitur
2494 3988 2628 4053 leo-

1435 4078 1682 4143 nardus
1732 4098 1773 4140 a
1821 4097 1974 4160 rege
2006 4085 2316 4159 rogatus:
2361 4077 2628 4141 cubicu-

1434 4166 1574 4231 lum
1600 4187 1736 4248 quo
1755 4165 2080 4248 languens
2111 4165 2340 4247 regina
2366 4162 2636 4247 jacebat

1438 4256 1741 4320 intravit:
1785 4254 1948 4317 susis
1977 4253 2332 4336 lachrymis
2359 4275 2376 4320 ε
2407 4253 2637 4319 oculos

1739 4379 1760 4408 ⁸
1790 4376 2080 4427 habebant:
2115 4376 2166 4427 S.

1743 4446 1761 4475 ⁴
1794 4459 2036 4509 parvum:
2073 4444 2137 4494 R.
