3117 4959
1263 211 1665 266 TYBURYII
1708 207 2169 266 MARTYRIS.

1005 317 1164 374 469

475 445 626 488 vero
653 433 790 488 tam
817 424 916 488 ad
953 424 1314 488 matutinas
1355 445 1552 508 quam
1582 425 1681 488 ad

477 524 783 595 vesperas.
889 530 937 599 y
1005 511 1337 594 Dispersit
1394 513 1669 576 dikatur.

480 605 546 678 Ι[
595 601 682 665 Si
709 621 855 663 vero
885 601 954 663 in
975 599 1184 680 fisto¹
1213 600 1428 664 sancti
1452 601 1672 680 tybur-

477 688 565 752 tii
584 711 610 750 .·
653 689 759 751 vel
777 689 987 750 sancti
1013 687 1282 770 hypoliti
1321 689 1429 752 vel
1463 688 1677 751 sancti

475 775 716 839 eusebii
755 776 894 838 dz'es
935 775 1294 838 dominicus
1342 777 1625 839 evenerit
1644 797 1671 838 .·

477 863 656 927 nihil
681 864 808 946 fiet
831 864 913 927 de
935 873 1151 926 sancto
1179 864 1498 927 laurentio
1537 863 1677 927 nisi

477 951 801 1015 numeria.
893 951 988 1013 M
979 952 1118 1014 edio
1155 952 1445 1015 lectt'ones
1481 962 1674 1015 erunt

475 1038 558 1101 de
581 1038 838 1102 sanctis.
932 1039 1022 1102 S
992 1060 1017 1102 2
1069 1059 1216 1102 vero
1268 1039 1341 1103 in
1390 1041 1675 1102 crastino

475 1127 688 1190 sancti
759 1127 1032 1208 tyburtii
1100 1127 1238 1190 ὀίω·
1311 1127 1674 1190 dominicus

475 1213 800 1278 cvenmt:
843 1213 1046 1278 medis
1065 1214 1350 1278 lectiones
1375 1227 1571 1278 erunt
1596 1215 1677 1278 de

475 1312 692 1365 sancto
707 1303 1040 1366 laurentio.
1059 1302 1166 1365 sin
1181 1312 1442 1366 autem:
1467 1311 1671 1366 totum

476 1389 820 1452 servitium
834 1390 960 1472 fiet
977 1391 1056 1452 de
1075 1399 1292 1453 sancto
1309 1391 1671 1454 laurentio:

479 1477 612 1540 nisi
643 1477 1032 1559 impediatur
1060 1488 1187 1559 per
1227 1499 1672 1541 commemora-

479 1566 714 1628 tionem
745 1565 918 1628 beate
942 1565 1244 1648 virginis.
1296 1565 1458 1631 Cum
1488 1567 1673 1629 ver-0²

474 1653 560 1726 fit
600 1652 941 1716 servitium
987 1653 1068 1716 de
1105 1663 1323 1716 sancto
1348 1654 1673 1718 laurentio

479 1740 667 1819 infra
705 1750 962 1804 octavas
1003 1761 1158 1804 suas
1199 1741 1460 1805 dicatur
1484 1742 1672 1806 Invi-

479 1829 790 1892 tatorium
857 1829 1114 1911 Regem
1175 1831 1669 1911 sempiternum.

475 1915 596 1978 sed
613 1915 756 1978 sine
765 1917 1036 1999 psalmo.
1100 1917 1200 1980 Te
1219 1917 1438 1982 deum.
1504 1918 1672 1997 Suf-

459 2003 710 2085 fragia
760 2004 1070 2067 dicantur
1083 2027 1108 2068 .·
1159 2015 1221 2068 et
1265 2006 1516 2088 exequie
1566 2005 1671 2068 de-

461 2089 846 2172 functorum
905 2091 1188 2174 singulis
1232 2093 1454 2173 seriis.
1572 2095 1676 2158 Et

478 2177 728 2240 dicetur
780 2179 861 2241 de
914 2179 1182 2243 domina
1237 2181 1355 2244 sed
1411 2202 1536 2244 non
1596 2182 1678 2245 de

479 2266 780 2347 apostolis
802 2289 827 2329 .·
871 2287 978 2330 nec
1003 2268 1085 2331 de
1107 2279 1325 2332 sancto
1354 2269 1647 2334 wilelmo.

483 2357 548 2430 ‘l'
596 2352 832 2416 Sancti
855 2355 1132 2434 tyburtii
1157 2357 1482 2436 martyris.
1515 2357 1595 2420 L.
1608 2358 1669 2439 j.

479 2443 833 2574 Sanctus
865 2443 1063 2524 igitur
1085 2445 1418 2526 tyburtius
1438 2445 1673 2509 diebus

603 2529 1002 2594 dioclitiani³
1067 2532 1480 2614 imperatoris
1553 2535 1674 2596 ad·-

481 2617 718 2680 ductus
764 2628 866 2682 est
909 2628 1068 2682 ante
1099 2618 1436 2684 sabianum
1469 2621 1673 2702 presi-

480 2707 651 2768 dem.
745 2706 1071 2789 Dixitque
1119 2709 1205 2771 ad
1246 2728 1400 2771 eum
1450 2729 1673 2790 preses

483 2793 794 2858 Sacrifica
823 2795 966 2859 diis.
1058 2795 1421 2876 Tyburtius
1453 2797 1631 2861 dixit
1657 2818 1673 2861 :

483 2881 633 2962 Ego
685 2882 883 2945 credo
932 2882 1269 2950 Christum
1303 2881 1510 2948 filium
1564 2885 1672 2948 dei

480 2969 568 3032 ad
601 2969 725 3033 hoc
755 2970 840 3034 de
871 2971 1014 3034 celo
1045 2971 1132 3035 ad
1162 2981 1370 3035 terras
1401 2972 1675 3035 descen-

480 3056 694 3122 disse:
743 3067 818 3121 ut
853 3057 1056 3123 homo
1087 3081 1128 3122 a
1157 3060 1346 3123 terris
1377 3060 1462 3123 ad
1495 3061 1673 3124 celos

482 3154 708 3227 posset
781 3147 1153 3212 ascendere.
1278 3148 1444 3212 Ideo
1511 3149 1672 3212 istas

479 3253 688 3296 vanas
718 3253 1000 3317 pompas
1036 3255 1201 3316 quas
1244 3237 1461 3299 colitis
1493 3238 1675 3320 pedi-

481 3320 606 3383 bus
661 3321 823 3384 meis
872 3324 1304 3388 conculcans:
1351 3326 1479 3388 deo
1521 3345 1675 3388 meo

483 3408 923 3489 omnipotenti
959 3431 1064 3472 me
1088 3412 1356 3492 subjeci.
1436 3413 1674 3476 Fabia—

485 3515 607 3556 nus
639 3516 794 3576 ergo
819 3496 1016 3576 jussit
1038 3506 1196 3562 ante
1229 3501 1430 3580 pedes
1462 3501 1674 3564 sancti

483 3582 759 3664 tyburtii
790 3585 1111 3648 carbones
1156 3587 1404 3650 effundi
1438 3589 1677 3652 arden-

481 3677 626 3732 tes:
674 3679 742 3734 et
784 3672 919 3736 ait:
983 3672 1130 3736 Aut
1175 3674 1372 3738 thura
1421 3676 1484 3738 in
1535 3675 1677 3740 istis

484 3758 879 3824 carbonibus
927 3761 1186 3842 adjice:
1233 3771 1348 3825 aut
1393 3763 1675 3845 pedibus

483 3867 683 3928 super
703 3867 818 3912 eos
837 3851 1031 3912 nudis
1052 3850 1299 3914 incede.
1361 3851 1575 3915 Lectio
1606 3853 1673 3934 ij.

503 3935 779 4066 Tunc
845 3947 1112 4002 sanctus
1186 3940 1518 4020 tyburtius
1579 3939 1677 4004 fa-

648 4045 828 4090 ciens
869 4027 1131 4108 signum
1179 4029 1425 4092 crucis:
1482 4028 1677 4091 nudis

483 4111 815 4192 ingressus
867 4123 968 4179 est
1017 4115 1263 4199 plantis
1309 4137 1508 4197 super
1536 4136 1676 4179 car·

481 4198 734 4266 bones:
792 4204 1101 4285 dixitque
1153 4203 1491 4286 prefecto:
1539 4205 1677 4268 De-

782 4339 797 4369 ¹
816 4339 1041 4402 fistum:
1076 4341 1140 4390 R.

777 4405 798 4436 ²
819 4413 915 4469 pm
943 4407 1111 4456 ‘vero'
1137 4421 1253 4457 non.
1278 4421 1295 4454 .·
1329 4407 1386 4457 S.

2288 318 2441 373 470

1772 445 1951 508 pone
2024 425 2483 490 infidelitatem
2566 433 2760 486 tuam
2794 444 2813 486 ε
2910 431 2971 486 et

1772 513 1954 576 disce
1984 515 2143 596 quia
2172 513 2352 577 solus
2382 522 2489 576 est
2521 511 2692 574 deus
2718 533 2737 574 :
2782 529 2973 591 quem

1772 601 2168 664 confitemur
2254 599 2575 665 creaturis
2670 598 2975 661 omnibus

1773 689 2119 753 dominari.
2196 690 2303 753 Tu
2335 689 2392 752 si
2415 697 2657 770 potes:
2704 705 2977 749 manum

1773 786 1961 840 tuam
1994 778 2187 840 mitte
2217 779 2285 840 in
2316 776 2605 840 calidam
2634 793 2890 856 aquam
2922 774 2981 836 in
3056 781 3058 784 ⁴

1775 864 2047 928 nomine
2094 865 2305 946 jovis:
2350 873 2421 927 et
2472 863 2676 925 faciat
2724 872 2799 924 te
2856 881 2981 924 non

1774 953 2018 1016 sentire
2070 952 2357 1017 furorem
2406 951 2685 1014 ardoris·
2806 949 2980 1011 Nam

1776 1041 1937 1103 mihi
1968 1040 2233 1104 videtur
2279 1039 2461 1123 quod
2508 1057 2711 1120 super
2760 1057 2983 1099 roseos

1774 1127 1970 1192 flores
2020 1129 2327 1210 gradiar:
2386 1128 2546 1209 quia
2598 1127 2755 1207 ipsa
2810 1145 2983 1187 crea-

1774 1225 1925 1279 tura
1984 1217 2297 1280 creatoris
2350 1213 2716 1278 famulatur
2774 1214 2983 1295 impe-

1775 1303 1887 1366 rio.
2630 1301 2869 1364 Lectio
2898 1300 2984 1381 iij.

1773 1393 2100 1524 Sancto
2132 1391 2335 1474 igitur
2350 1389 2650 1472 tyburtio
2673 1387 2985 1451 sabianus

1903 1499 2125 1561 preses
2186 1479 2407 1542 dixit:

1777 1654 2119 1719 Christum
2171 1654 2517 1718 vestrum?
2606 1650 2985 1732 Tyburtius

1774 1743 1995 1805 dixit:
2062 1741 2507 1807 Obtumesce⁴
2562 1739 2857 1802 infelix:
2924 1749 2983 1802 et

1776 1831 1913 1893 noli
1942 1829 2211 1893 auribus
2244 1830 2408 1892 meis
2462 1828 2635 1891 hanc
2668 1827 2983 1907 injuriam

1774 1917 1989 1982 facere
2018 1940 2031 1982 :
2078 1927 2153 1980 ut
2193 1918 2465 1980 audiam
2496 1925 2565 1978 te
2594 1915 2847 1978 rabido
2880 1935 2985 1978 ore

1775 2005 2169 2070 latrantem:
2218 2003 2607 2068 mellifluum
2642 2023 2907 2066 nomen
2926 2012 2986 2065 et

1774 2105 2081 2158 sanctum
2181 2092 2664 2174 blasphemare.
2794 2091 2985 2154 Tunc

1775 2181 1981 2246 iratus
2028 2181 2335 2244 fabianus
2384 2180 2604 2243 dixit:
2656 2178 2985 2260 Blasphe-

1775 2280 1992 2333 mator
2064 2269 2343 2332 deorum
2400 2266 2631 2350 gladio
2690 2265 2985 2330 feriatur.

1777 2358 2037 2421 Ductus
2068 2367 2169 2421 est
2198 2365 2471 2420 sanctus
2526 2355 2875 2437 tyburtius
2922 2356 2979 2416 in

1773 2444 1885 2509 via
1945 2445 2246 2509 lavicana
2299 2444 2497 2508 tertio
2550 2442 2850 2506 miliario
2903 2441 2984 2504 ab

1776 2533 1937 2596 urbe
1969 2553 2194 2596 roma:
2236 2541 2303 2595 et
2329 2532 2417 2595 ibi
2446 2551 2581 2595 uno
2600 2530 2737 2593 ictu
2774 2529 2983 2612 gladii

1775 2641 2165 2704 percussus:
2210 2621 2418 2683 vitam
2455 2618 2671 2682 finivit
2715 2628 2984 2700 tempo-

1774 2710 2019 2772 ralem:
2068 2717 2137 2772 et
2165 2729 2319 2771 cum
2356 2708 2621 2772 Christo
2654 2706 2983 2788 regnandi

1776 2797 2067 2878 suscepit
2120 2805 2530 2878 perpetuam.
2628 2793 2869 2859 Cetera
2916 2793 2987 2857 de

1774 2885 2101 2948 communi
2128 2884 2327 2947 unius
2346 2882 2679 2962 martyris.
2726 2882 2984 2944 Memo-

1778 2973 1885 3036 ria
1955 2973 2037 3036 de
2104 2980 2322 3035 sancto
2380 2968 2724 3034 laurentio.
2852 2970 2985 3033 Αιῑ,

1780 3061 2176 3124 Laurentius
2208 3061 2558 3142 ingressus,

1780 3153 1845 3226 εἴ
1890 3150 2093 3232 Infra
2122 3157 2380 3212 octavas
2406 3145 2621 3209 sancti
2648 3145 2979 3209 laurentii.

1775 3239 2177 3370 Sanctum
2199 3244 2300 3300 est
2318 3235 2553 3298 fratres
2572 3254 2654 3297 ac
2666 3234 2807 3296 deo
2820 3233 2907 3317 [L
2912 3234 2979 3315 .j.

1904 3328 2270 3410 placitum:
2320 3333 2395 3387 ut
2448 3321 2749 3385 natalem
2812 3322 2978 3386 beati

1776 3416 2081 3480 laurentii
2117 3414 2433 3499 precipua
2477 3410 2849 3473 devotione
2878 3431 2980 3474 ve·

1778 3525 2118 3568 neremur:
2145 3501 2331 3583 cujus
2356 3497 2777 3562 radiantibus
2798 3497 2975 3561 flam·

1780 3593 1905 3656 mis
1933 3593 2177 3656 victrix
2204 3592 2271 3653 in
2296 3589 2473 3652 hunc
2496 3605 2773 3668 quoque
2806 3587 2975 3648 diem

1778 3690 1923 3744 toto
1976 3682 2138 3743 orbe
2191 3675 2441 3744 Christi
2490 3674 2853 3744 choruscat
2882 3691 2977 3736 ec-

1778 3769 2021 3833 clesia:
2070 3767 2203 3850 Qui
2247 3785 2401 3830 cum
2434 3763 2501 3825 in
2536 3762 2699 3825 sede
2742 3762 2974 3844 glorio-

1778 3857 2015 3920 sissimi
2042 3857 2210 3940 petri
2234 3852 2821 3918 archidiaconatus
2840 3849 2975 3912 sun·

1777 3954 2042 4026 geretur
2100 3943 2362 4007 officio·
2438 3938 2737 4021 puritate
2798 3939 2971 4000 inno-

1777 4033 1988 4096 centis
2016 4032 2189 4096 vite:
2234 4028 2731 4108 fortissimeque
2754 4024 2969 4088 mortis

1778 4119 2156 4203 triumpho:
2202 4115 2576 4200 apostolico
2608 4135 2681 4177 se
2710 4113 2967 4196 copula·

1779 4209 1876 4272 vit
1905 4207 2254 4273 consortio.
2668 4199 2933 4266 Lectio
2904 4199 2963 4279 η’.

1938 4345 1959 4375 ⁸
1991 4341 2317 4393 diocleciani:
2354 4343 2417 4391 R.
2492 4341 2829 4406 dyocliciani:
2860 4341 2906 4391 S.

1942 4413 1961 4441 ⁴
1994 4409 2337 4460 obmutesce:
2376 4407 2513 4457 RN.
2526 4407 2579 4458 S.

2485 1476 2655 1559 Quis
2718 1476 2987 1558 ignoret
3056 1517 3058 1556 ÷

1774 1575 1987 1630 artem
2064 1567 2393 1649 magicam
2472 1585 2593 1627 vos
2670 1564 2985 1627 docuisse
3056 1575 3058 1578 ⁴

3039 3169 3053 3628 2

3045 3889 3048 3970 Ι

3036 4481 3044 4580 ὼ.
