3117 4959
682 237 748 291 S,
795 235 1242 292 STEPHANI
1279 235 2071 292 PROTHOMARTYRJS,

645 347 798 402 443

109 459 366 533 quanta
396 448 482 512 sit
509 448 772 514 siccitas
790 460 858 515 et
879 449 1220 516 tribulatio
1244 451 1312 514 in

111 547 262 602 toto
283 539 536 602 mundo
558 541 582 602 ?
617 540 828 622 Surge
847 561 1022 622 ergo,
1052 541 1225 603 vade
1244 549 1314 604 et

109 627 222 689 dic
264 626 542 708 johanni
588 630 904 711 episcopo
948 637 1024 691 ut
1058 629 1313 710 aperiat

113 717 350 779 nobis:
397 724 464 779 et
483 716 684 780 faciat
705 717 926 780 locum
957 717 1317 781 orationis:

113 813 194 866 ut
256 823 376 886 per
431 814 725 868 nostram
778 806 1314 868 intercessionem

117 892 512 956 misereatur
555 893 864 957 dominus
896 893 1146 976 populo
1176 913 1314 956 suo,

117 979 652 1063 Expergefactus
682 984 942 1064 perrexi
969 984 1055 1045 ad
1081 981 1319 1062 johan-

113 1089 278 1132 nem
311 1071 736 1152 episcopum:
781 1090 1054 1134 narrans
1084 1071 1143 1133 ei
1176 1089 1318 1133 om-

116 1159 252 1224 nia,
345 1159 475 1241 Qui
509 1179 624 1240 pre
653 1159 900 1240 gaudio
947 1158 1322 1240 lachryma-

113 1256 232 1310 tus
261 1255 364 1310 est
408 1248 672 1310 dicens:
719 1247 1120 1311 Benedictus
1155 1247 1321 1309 deus

115 1336 372 1399 israel:
446 1335 559 1418 qui
622 1335 768 1398 illos
829 1335 1144 1398 revelavit
1219 1335 1320 1397 his

113 1423 553 1506 temporibus,
607 1425 721 1486 Re.
771 1423 1108 1487 Lucianus
1137 1443 1321 1505 pres-

111 1513 328 1594 byter
356 1513 574 1576 dixit':
619 1511 890 1575 domine
920 1521 994 1575 tu
1027 1512 1174 1593 quis
1205 1531 1277 1574 es
1305 1531 1322 1576 t

113 1597 196 1663 et
227 1601 346 1683 qui
386 1613 539 1664 sunt
583 1601 854 1664 tecum?
899 1600 1148 1664 atille:
1192 1619 1323 1681 ego

113 1708 277 1752 sum
353 1688 662 1770 gamaliel
740 1688 919 1770 pauli
980 1688 1322 1770 quondam

113 1778 366 1841 doctor
394 1777 678 1858 apostoli
706 1798 722 1841 :
769 1777 882 1858 qui
914 1785 1138 1840 autem
1164 1777 1325 1859 jux-

115 1875 198 1929 ta
233 1885 342 1927 me
362 1865 642 1947 quiescit
667 1885 682 1928 ε
718 1866 871 1948 Ipse
893 1873 992 1928 est
1013 1865 1324 1928 dominus

115 1952 510 2035 stephanus,
571 1970 617 2038 y
655 1953 850 2036 Quia
875 1953 1094 2034 judeis
1113 1953 1326 2016 hiero-

115 2041 408 2123 solymis
431 2040 764 2124 lapidatus
789 2041 873 2104 ad
901 2041 1324 2104 lacerandum

115 2131 357 2194 bestiis
387 2139 458 2193 et
489 2130 720 2193 avibus
749 2140 852 2194 est
882 2130 1176 2212 positus:
1208 2128 1326 2192 sed

111 2239 248 2302 per
277 2218 382 2281 dei
431 2219 916 2301 providentiam
963 2217 1327 2300 permansit

113 2307 435 2370 intactus,
530 2306 700 2389 Ipse,
1019 2306 1238 2369 Lectio
1267 2326 1328 2370 v,

114 2398 226 2530 l
232 2395 419 2476 gitur
458 2395 654 2476 jussit
699 2395 996 2458 lucianus
1047 2403 1120 2457 ut
1168 2414 1329 2457 con-

237 2493 581 2565 surgerent
604 2503 836 2546 omnes
858 2482 1183 2546 diluculo¹
1214 2504 1228 2545 :
1263 2489 1330 2545 et

115 2573 436 2636 foderent
467 2571 532 2634 in
564 2568 801 2635 acervo
845 2571 1001 2635 illo:
1051 2571 1162 2633 ubi
1209 2591 1329 2652 pu-

117 2661 370 2724 tabant
409 2680 553 2722 esse
601 2680 878 2746 corpora
928 2670 1328 2722 sanctorum.

119 2749 394 2812 Eadem
491 2768 649 2811 vero
744 2757 939 2811 nocte
1021 2749 1329 2829 apparuit

117 2846 400 2900 sanctus
431 2836 738 2918 gamaliel
786 2836 1049 2899 cuidam
1098 2855 1328 2898 mona-

115 2927 256 3000 cho
307 2926 578 2989 nomine
629 2925 990 3006 migezio²z
1045 2923 1327 3006 simplici

117 3014 270 3076 viro
299 3013 566 3077 dicens:
598 3013 792 3076 Vade
817 3021 884 3076 et
903 3011 1005 3076 dic
1028 3012 1328 3075 luciano:

121 3102 212 3165 In
243 3121 492 3165 vanum
535 3101 796 3165 laboras
827 3101 894 3164 in
926 3121 1162 3164 acervo
1197 3099 1327 3164 illo.

121 3191 238 3254 Ibi
294 3189 454 3253 olim
509 3189 708 3272 positi
760 3189 1003 3252 fuimus
1053 3188 1328 3270 expleto

121 3289 435 3360 tempore
517 3277 824 3360 planctus
859 3298 874 3342 ε
951 3278 1067 3340 sed
1155 3296 1327 3339 nunc

121 3375 368 3448 querat
443 3386 562 3429 nos
626 3368 690 3428 in
754 3366 868 3429 illo
942 3366 1089 3428 loco
1125 3386 1140 3429 :
1216 3365 1328 3446 qui

121 3455 377 3518 dicitur
433 3455 756 3518 bonorum
829 3454 1114 3517 virorum
1181 3474 1332 3533 pos-

121 3543 356 3607 sessio,
447 3542 752 3606 Audiens
813 3563 970 3605 vero
1031 3542 1330 3605 luc-ianus

119 3631 334 3695 verba
395 3631 654 3713 migezii
717 3630 1068 3694 monachi:
1131 3630 1332 3692 bene-

119 3719 306 3782 dixit
382 3719 728 3782 dominum
806 3720 963 3801 quia
1025 3719 1330 3780 inventus

121 3817 229 3871 est
309 3807 480 3870 alius
552 3807 740 3871 testis
801 3808 866 3870 in
932 3806 1331 3869 revelatione

118 3905 532 3960 sanctorum.
625 3895 1006 3977 Statimque
1054 3893 1329 3974 johanni

117 3983 446 4066 episcopo
507 3985 731 4047 omnia
793 3985 1107 4046 nunciata
1159 3991 1330 4046 sunt,

117 4074 240 4137 Re.
336 4072 512 4137 Cum
564 4073 796 4135 scirem
847 4091 974 4154 ego
1023 4069 1328 4153 gamaliel

117 4160 556 4225 sanctitatem
603 4159 846 4224 Christi
896 4158 1147 4223 athlete
1199 4169 1330 4222 ste-

117 4249 376 4332 phani:
426 4258 496 4312 et
543 4248 744 4312 fidem
799 4248 942 4329 ejus
1003 4268 1081 4310 ac
1130 4248 1332 4310 devo·

225 4387 238 4416 ¹
275 4383 528 4434 diliculo:
564 4383 632 4435 N,

431 4454 450 4482 ⁴
483 4465 710 4500 nasuan:
746 4448 798 4498 S.

261 4533 430 4586 VOL,
481 4532 556 4583 11,

922 4377 943 4414 '²
977 4383 1228 4447 migecioe
1265 4383 1402 4431 ΚΝ.
1444 4382 1644 4446 passim,

1267 4453 1288 4480 ⁵
1325 4453 1340 4477 ‘
1359 4447 1454 4497 dic.
1477 4450 1701 4498 Nasuam
1725 4447 1944 4498 nichod,'
1982 4465 2080 4496 om.
2112 4467 2123 4498 :
2164 4451 2295 4499 ΚΝ.

1930 349 2080 400 444

1413 451 1664 514 tionem
1702 451 1977 515 credens
2027 474 2132 517 me
2179 455 2245 517 in
2296 475 2615 519 resurrec-

1412 539 1594 603 tione
1625 549 1883 621 partem
1918 540 2293 606 habiturum
2314 565 2464 606 cum
2492 564 2612 608 eo:

1415 627 1540 691 feci
1573 648 1727 690 eum
1758 631 2035 711 sepeliri.
2116 631 2195 694 In
2222 652 2613 695 monumen-

1417 724 1488 779 to
1538 736 1689 780 meo
1740 736 1932 783 novo,
2038 735 2086 803 γ
2151 719 2443 784 Auditor
2495 722 2617 782 do-

1417 805 1578 866 mini
1622 804 2054 868 nichodemus
2103 808 2349 871 ibidem
2397 808 2619 890 sepul-

1415 902 1524 956 tus
1574 901 1718 956 est:
1788 905 1857 958 et
1910 895 2141 959 abibas
2194 896 2367 959 filius
2430 917 2617 959 meus

1420 1001 1683 1043 mecum
1725 991 1825 1044 est
1872 985 2237 1065 repositus:
2286 985 2394 1048 ubi
2437 985 2617 1066 jacet

1420 1069 1657 1132 beatus
1719 1071 2103 1153 stephanus,
2223 1073 2307 1136 In
2337 1139 2347 1146 ,
2382 1094 2621 1136 monu-

1423 1166 1669 1220 mento,
2285 1161 2502 1224 Lectio
2531 1162 2616 1244 ψ’.

1582 1245 1877 1309 ohannes
1975 1248 2177 1330 igitur
2269 1251 2619 1332 episcopus

1580 1333 2205 1416 hierosolymitanus
2236 1338 2489 1420 absque
2520 1339 2620 1400 di·-

1423 1423 1672 1486 latione
1712 1423 1983 1487 mittens
2014 1425 2098 1486 ad
2134 1425 2419 1508 reliquos
2449 1427 2623 1508 epis-

1422 1531 1629 1592 copos
1662 1510 1893 1574 fratres
1928 1533 2081 1575 suos
2114 1514 2475 1594 postulavit
2504 1536 2519 1577 ε
2552 1522 2626 1577 ut

1424 1599 1508 1662 ad
1575 1598 1760 1661 illurn
1822 1602 2233 1682 quamtotius
2304 1603 2623 1666 venirent.

1426 1686 1560 1768 Qui
1594 1707 1743 1750 cum
1776 1690 2113 1752 venissent
2150 1691 2625 1772 porrexerunt³

1426 1777 1510 1838 ad
1588 1776 1875 1839 eundem
1962 1777 2197 1841 locum,
2320 1779 2627 1861 Cumque

1426 1863 1653 1927 fodere
1685 1863 1775 1926 ibi
1808 1867 2136 1946 cepissent
2164 1887 2179 1930 ε
2227 1876 2295 1930 et
2327 1867 2629 1930 maxima

1427 1972 1580 2034 pars
1612 1963 1782 2016 terre
1820 1953 2061 2018 effossa
2090 1962 2307 2019 esset:
2356 1957 2629 2018 invene-

1431 2049 1585 2104 runt
1658 2039 1951 2123 lapidem
2028 2043 2095 2104 in
2156 2063 2291 2124 quo
2364 2044 2629 2125 sculpta

1428 2137 1617 2192 erant
1699 2131 1971 2192 nomina
2046 2133 2223 2195 ista:
2325 2131 2627 2196 Cheliel:

1432 2217 1813 2281 Nasuam⁴:
1906 2214 2285 2284 Gamaliel:
2376 2221 2629 2285 Abibu,

1433 2304 1686 2369 Cheliel
1734 2305 2098 2388 stephanus
2151 2308 2433 2372 dicitur:
2491 2309 2630 2371 Na-

1429 2414 1620 2456 suam
1645 2393 2079 2458 nichodemus
2098 2396 2158 2459 Ιἐ
2199 2396 2430 2460 Abibu
2452 2396 2628 2459 filius

1428 2482 1802 2564 gamalielis
1833 2482 2256 2564 significatur,
2318 2485 2429 2548 Re,
2506 2485 2629 2548 Sa-

1427 2571 1663 2633 cerdos
1696 2570 1801 2634 dei
1837 2571 2133 2634 lucianus
2170 2574 2526 2654 prostravit
2556 2593 2629 2636 se

1431 2659 1496 2721 in
1535 2659 1834 2721 oratione
1881 2680 2121 2741 rogans
2167 2662 2367 2723 deum
2409 2669 2485 2723 'et
2529 2662 2630 2724 di·

1428 2767 1622 2809 cens:
1670 2747 1962 2810 Domine
2005 2747 2163 2828 Jesu
2218 2748 2517 2813 Christe:
2570 2749 2626 2812 si

1431 2845 1531 2898 est
1580 2835 1701 2897 hec
1748 2835 1915 2897 visio
1961 2855 2050 2898 ex
2096 2847 2208 2899 te:
2266 2837 2494 2899 Presta
2556 2847 2631 2901 ut

1431 2924 1671 2986 iterum
1746 2931 1815 2986 et
1891 2925 2087 2986 tertio
2171 2923 2633 2988 manifestetur

1432 3011 1610 3074 mihi.
1696 3027 1744 3096 γ
1794 3011 1891 3075 Ut
1922 3011 2207 3074 confisus
2239 3012 2633 3076 fiducialiter

1431 3099 1827 3162 annunciem
1862 3100 2329 3163 revelationem
2368 3112 2631 3164 sancto-

1433 3209 1577 3250 rum
1627 3208 1963 3250 servorum
2010 3198 2293 3252 tuorum,
2387 3189 2629 3254 Presta.

1433 3274 1681 3340 Gloria,
1757 3276 2003 3339 Presta,
2082 3276 2165 3340 In
2199 3277 2293 3358 iij.
2327 3289 2631 3342 nocturno

1429 3373 1536 3428 ανῖ.
1634 3365 1713 3426 In
1768 3363 2036 3445 jejuniis
2097 3375 2163 3428 et
2224 3367 2632 3430 orationibus

1431 3454 1796 3517 constituto
1828 3455 2136 3536 apparuit
2173 3455 2410 3518 iterum
2444 3476 2631 3519 sanc-

1431 3551 1538 3604 tus
1569 3541 1881 3622 gamaliel
1939 3542 2197 3606 luciano
2244 3543 2631 3625 presbytero

1431 3631 1659 3694 dicens
1682 3653 1696 3693 :
1722 3651 1924 3712 quare
1946 3630 2374 3696 dissimulasti
2399 3633 2629 3696 frater:

1431 3727 1500 3781 et
1547 3737 1679 3780 non
1730 3719 2008 3785 retulisti
2058 3741 2187 3802 que
2241 3722 2423 3784 dicta
2474 3730 2630 3784 sunt

1433 3807 1554 3868 tibi
1582 3805 1859 3887 johanni
1893 3809 2223 3890 episcopo,
2298 3817 2398 3890 ps.
2490 3811 2630 3871 Do-

1434 3894 1594 3957 mini
1674 3904 1775 3958 est
1858 3905 2045 3959 terra,
2138 3897 2271 3959 Αῆ.
2386 3897 2631 3959 Nonne

1432 3983 1617 4046 vides
1650 3994 1901 4066 quanta
1931 3984 2017 4046 sit
2048 3985 2309 4046 siccitas
2334 3993 2402 4046 et
2424 3985 2629 4047 tribu-

1434 4071 1596 4134 latio
1628 4071 1693 4133 in
1728 4081 1871 4134 toto
1899 4073 2147 4134 mundo
2173 4093 2187 4136 :
2234 4083 2301 4133 et
2328 4082 2397 4134 tu
2426 4073 2631 4154 negli-

1431 4167 1668 4240 genter
1704 4160 1860 4240 agis,
1938 4168 2041 4240 pff.
2110 4160 2298 4222 Beati
2331 4180 2630 4241 quorum.

1432 4249 1567 4311 Αῆ.
1660 4247 1873 4329 Surge
1934 4267 2093 4329 ergo
2153 4257 2221 4310 et
2280 4249 2489 4312 vade:
2565 4259 2631 4313 et

1850 4383 1871 4411 ⁸
1906 4391 2257 4446 perrexerunt:
2294 4383 2493 4435 R,N.S.

2153 4532 2279 4582 GG
