3117 4959
918 254 978 308 S.
1029 251 1384 308 RICARDI
1420 252 1543 308 DE
1589 205 2052 312 HAMPOLEs

740 359 881 416 813

196 464 394 542 ripam
422 463 617 538 fontis,
647 465 903 541 prebens
931 463 1211 526 omnibus
1250 464 1403 544 intu-

198 543 445 605 entibus
520 543 921 603 miserandum
1002 547 1407 620 spectaculum

200 624 375 700 quod
428 621 561 682 'talis
609 621 897 683 innocens
944 624 1045 682 tali
1086 622 1407 683 infortunio

199 703 565 780 perderetur.
622 701 809 762 Affuit
834 714 1034 762 autem
1060 702 1405 774 astantibuS,

202 801 327 840 non
372 780 625 841 dubium
668 801 742 840 ex
784 781 989 840 divina
1028 781 1408 858 providencia

200 860 447 920 volente
488 860 549 919 in
589 860 737 919 locis
764 860 1005 920 remotis
1032 860 1407 937 magnificare

202 941 425 998 famam
458 951 517 998 et
545 940 791 1015 gloriam
818 937 1007 998 sancti
1030 940 1119 999 sui
1143 939 1406 1011 Ricardi,

202 1017 551 1094 peregrinus
620 1018 865 1094 quidam
936 1031 1247 1079 extraneus
1301 1018 1406 1094 qui

204 1097 357 1156 dixit
404 1116 469 1157 se
515 1095 781 1156 visitasse
830 1100 1167 1173 sepulcrum
1216 1097 1405 1156 sancti

200 1175 493 1235 heremite
512 1175 755 1236 Ricardi
782 1190 927 1252 aput
960 1177 1279 1252 Hampole,
1301 1176 1407 1235 ubi

204 1255 378 1314 Deus
402 1256 483 1314 ad
510 1273 717 1331 preces
744 1257 873 1331 ejus
896 1256 1083 1315 multa
1110 1257 1407 1332 stupenda

200 1332 493 1392 miracula
518 1345 813 1410 operatur,
834 1346 893 1394 et
915 1335 1078 1410 quod
1108 1333 1157 1393 si
1186 1336 1405 1394 vellent

198 1412 383 1471 amici
411 1411 677 1472 defuncti
705 1413 873 1490 pueri
892 1432 1097 1490 rogare
1114 1415 1406 1474 ferventer

201 1493 471 1550 eundem
496 1503 769 1551 sanctum
811 1502 870 1551 et
909 1491 1249 1568 promittere
1292 1491 1405 1552 sibi

200 1569 467 1646 aliquem
496 1569 846 1646 singularem
865 1572 1153 1631 honorem
1174 1569 1401 1648 impen-

202 1649 363 1721 dere,
388 1651 555 1708 Deus
575 1651 654 1708 ad
668 1648 853 1724 ipsius
869 1669 1077 1726 preces
1094 1669 1210 1726 que
1228 1651 1403 1711 valde

200 1739 343 1787 sunt
370 1727 508 1786 eiin
528 1728 729 1804 precio
756 1747 1005 1806 puerum
1033 1728 1405 1789 resuscitaret

198 1807 279 1865 ad
334 1805 538 1866 vitam.
638 1805 949 1868 Plicabant
1002 1806 1177 1884 igitur
1228 1807 1404 1868 amici

198 1885 387 1961 pueri,
445 1897 620 1962 prout
672 1886 851 1946 moris
919 1897 1025 1960 est,
1093 1886 1403 1948 denarium

194 1965 578 2024 offerendum
607 1983 715 2042 pro
733 1965 864 2040 ipso
890 1967 971 2026 ad
998 1967 1186 2026 sancti
1216 1966 1407 2043 sepul-

196 2061 371 2102 crum
412 2055 475 2104 et
504 2044 1015 2120 deprecabantur¹
1058 2044 1257 2120 ipsum
1296 2046 1403 2105 de-

197 2119 355 2182 votis
383 2121 657 2198 precibus
684 2134 745 2184 et
770 2123 1013 2184 attentis
1050 2142 1159 2199 pro
1198 2142 1401 2199 puer0,

198 2210 261 2260 et
317 2199 519 2260 statim
555 2201 763 2262 revixit
817 2221 983 2279 puer,
1040 2213 1101 2262 et
1154 2205 1401 2264 domum

196 2278 521 2340 incolumis
550 2291 639 2340 est
666 2301 979 2357 regressus.
1059 2284 1249 2342 Lectio
1273 2284 1396 2358 viij.

200 2358 477 2466 Simile
534 2360 723 2419 eciam
778 2360 1126 2420 miraculum
1180 2363 1401 2421 factum

310 2447 403 2498 est
444 2436 505 2496 in
549 2438 689 2498 villa
731 2441 807 2500 de
851 2441 1135 2517 Fyselake
1175 2440 1401 2500 Ebora-

196 2515 399 2576 censis
454 2517 710 2578 diocesis
762 2520 841 2579 de
886 2519 1149 2596 quodam
1214 2539 1399 2596 puero

200 2596 477 2672 Hugone
524 2597 769 2657 nomine
836 2597 1009 2658 etatis
1064 2597 1239 2658 trium
1294 2618 1398 2657 an-

198 2693 441 2748 norum,
506 2675 611 2752 qui
667 2676 884 2736 corruit
945 2676 1007 2736 in
1076 2678 1401 2753 quemdam

195 2764 453 2830 puteum
510 2753 570 2813 in
626 2773 749 2831 quo
799 2757 1038 2831 jacebat
1105 2775 1209 2833 per
1251 2757 1400 2816 duas

196 2831 395 2892 horas
502 2833 697 2907 Quem
743 2845 933 2894 mater
978 2835 1153 2894 anxia
1182 2834 1207 2871 ²
1267 2835 1398 2895 dili·

192 2921 410 2987 genter
448 2911 795 2988 perquirens
836 2914 1081 2974 tandem
1126 2913 1187 2972 in
1236 2913 1400 2974 dicto

193 3000 385 3067 puteo
410 3002 713 3050 mortuum
750 2991 965 3068 reperit
1004 2993 1195 3053 eciam
1235 2993 1401 3053 omni

190 3067 369 3146 signo
423 3069 543 3130 vite
590 3069 898 3145 privatum.
981 3071 1162 3132 Venit
1200 3084 1401 3132 autem

190 3147 256 3206 in
286 3159 551 3208 mentem
581 3149 783 3209 matris
817 3149 1091 3226 ejulantis
1120 3162 1179 3211 et
1204 3150 1401 3211 flentis

190 3227 366 3304 quod
396 3228 603 3288 beatus
630 3229 916 3288 heremita
944 3228 1237 3290 Ricardus
1264 3249 1399 3306 pos-

190 3316 289 3366 set
354 3305 469 3366 sibi
534 3305 722 3366 filium
788 3319 1086 3368 mortuum
1152 3311 1401 3370 reddere

186 3383 419 3459 vivum,
450 3383 499 3445 si
527 3405 635 3462 pro
664 3385 797 3463 ipso
826 3387 1157 3446 Dominum
1197 3405 1401 3465 preca-

186 3473 371 3523 retur.
501 3465 873 3525 Mensuravit
925 3465 1126 3544 itaque
1182 3467 1400 3527 usitato

188 3561 367 3602 more
406 3544 486 3603 ad
528 3556 799 3603 sanctum
831 3544 1155 3606 Ricardum
1183 3548 1399 3607 cande-

188 3621 313 3680 lam
386 3641 623 3682 ceream
689 3623 1079 3700 longitudinis
1131 3625 1400 3686 defuncti

186 3699 383 3777 pueri,
414 3719 595 3778 quam
642 3703 720 3763 ad
768 3704 1065 3764 tumulum
1110 3703 1293 3780 ipsius
1336 3723 1399 3766 se

184 3778 631 3856 peregrinando
698 3782 1027 3842 delaturam
1088 3782 1397 3860 promisit:

184 3868 253 3918 et
299 3857 431 3918 sine
485 3877 653 3918 mora
700 3879 845 3936 puer
890 3861 1114 3921 revixit.
1165 3896 1181 3909 ·
1202 3863 1401 3922 Mater

184 3947 398 3996 autem
426 3937 595 4014 pueri
624 3939 870 3999 veniens
896 3940 1062 4016 apud
1093 3943 1398 4016 Hampole

183 4014 251 4074 in
310 4015 467 4076 sesto
524 4017 715 4079 sancti
767 4019 1062 4094 Johannis
1132 4019 1397 4097 Baptiste

182 4113 330 4154 cum
358 4094 583 4171 gaudio
628 4115 847 4174 magno
888 4099 968 4158 ad
1011 4099 1247 4160 laudem
1280 4098 1397 4160 Dei

182 4185 249 4235 et
278 4173 475 4234 sancti
504 4174 595 4234 sui
624 4175 867 4236 Ricardi
905 4177 1021 4238 hoc
1048 4177 1396 4238 miraculum

182 4251 476 4313 omnibus
516 4255 850 4331 publicavit.
1098 4259 1284 4317 Lectio
1307 4259 1392 4317 thr.

292 4379 307 4410 ¹
342 4386 395 4429 et
418 4379 487 4430 de
522 4381 915 4448 recabanturque
948 4403 958 4432 ε
985 4385 1041 4434 Β.

286 4446 309 4476 '
342 4445 458 4496 The

532 4446 543 4458 “
582 4449 697 4498 coln
720 4449 833 4500 MS.
864 4451 1091 4500 contains
1112 4451 1179 4502 all
1201 4451 1284 4501 the
1309 4459 1405 4502 rest
1428 4451 1487 4502 os
1504 4451 1588 4502 the
1612 4449 1768 4501 office.

2034 364 2172 420 814

1611 465 1813 527 uidam
1835 466 2070 543 juvenis
2104 465 2348 527 nomine
2375 465 2704 527 Willelmus

1613 546 1766 606 filius
1777 544 2080 623 Radulphi
2097 545 2281 605 filium
2300 545 2508 604 habuit
2529 545 2702 606 etatis

1506 625 1720 690 decem
1758 645 2066 698 annorum,
2110 624 2212 701 qui
2253 623 2464 684 missus
2505 635 2628 684 erat
2667 644 2705 684 a

1505 715 1672 780 patre
1699 705 1778 764 ad
1805 707 2172 780 pascendum
2189 703 2214 740 ³
2243 723 2460 780 pecora
2485 702 2546 762 in
2575 723 2706 780 pas

1505 783 1634 843 cuis
1659 805 1673 842 t
1697 783 1796 843 ubi
1814 804 1850 843 a
1879 795 2148 860 serpente
2175 783 2236 841 in
2261 801 2440 842 manu
2462 783 2704 842 dextera

1506 881 1752 934 morsus,
1799 862 2197 922 invalescente
2241 861 2438 938 vigore
2487 859 2704 921 veneni

1507 941 1796 1002 dissoluta
1861 953 1950 1002 est
2017 943 2146 1016 ejus
2215 940 2570 1016 complexiO,
2643 951 2704 1000 et

1504 1021 1695 1094 pallor
1768 1037 2052 1097 tanquam
2137 1020 2396 1080 hominis
2485 1016 2703 1078 mortui

1503 1096 1688 1174 ipsius
1753 1099 1965 1159 faciem
2031 1098 2344 1176 occupavit
2383 1121 2396 1158 :
2477 1109 2536 1157 et
2603 1097 2702 1156 ille

1504 1178 1818 1256 exsanguis
1845 1180 2090 1238 effectus
2117 1198 2238 1238 non
2281 1179 2483 1236 valens
2524 1195 2706 1252 super

1502 1258 1690 1332 pedes
1733 1257 2054 1318 consistere
2103 1255 2345 1329 decidit,
2375 1256 2458 1314 ita
2497 1267 2563 1315 ut
2595 1275 2702 1331 per

1501 1336 1652 1395 duas
1679 1339 1854 1396 horas
1892 1339 1972 1396 ab
2014 1336 2291 1395 omnibus
2319 1334 2698 1393 circumstan-

1500 1414 1660 1476 tibus
1728 1427 1992 1474 mortuus
2059 1416 2410 1474 crederetur.
2524 1415 2700 1471 Tunc

1501 1512 1657 1553 unus
1723 1492 2134 1554 assistencium
2201 1491 2283 1552 ait
2323 1515 2336 1552 ε
2417 1489 2698 1550 faciamus

1500 1585 1707 1632 votum
1726 1575 1903 1632 beato
1927 1571 2208 1633 heremite
2233 1569 2514 1642 Ricard0,
2533 1570 2699 1644 quod

1500 1647 1932 1728 peregrinando
1959 1649 2324 1710 visitabimus
2353 1650 2479 1724 ejus
2501 1659 2698 1707 tumu-

1500 1730 1626 1788 lum
1651 1731 1815 1807 apud
1845 1731 2166 1805 Hampole,
2198 1739 2258 1788 et
2286 1725 2698 1787 confitebimur
2719 1767 2738 1776 -

1500 1808 1738 1886 publice
1765 1807 2272 1886 magnificenciam
2295 1825 2398 1866 sue
2420 1804 2699 1882 potencie

1500 1889 1662 1964 apud
1706 1889 1924 1961 Deum,
1955 1887 2004 1946 si
2051 1905 2300 1963 puerum
2343 1883 2522 1944 istum
2563 1902 2696 1971 pro-

1502 1978 1666 2027 curet
1685 1987 1722 2026 a
1751 1969 1886 2028 Deo
1915 1965 2138 2026 restitui
2166 1963 2408 2042 pristine
2438 1961 2692 2022 sanitatl.

1502 2047 1812 2106 voverunt
1875 2063 2034 2122 ergo,
2089 2055 2150 2106 et
2203 2039 2504 2121 deprecati
2557 2052 2698 2100 sunt

1502 2137 1774 2186 sanctum
1802 2144 1911 2203 pro
1939 2143 2143 2201 puer0,
2173 2132 2234 2183 et
2275 2121 2473 2182 statim
2513 2139 2692 2180 vene-

1500 2223 1648 2264 num
1677 2203 1817 2264 exiit
1843 2206 1922 2265 de
1951 2204 2189 2263 vulnere
2217 2200 2318 2262 ubi
2353 2198 2606 2272 intravit,
2637 2207 2698 2258 et

1500 2302 1648 2360 puer
1673 2283 1869 2344 statim
1897 2303 1972 2343 ex
1999 2293 2128 2342 toto
2157 2290 2392 2340 curatus
2427 2288 2530 2338 est.
2619 2279 2698 2338 Et

1500 2361 1586 2421 illi
1633 2373 1774 2424 vota
1815 2363 2185 2438 complentes
2232 2358 2376 2420 feria
2417 2357 2588 2418 tertia
2635 2355 2698 2414 in

1500 2441 1842 2502 ebdomada
1930 2443 2316 2500 Pentecostes
2409 2445 2700 2496 venerunt

1498 2523 1664 2596 apud
1721 2521 2043 2596 Hampole,
2091 2529 2152 2578 et
2197 2519 2310 2578 sub
2361 2518 2698 2592 juramento

1496 2599 1804 2660 veritatem
1825 2601 2000 2675 hujus
2027 2596 2294 2656 miraculi
2309 2595 2692 2654 affirmabant.

1777 2681 1954 2737 Feria
1982 2677 2261 2736 Secunda.
2438 2673 2626 2732 Ledio
2638 2673 2694 2747 j.

1603 2756 1808 2816 uidam
1861 2757 2168 2833 Johannes
2236 2751 2477 2812 nomine
2545 2749 2698 2809 filius

1607 2835 1879 2895 Willelmi
1960 2832 2244 2912 Spynke,⁴
2300 2841 2441 2890 octo
2506 2847 2698 2918 annos

1497 2914 1671 2976 etatis
1725 2916 1970 2986 habens»,
2028 2923 2188 2972 totus
2243 2919 2581 2969 contractus
2634 2926 2698 2966 in

1498 2992 1752 3055 brachiis
1800 3004 1860 3052 et
1907 2991 2172 3052 cruribus
2213 2989 2458 3050 effeetus
2499 2996 2605 3059 est,
2634 2985 2697 3046 in

1498 3084 1729 3133 tantum
1767 3079 1850 3131 'ut
1901 3089 2076 3146 super
2131 3068 2316 3145 pedes
2363 3085 2503 3125 suos
2545 3076 2698 3126 stare

1498 3170 1623 3212 non
1651 3163 1854 3228 posset
1881 3174 1894 3210 :
1935 3147 2040 3228 qui
2067 3148 2310 3208 tandem
2349 3156 2522 3205 utens
2549 3162 2699 3233 sano

1497 3229 1750 3291 consilio
1771 3229 1931 3290 vovit
1957 3231 2092 3288 Deo
2119 3237 2179 3286 et
2206 3228 2385 3285 beato
2415 3225 2698 3312 heremite

1498 3309 1763 3370 Ricardo
1785 3309 1950 3386 quod
1977 3304 2219 3384 singulis
2245 3302 2417 3392 annis
2445 3320 2697 3392 peregri:

1498 3389 1817 3449 nacionem
1842 3389 2064 3448 faceret
2109 3385 2189 3444 ad
2232 3383 2416 3460 ipsms
2453 3380 2699 3441 Ricardi

1500 3470 1853 3545 sepulcrum,
1924 3466 1970 3526 si
2042 3483 2180 3524 eum
2247 3460 2366 3522 suis
2422 3459 2699 3537 precibus

1498 3546 1832 3608 restitueret
1858 3543 2110 3606 sanitati.
2163 3541 2484 3629 Completo
2499 3549 2698 3598 autern

1499 3637 1644 3687 voto
1697 3645 1876 3686 sanus
1929 3627 2118 3684 factus
2169 3632 2276 3693 est,
2332 3629 2392 3680 et
2444 3638 2504 3678 ui
2539 3618 2699 3707 ‘fest-o

1498 3706 1912 3782 apostolorum
1941 3700 2199 3778 Philippi
2241 3711 2302 3760 et
2339 3698 2556 3775 Jacob1
2583 3715 2700 3785 prl-

1498 3804 1662 3844 mam
1742 3781 2290 3860 peregrinacionem
2357 3776 2697 3852 complevit,

1496 3861 1746 3924 veniens
1771 3865 1934 3940 apud
1963 3859 2268 3936 Hampole
2307 3866 2370 3916 et
2419 3873 2484 3915 se
2524 3855 2700 3930 plene

1498 3953 1768 4003 curatum
1787 3939 2066 4001 omnibus
2093 3935 2491 3996 manifestans,
2536 3934 2699 4020 Que-

1497 4023 1640 4081 dam
1667 4020 1856 4082 eciam
1897 4017 2106 4078 mulier
2146 4015 2402 4075 Isabella
2436 4029 2698 4083 nomme,

1498 4118 1618 4178 que
1671 4118 1777 4175 per
1830 4109 2058 4174 septem
2112 4111 2304 4153 annos
2371 4088 2697 4161 obsurduit,

1496 4179 1793 4240 accedens
1812 4177 1892 4236 ad
1911 4173 2160 4252 predicti
2189 4168 2376 4232 sancti
2405 4170 2699 4230 tumulum

1498 4276 1677 4334 opem
1718 4254 1964 4317 remedii
2004 4251 2278 4331 petitura,
2320 4268 2457 4309 cum
2501 4267 2566 4308 se
2613 4245 2699 4307 ibi

1929 4383 1952 4482 ἰ
1988 4379 2278 4499 ξαεοοιῐιιάιι
2301 4379 2362 4429 L.

2029 4463 2128 4513 ΡῩὩ
2194 4465 2206 4496 ²
2279 4481 2293 4495 ·
