3117 4959
1250 241 1311 298 S.
1361 239 1757 298 DIONYSII
1795 237 2191 297 EPISCOPI.

1002 352 1165 407 605

2282 348 2443 404 606

464 455 715 522 Adhuc
746 455 961 541 inquit
988 467 1093 521 est
1135 455 1515 540 incognitus
1554 475 1676 519 no-
1775 453 2210 520 Beatissimus
2299 455 2660 540 dionysius
2751 455 2978 522 Christi

468 546 573 610 bis
606 565 624 611 t
654 555 724 610 et
746 547 813 609 in
837 545 1061 610 seculo
1090 544 1313 609 futuro
1329 553 1665 609 venturus,

468 633 713 698 Paulus
742 655 899 698 vero
928 634 1067 699 ait:
1114 631 1295 716 Quid
1348 632 1538 697 vobis
1569 633 1667 696 vi-

464 722 699 786 detur:
742 721 947 785 homo
976 721 1103 784 erit
1132 742 1217 784 an
1248 721 1517 803 spiritus
1547 721 1665 784 de-

465 829 656 874 orum
700 810 726 874 ῖ
818 809 1195 892 Respondit
1267 808 1666 890 dionysius:

464 899 681 962 Verus
711 907 813 963 est
859 898 1026 961 deus
1076 906 1146 961 et
1189 916 1384 960 verus
1412 896 1618 960 homo
1649 917 1666 962 ε

466 986 709 1068 etipse
744 984 1089 1049 renovabit
1134 986 1476 1049 mundum.
1571 983 1666 1047 Et

467 1073 563 1137 ait
597 1072 835 1156 paulus
863 1094 879 1138 :
928 1073 1129 1136 Illum
1160 1072 1362 1137 deum
1394 1071 1665 1156 predico

464 1160 700 1226 vobis:
745 1181 945 1242 quem
992 1161 1403 1243 incognitum
1434 1159 1664 1244 appel·

466 1248 635 1313 latis.
729 1249 970 1314 Postea
1027 1269 1183 1312 vero
1244 1248 1480 1331 paulus
1546 1267 1668 1330 per

468 1335 956 1401 invocationem
1075 1335 1363 1400 nominis
1502 1335 1663 1418 Jesu

469 1424 716 1490 Christi
770 1425 997 1489 oculos
1045 1425 1305 1507 aperuit
1336 1424 1473 1488 ceci
1505 1424 1663 1487 nati.

468 1511 623 1577 Hoc
654 1513 930 1577 audiens
960 1511 1326 1595 dyonysius
1370 1511 1666 1595 baptisa-

466 1608 576 1664 tus
624 1609 771 1666 est:
816 1609 886 1664 et
915 1599 1155 1664 domus
1187 1597 1329 1683 ejus
1358 1607 1549 1663 tota:
1595 1609 1664 1663 et

465 1696 703 1771 postea
750 1688 1281 1771 archiepiscopus
1322 1687 1666 1751 athenien-

464 1777 638 1840 sium
700 1784 1137 1841 consecratur.
1226 1775 1341 1840 Re.
1398 1773 1664 1839 Gratias

465 1863 588 1928 tibi
618 1864 929 1929 domine:
976 1863 1089 1946 qui
1138 1863 1513 1927 infestantis
1543 1864 1665 1926 ini-

464 1952 617 2016 mici
644 1951 866 2033 jacula
882 1952 1343 2034 probationem
1366 1950 1663 2015 fidelium

462 2048 747 2104 tuorum.
835 2039 1179 2122 prestitisti
1210 2059 1355 2102 esse
1382 2061 1396 2103 :
1427 2047 1496 2102 et
1528 2059 1664 2102 non

462 2127 776 2192 vulnera:
818 2128 936 2190 sed
980 2127 1185 2190 talem
1230 2128 1362 2190 tuis
1412 2137 1663 2210 marty-

462 2215 642 2278 ribus
690 2214 923 2279 tribuis
972 2235 1093 2296 pro
1136 2213 1365 2278 labore
1417 2236 1665 2280 merce-

462 2302 637 2367 dem.
732 2303 831 2368 Ut
861 2302 1115 2366 nullum
1146 2311 1412 2366 tuorum
1459 2303 1662 2367 fuisse

462 2390 755 2473 gaudeat
826 2389 1036 2455 hostis
1117 2389 1478 2456 imbellem.
1613 2409 1663 2477 γ

464 2477 855 2562 Quinimmo
884 2489 1277 2562 perpetuum
1324 2480 1419 2542 eis
1466 2479 1660 2562 largi-

464 2568 551 2630 ris
597 2567 1050 2649 triumphum:
1102 2575 1175 2630 ut
1228 2566 1503 2631 ecclesie
1547 2576 1662 2632 tue

461 2675 727 2736 semper
754 2657 888 2718 sint
933 2655 999 2716 in
1046 2654 1451 2737 exemplum.
1544 2657 1659 2721 Ut.

462 2744 732 2874 Post
762 2743 1018 2825 aliquot
1049 2762 1259 2806 annos
1295 2741 1530 2826 [Lectio
1560 2743 1661 2825 iij,

623 2851 878 2895 romam
907 2831 1179 2895 veniens
1206 2851 1221 2895 ε
1262 2830 1660 2894 clementem

463 2919 844 3003 pontificem
893 2918 1069 2982 sedis
1122 2918 1484 3001 apostolice
1518 2939 1535 2984 ε
1581 2939 1660 2984 ac

462 3027 903 3072 successorem
966 3006 1135 3088 petri
1208 3005 1477 3070 invenit.
1588 3006 1661 3071 A

462 3115 599 3176 quo
644 3115 797 3159 cum
846 3095 1098 3158 honore
1144 3103 1491 3179 susceptus
1542 3095 1661 3160 ali-

464 3182 783 3265 quamdiu
816 3203 1039 3246 secum
1081 3191 1507 3248 conversatus
1538 3192 1656 3249 est.

466 3271 652 3334 Deus
701 3291 858 3335 vero
904 3270 1126 3354 tetigit
1156 3292 1269 3336 cor
1297 3270 1477 3334 beati
1526 3271 1658 3336 cle·-

466 3359 751 3423 mentis:
800 3369 867 3423 et
913 3369 987 3422 ut
1032 3369 1185 3422 eum
1216 3358 1662 3440 alloqueretur

459 3447 565 3510 his
624 3447 841 3511 verbis
899 3445 1217 3510 accendit.
1329 3445 1507 3529 Quia
1569 3447 1660 3509 mi

464 3535 669 3600 frater
718 3533 958 3597 dilecte
1009 3531 1272 3614 dionysi
1334 3532 1659 3598 catholice

464 3644 537 3687 es
597 3622 921 3686 edoctus:
983 3628 1203 3702 partes
1264 3621 1659 3701 aggrediens

454 3709 858 3778 occidentis:
934 3708 1103 3771 sicut
1175 3706 1391 3770 bonus
1468 3709 1660 3774 miles

465 3799 711 3866 Christi
742 3796 1020 3880 preliare
1036 3796 1289 3859 domini
1310 3796 1407 3860 tui
1433 3797 1654 3878 prelia.

465 3889 559 3953 Et
589 3888 760 3952 sicut
788 3886 1097 3950 dominus
1126 3884 1321 3967 Jesus
1354 3885 1657 3950 Christus

460 3977 781 4060 magistro
810 3995 963 4038 meo
993 3982 1183 4057 petro
1226 3973 1545 4041 tradidit:
1589 3984 1659 4038 et

462 4087 588 4148 ego
619 4072 847 4128 sancte
889 4061 1274 4126 hereditatis
1319 4061 1471 4143 jura
1515 4081 1658 4125 sus-

461 4154 605 4235 cepi
636 4173 651 4216 :
696 4153 793 4216 ita
820 4152 941 4215 tibi
972 4149 1372 4213 commendo
1404 4149 1654 4231 ligandi

462 4240 895 4322 solvendique
953 4237 1438 4302 auctoritatem.
1537 4237 1653 4304 Re.

658 4423 675 4453 ¹
717 4421 989 4471 ‘et’0m.:
1028 4421 1165 4471 R.N.

1773 553 2032 626 martyr
2059 543 2366 612 tradente
2415 545 2632 608 beato
2661 544 2982 609 clemente

1768 632 2112 714 eroganda
2127 633 2440 715 gentibus
2469 633 2748 697 semina
2771 634 2982 697 divina

1771 721 2080 801 suscepit.
2159 721 2252 785 Et
2272 742 2410 803 quo
2423 721 2746 803 amplius
2775 720 2984 803 genti·

1771 806 1976 871 litatis
2007 827 2292 872 errorem
2327 807 2580 872 fervere
2614 811 2984 890 cognovit:

1771 894 1926 960 illuc
1959 895 2366 979 intrepidus:
2411 905 2480 959 et
2525 897 2792 960 virtute
2841 897 2982 962 fidei

1771 993 2066 1047 armatus
2098 985 2391 1049 accessit.
2479 1003 2530 1070 y
2573 985 2673 1048 Et
2703 985 2984 1067 parisius

1771 1070 2047 1134 domino
2108 1073 2391 1136 ducente
2442 1074 2812 1153 pervenit:
2859 1094 2982 1136 non

1769 1159 2018 1222 veritus
2041 1160 2376 1224 incredule
2403 1161 2630 1241 gentis
2661 1171 2986 1242 expetere

1770 1245 2118 1312 feritatem.
2199 1249 2307 1313 Et.
2386 1247 2636 1313 Gloria.
2681 1249 2842 1312 Et.
2913 1251 2986 1312 In
3041 1265 3043 1292 ³

1771 1335 1842 1416 ij.
1904 1344 2208 1399 nocturno
2265 1344 2370 1400 αῆ.
2489 1335 2814 1400 Ecclesia
2867 1337 2985 1400 illis

1771 1442 1902 1504 que
1956 1423 2241 1487 necdum
2289 1425 2356 1487 in
2401 1422 2565 1488 locis
2621 1433 2778 1488 erat
2817 1445 2838 1487 τ
2881 1427 2982 1488 et¹
3041 1425 3043 1432 '

1771 1511 2057 1593 populus
2105 1511 2215 1575 ille
2265 1531 2504 1575 novam
2539 1514 2984 1578 construxit:

1768 1618 1847 1662 ac
1878 1598 2097 1664 officia
2123 1599 2550 1663 servientium
2583 1600 2984 1665 clericorum

1769 1707 1858 1750 ex
1892 1707 2074 1750 more
2104 1688 2489 1751 constituit:
2519 1687 2983 1772 probatasque

1767 1793 2086 1857 personas
2113 1775 2383 1840 honoris
2413 1776 2688 1838 secundi
2721 1777 2984 1840 ordinis

1769 1863 2128 1946 ampliavit.
2191 1873 2291 1946 pi.
2337 1863 2564 1928 Verba
2591 1883 2771 1928 mea.
2847 1867 2985 1930 Λᾶ.

1771 1951 2048 2016 Cinctus
2077 1972 2236 2034 ergo
2267 1951 2439 2016 fide:
2485 1961 2557 2016 et
2601 1952 2986 2017 misericor-

1769 2038 1950 2102 diam
1982 2049 2396 2123 anteponens
2441 2038 2778 2121 paulatim
2811 2043 2986 2104 soci·

1768 2125 1928 2190 abat
1973 2127 2148 2192 deo:
2192 2148 2363 2211 quos
2412 2127 2682 2192 diabolo
2712 2129 2989 2193 subtra-

1766 2212 1985 2280 hebat.
2089 2223 2194 2297 pf.
2287 2215 2578 2278 Domine
2653 2216 2984 2281 dominus

1767 2311 2008 2366 noster.
2097 2305 2230 2368 Αἰί.
2277 2302 2540 2366 Tantas
2598 2323 2721 2386 per
2787 2306 2982 2370 illum

1764 2391 2074 2454 dominus
2161 2391 2568 2472 dignabatur
2653 2411 2986 2458 exercere

1764 2479 2041 2543 virtutes
2067 2500 2081 2542 :
2111 2487 2185 2542 ut
2217 2479 2562 2543 rebellium
2589 2480 2806 2544 corda
2847 2502 2986 2546 non

1766 2567 1983 2630 minus
2030 2566 2364 2630 miraculis
2413 2589 2615 2650 quam
2669 2571 2986 2650 predica-

1764 2654 2056 2719 tionibus
2086 2655 2433 2720 obtineret.
2479 2665 2581 2738 pf.
2629 2655 2988 2722 Conserva

1765 2763 1889 2807 me.
1981 2757 2031 2830 γ
2077 2743 2434 2808 Letamini.
2595 2743 2824 2808 Lectio
2855 2745 2982 2829 iiij.

1763 2835 2098 2964 Beatus
2127 2851 2286 2895 vero
2315 2831 2664 2913 dionysius
2693 2833 2980 2915 galliam
3041 2827 3043 2850 ²

1909 2921 2246 3002 pervenit:
2279 2928 2347 2984 et
2377 2920 2662 3002 parisius
2691 2921 2982 2986 domino

1761 3007 2048 3073 ducente
2114 3009 2406 3072 accessit.
2515 3009 2788 3072 Tantas
2865 3030 2984 3092 per

1763 3094 1950 3159 illum
1982 3097 2293 3160 dominus
2336 3095 2750 3178 dignabatur
2783 3117 2982 3160 exer-

1763 3203 1910 3248 cere
1939 3185 2216 3248 virtutes
2243 3207 2257 3248 :
2289 3193 2364 3248 ut
2388 3183 2742 3248 rebellium
2769 3187 2977 3248 corda
3041 3189 3043 3208 ³

1763 3293 1896 3336 non
1930 3272 2148 3336 minus
2182 3271 2515 3335 miraculis
2567 3291 2784 3354 quam
2835 3294 2980 3356 pre·
3040 3271 3043 3330 ἐ

1761 3360 2206 3424 dicationibus
2237 3359 2587 3423 obtineret.
2653 3360 2830 3424 Post
2861 3361 2978 3425 hec
3040 3411 3043 3434 2

1764 3447 2182 3511 fescenninus
2241 3456 2312 3510 et
2379 3447 2744 3512 sisinnius²
2787 3450 2978 3531 jussu

1763 3533 2111 3599 domitiani
2197 3537 2614 3618 imperatoris
2693 3537 2976 3618 galliam

1763 3631 2116 3704 penetrant
2163 3643 2287 3705 pro
2328 3624 2648 3686 macharii
2679 3625 2979 3705 dyonisii

1761 3711 2230 3793 inquisitione:
2297 3711 2768 3793 parisiusque⁸
2833 3733 2980 3796 per-

1757 3800 2131 3882 tingentes:
2163 3799 2253 3862 ibi
2279 3800 2553 3863 beatum
2582 3800 2980 3883 dyonisium

1761 3888 2327 3971 archiepiscopum
2442 3906 2598 3952 cum
2723 3892 2977 3952 rustico
3041 3921 3043 3926 ·

1759 3975 2333 4059 archipresbytero
2429 3985 2502 4041 et
2597 3975 2978 4041 eleutherio

1758 4063 2264 4130 archidiacono:
2309 4085 2478 4147 quos
2525 4065 2674 4147 ipse
2705 4067 2975 4130 ordina-

1757 4161 1943 4216 verat
1975 4152 2296 4235 populum
2343 4151 2430 4216 ad
2479 4151 2687 4216 fidem
2719 4151 2972 4221 Christi

1761 4240 2154 4305 invenerunt
2227 4239 2728 4306 exhortantem.
2860 4241 2966 4304 Re.

1446 4423 1467 4453 ²
1496 4421 1768 4475 sinsiniusz
1803 4423 1945 4474 R.N.
2249 4425 2270 4455 ⁸
2301 4423 2605 4489 pariusque:
2643 4424 2714 4474 N.
2959 4459 3044 4914 ff
