3117 4959
916 270 978 327 S.
1027 271 1138 328 ΡΑ
1154 271 1294 327 ULI
1338 270 1773 329 APOSTOLI.

627 379 784 435 859

131 483 442 568 apostolus
474 484 759 568 jusserat
789 483 1104 550 obedivit.
1180 484 1288 549 In-

129 573 440 637 sultabant
515 572 718 656 aliqui
779 573 1078 637 dicentes
1155 573 1292 638 Cur

129 661 324 743 perdis
378 679 668 742 pannum
731 661 1099 742 optimum:
1155 680 1287 724 non

128 758 362 811 tantum
395 769 510 831 per
538 768 691 812 eum
723 749 791 811 in
822 749 1048 814 seculo
1079 749 1290 813 lucra-

127 843 272 900 tura.
331 835 562 899 Paulus
589 856 748 899 vero
777 837 952 899 dixit
981 836 1065 900 ad
1099 855 1288 901 eam:

129 923 328 986 Etiam
351 923 484 987 filia
510 924 616 986 hic
647 925 1008 1006 prestolare
1042 924 1290 988 adven-

125 1020 249 1074 tum
279 1031 532 1076 meum:
562 1022 630 1075 et
659 1012 850 1094 signa
880 1012 1110 1076 mortis
1142 1032 1289 1075 mee

125 1100 181 1161 in
249 1119 461 1180 panno
541 1099 664 1163 tibi
739 1099 1055 1163 afferam¹
1134 1119 1286 1163 cum

126 1186 362 1250 Christo
397 1187 542 1268 jam
593 1188 900 1252 victurus,
991 1187 1103 1251 Re.
1156 1188 1288 1251 Re-

121 1275 314 1356 posita
341 1283 440 1337 est
483 1275 646 1338 mihi
690 1295 933 1339 corona
979 1274 1234 1356 justitie
1270 1296 1286 1339 :

123 1381 300 1442 quam
329 1362 558 1427 reddet
589 1362 750 1426 mihi
783 1362 1110 1428 dominus,
1204 1363 1284 1426 In

119 1449 280 1513 illum
309 1449 482 1514 diem
507 1451 730 1533 justus
752 1449 983 1532 judex.
1047 1467 1094 1536 γ
1133 1449 1288 1515 Scio

122 1538 210 1600 cui
237 1539 512 1602 credidi:
563 1547 632 1602 et
660 1547 880 1602 certus
926 1558 1076 1602 sum
1129 1539 1286 1620 quia

119 1635 329 1706 potens
359 1635 458 1689 est
489 1626 874 1708 depositum
907 1646 1129 1690 meum
1154 1645 1288 1689 ser-

117 1733 264 1776 vare.
353 1715 430 1777 In
462 1712 652 1777 illum
683 1713 878 1777 diem.
969 1713 1186 1777 Lectio
1225 1735 1285 1778 v.

115 1803 370 1932 Igitur
397 1821 554 1865 cum
577 1803 854 1866 'sanctus
878 1801 1114 1883 paulus
1139 1821 1288 1883 per-

202 1891 477 1953 venisset
523 1890 612 1953 ad
661 1889 878 1956 locum
912 1889 1235 1971 passionis
1271 1910 1285 1953 ε

115 1975 268 2038 facta
296 1978 597 2041 oratione
628 1977 878 2059 gratias
923 1979 1060 2059 egit
1105 1977 1234 2040 deo
1268 1996 1286 2042 t

115 2073 172 2126 et
193 2063 566 2129 valedicens
597 2064 905 2128 fratribus
935 2065 1287 2127 benedixit

115 2172 226 2215 eos,
310 2153 401 2216 Et
430 2152 652 2235 ligans
681 2152 808 2216 sibi
863 2152 950 2215 de
985 2151 1286 2234 plantille

115 2239 339 2304 mafora
368 2241 640 2305 oculos:
672 2241 738 2303 in
759 2249 1002 2303 terram
1034 2249 1287 2303 utrum-

113 2347 224 2408 que
237 2349 406 2408 genu
431 2329 624 2393 fixit:
655 2328 934 2391 collum²
964 2329 1286 2391 tetendit:

113 2424 168 2477 et
192 2418 545 2499 spiculator
579 2425 779 2500 caput
810 2417 954 2498 ejus
985 2416 1286 2480 abscidit.

113 2502 284 2584 Quod
328 2514 692 2588 postquam
737 2503 1063 2587 precisum
1112 2503 1236 2566 fuit
1271 2525 1286 2568 :

113 2611 324 2656 nomen
353 2595 514 2675 Jesu
545 2593 795 2658 Christi
817 2591 1123 2656 hebraice
1141 2611 1288 2673 per-

111 2682 319 2744 sonuit.
349 2681 648 2747 Stolam⁸
665 2701 799 2763 qua
821 2680 945 2744 sibi
967 2679 1289 2762 ligaverat

113 2768 308 2832 oculos
349 2789 504 2834 eum
551 2767 805 2833 vellent
835 2787 1103 2850 rapere:
1151 2789 1284 2832 non

114 2859 466 2938 comparuit.
629 2856 954 2921 Videntes
1057 2864 1284 2918 autem

115 2947 354 3008 omnes⁴
397 2945 515 3028 qui
548 2945 832 3010 aderant
863 2943 1144 3026 gratiam
1175 2943 1284 3006 dei

113 3030 168 3092 in
193 3031 378 3097 beato
406 3032 726 3116 apostolo
770 3031 1077 3095 admirati
1130 3039 1286 3095 sunt

113 3118 304 3183 valde:
325 3120 682 3186 laudantes
697 3120 1041 3184 dominum
1055 3120 1284 3201 Jesum

113 3205 437 3273 Christum.
577 3210 696 3273 Re.
818 3207 988 3270 Mihi
1062 3207 1286 3271 vivere

115 3293 383 3361 Christus
443 3305 550 3362 est
591 3317 606 3362 ε
652 3305 722 3359 et
782 3296 949 3359 mori
1011 3293 1288 3359 lucrum.

113 3380 358 3448 Gloriari
391 3405 502 3449 me
535 3393 807 3468 oportet
837 3384 904 3446 in
944 3403 1138 3446 cruce
1167 3383 1289 3446 do-

113 3471 246 3534 mini
295 3474 424 3536 mei
487 3475 656 3555 Jesu
719 3471 980 3537 Christi.
1075 3488 1119 3557 γ
1167 3471 1292 3534 Per

111 3575 278 3637 quern
339 3561 504 3624 mihi
577 3561 866 3623 mundus
932 3558 1288 3623 crucifixus

111 3655 232 3710 est:
271 3660 336 3713 et
365 3669 498 3732 ego
531 3648 806 3714 mund0.
866 3645 1148 3712 Gloriari
1183 3667 1290 3708 me

111 3745 358 3814 oportet.
953 3734 1172 3798 Lectio
1202 3734 1283 3816 vj.

109 3824 606 3954 Revertentes
664 3842 823 3887 vero
883 3823 998 3906 qui
1075 3819 1292 3884 missi*⁵

233 3912 488 3977 fuerant
548 3934 591 3977 a
641 3931 864 3976 cesare
922 3909 1291 3974 accelerare

109 4013 306 4063 necem
339 4001 676 4084 apostoli:
720 4006 1161 4083 pervenerunt
1203 3998 1290 4062 ad

109 4097 340 4164 portam
403 4090 522 4152 ubi
587 4089 978 4152 invenerunt
1025 4085 1292 4168 plantil-

1896 379 2059 438 860

1393 485 1693 550 irrisione
1750 505 1873 551 cur
1928 495 2132 570 caput
2201 507 2395 552 suum
2456 505 2593 553 non

1390 574 1677 656 operiret
1706 595 1861 638 cum
1896 575 2151 638 mafora
2196 595 2396 658 quam
2445 598 2591 659 pre-

1389 661 1650 726 stiterat
1682 662 1898 744 pau10.
2006 663 2159 746 Que
2204 665 2505 728 extraxit
2550 685 2593 728 a

1391 749 1538 812 sinu
1587 770 1709 812 suo
1754 770 2051 833 pannum
2084 753 2408 834 sanguine
2439 773 2589 834 per-

1389 835 1649 901 fusum:
1682 857 1881 919 quem
1914 839 1975 901 ei
2006 838 2319 902 attulerat
2352 839 2588 921 paulus

1389 925 1751 1006 apostolus„
1846 926 2005 1007 Ipsa
2060 947 2217 990 vero
2276 927 2389 990 die
2446 947 2585 1010 qua

1388 1012 1752 1076 decollatus
1804 1024 1907 1077 est
1968 1015 2309 1095 apostolus
2343 1035 2360 1078 ε
2405 1016 2588 1078 venit

1387 1100 1559 1163 circa
1578 1100 1809 1164 horam
1820 1121 2065 1164 nonam
2079 1102 2301 1182 januis
2320 1101 2589 1166 clausis:

1386 1189 1705 1270 stetitque
1757 1197 1916 1252 ante
1962 1209 2323 1254 neronem:
2369 1199 2438 1254 et
2477 1191 2589 1255 ait.

1391 1274 1599 1339 Cesar
1626 1296 1780 1340 ecce
1816 1297 1942 1359 ego
1970 1277 2247 1360 paulus:
2277 1277 2383 1341 vel
2414 1297 2591 1342 nunc

1385 1364 1583 1427 crede
1642 1365 1799 1446 quia
1850 1384 1985 1428 non
2033 1384 2181 1428 sum
2238 1375 2589 1430 mortuus:

1385 1453 1504 1514 sed
1536 1452 1690 1514 vivo
1732 1451 1862 1516 deo
1908 1473 2076 1516 meo,
2166 1452 2322 1516 Tibi
2360 1463 2585 1518 autem

1387 1547 1593 1602 restat
1624 1548 1891 1610 eternus
1922 1539 2243 1604 interitus,
2339 1540 2429 1604 Et
2460 1540 2584 1606 hec

1387 1626 1615 1689 dicens
1644 1627 1986 1709 disparuit.
2078 1629 2263 1690 Nero
2312 1626 2416 1691 his
2468 1649 2585 1692 au-

1387 1713 1583 1777 ditis:
1629 1714 1811 1778 velut
1859 1735 2091 1778 amens
2140 1714 2411 1779 effectus
2466 1737 2585 1778 ex-

1387 1801 1671 1883 piravit.⁶
1764 1802 1965 1868 Unde
2014 1811 2081 1866 et
2132 1822 2253 1865 nos
2306 1803 2585 1885 preciosi

1388 1889 1674 1970 apostoli
1720 1890 1820 1953 sui
1867 1889 2046 1972 pauli
2114 1891 2585 1954 intercessione

1388 1996 1428 2039 a
1448 1975 1819 2040 laboribus⁷
1844 1978 2087 2041 eternis
2106 1978 2341 2059 eripiat
2364 1977 2587 2043 Chris-

1388 2072 1496 2126 tus
1541 2065 1851 2128 dominus
1896 2066 2012 2148 qui
2056 2065 2219 2128 vivit
2251 2075 2319 2128 et
2350 2075 2587 2149 regnat

1386 2153 1552 2214 deus
1584 2153 1652 2214 in
1699 2152 1921 2216 secula
1952 2152 2322 2216 seculorum
2370 2173 2585 2218 amen.

1384 2239 1498 2302 Re.
1580 2239 1894 2303 Damasci
1948 2241 2322 2322 prepositus
2366 2243 2586 2323 gentis

1388 2327 1615 2390 arethe
1647 2329 1817 2410 regis
1863 2328 2072 2391 voluit
2123 2348 2228 2390 me
2281 2348 2585 2411 compre-

1386 2413 1679 2479 hendere
1725 2436 1767 2478 a
1815 2415 2123 2479 fratribus
2154 2436 2273 2498 per
2302 2437 2583 2481 murum.

1389 2502 1555 2567 Sum
1620 2503 1857 2566 missus
1919 2503 1986 2566 in
2046 2513 2315 2586 sporta:
2364 2513 2432 2567 et
2492 2505 2587 2568 sie

1387 2591 1565 2654 evasi
1598 2611 1835 2654 manus
1866 2589 2009 2672 ejus
2054 2592 2123 2654 in
2167 2592 2435 2655 nomine
2464 2592 2589 2655 do-

1387 2679 1565 2742 mini.
1655 2695 1706 2766 y
1752 2680 1939 2743 Deus
1986 2687 2056 2742 et
2099 2689 2292 2761 pater
2333 2679 2587 2743 domini

1389 2768 1522 2830 mei
1559 2767 1719 2848 Jesu
1772 2766 2017 2831 Christi
2070 2767 2197 2830 scit
2244 2767 2403 2848 quia
2452 2787 2587 2830 non

1387 2855 1687 2918 mentior.
1782 2854 1966 2919 Sum.
2066 2853 2307 2918 Gloria.
2400 2853 2585 2919 Sum.

1383 2943 1468 3006 In
1501 2941 1687 3005 tertio
1716 2951 2018 3004 nocturno
2045 2950 2147 3004 aii.
2200 2941 2441 3006 Saulus
2473 2943 2586 3025 qui

1385 3039 1454 3094 et
1507 3029 1745 3110 paulus
1796 3049 2077 3110 magnus
2127 3030 2501 3110 predicator
2544 3051 2587 3093 a

1387 3118 1517 3181 deo
1567 3116 1977 3181 confortatus
2028 3116 2534 3182 convalescebat
2570 3139 2587 3182 ε

1387 3214 1456 3269 et
1515 3204 1967 3268 confundebat
2013 3203 2271 3285 judeos,
2363 3221 2411 3290 γ
2456 3205 2589 3270 Os-

1386 3293 1673 3357 tendens
1732 3292 1889 3374 quia
1948 3291 2055 3356 hic
2114 3300 2216 3355 est
2283 3292 2589 3357 Christus

1387 3381 1560 3445 filius
1594 3380 1702 3444 dei
1731 3379 1881 3444 vivi.
1936 3389 2038 3461 pff.
2086 3379 2587 3446 Confitebimur.

1387 3469 1522 3532 Ar‘i.
1545 3469 1651 3532 Ne
1684 3467 2077 3550 magnitudo
2109 3468 2587 3533 revelationum

1391 3556 1677 3620 extollat
1770 3576 1876 3619 me
1970 3557 2167 3620 datus
2244 3565 2345 3621 est
2420 3558 2584 3621 mihi

1389 3643 1743 3708 stimulus⁸
1787 3643 2065 3726 angelus
2093 3645 2375 3709 sathane
2410 3665 2431 3710 τ
2472 3645 2587 3727 qui

1389 3753 1499 3796 me
1557 3730 1931 3813 colaphiset
1982 3751 1999 3795 ε
2073 3737 2346 3815 pro‘pter
2404 3733 2585 3815 quod

1391 3819 1737 3884 dominum
1756 3818 1783 3858 ⁹
1811 3820 2077 3902 rogavi:
2124 3829 2199 3884 ut
2229 3820 2595 3884 auferretur

1391 3929 1434 3972 a
1485 3928 1647 3972 me:
1692 3916 1761 3970 et
1808 3907 1985 3972 dixit
2028 3906 2193 3970 mihi
2239 3908 2591 3971 dominus:

1390 3996 1633 4060 sufficit
1664 3995 1785 4058 tibi
1815 3995 2012 4077 paule
2042 3995 2257 4075 gratia
2287 4014 2453 4058 mea.
2546 4011 2594 4080 γ

1394 4086 1573 4147 Nam
1588 4084 1635 4122 ¹⁰
1650 4084 1859 4146 virtus
1889 4084 1957 4146 in
1990 4081 2373 4145 infirmitate
2398 4081 2595 4164 perfi-

111 4170 256 4240 lam:
301 4187 368 4240 et
401 4177 894 4259 interrogantes
940 4195 1090 4238 eam
1136 4192 1287 4237 cum
1391 4172 1580 4236 citur.
1717 4179 1817 4252 pf.
1898 4171 2231 4233 Dominus
2292 4171 2597 4252 regnavit

193 4311 204 4340 ¹
237 4312 434 4362 efferam
462 4331 476 4362 ε
515 4312 572 4362 S.
857 4313 878 4343 ²
909 4311 1110 4362 colum:
1147 4309 1210 4359 R.
1460 4309 1480 4339 ⁸
1514 4307 1680 4358 Stola:
1706 4305 1845 4357 ΚΝ.
2043 4306 2063 4335 ⁴
2101 4308 2117 4332 ‘
2136 4303 2339 4354 omnes’
2362 4321 2500 4356 om.:
2535 4307 2589 4356 S.

191 4380 210 4408 ⁸
233 4376 388 4441 jussi:
423 4377 572 4428 R.N.
1119 4378 1142 4408 ⁸
1175 4374 1412 4440 expavit:
1449 4374 1589 4423 ΚΝ.
1930 4373 1949 4400 '
1984 4369 2295 4422 laboriosus:
2329 4371 2398 4422 N.

196 4443 214 4472 ⁸
248 4443 601 4494 ‘carnismee'
625 4442 766 4494 add:
801 4443 866 4494 N.

1130 4445 1151 4474 θ
1189 4441 1320 4491 ‘ter'
1345 4439 1484 4490 add:
1520 4437 1661 4490 ΚΝ.

1940 4435 1979 4468 ¹·
2012 4451 2115 4486 non
2136 4455 2150 4487 z
2185 4437 2255 4488 N.
