3117 4959
1542 217 1648 272 IN
1689 216 1960 272 FESTO

1028 326 1161 382 178

490 452 610 496 sua
639 430 929 515 puericia
975 429 1269 494 moribus
1316 427 1694 494 sobrietatis

490 541 569 584 ac
631 520 948 602 pudicitie
1009 519 1228 601 plena.
1320 517 1469 584 Hec
1537 537 1690 582 cum

489 629 645 672 suas
674 617 973 690 pasceret
1018 627 1175 672 oves
1221 607 1287 670 in
1332 606 1692 689 campestri

490 695 678 760 loco:
726 696 929 760 nimia
975 694 1239 778 perfusa
1268 702 1372 760 est
1417 695 1642 777 pluvia
1675 716 1692 760 :

492 793 560 849 et
590 786 684 848 sic
714 783 1043 848 humectis
1088 782 1382 848 vestibus
1413 784 1692 848 domum

492 873 701 937 rediit.
796 871 888 936 Et
947 891 1099 935 cum
1160 871 1397 936 umbra
1460 870 1693 936 solaris

492 981 610 1043 per
683 960 1009 1024 foramina
1068 960 1307 1024 domus
1368 958 1693 1024 intraret:

491 1050 776 1132 desuper
795 1067 985 1112 suam
1009 1047 1419 1130 complutam
1437 1057 1693 1112 vestem

490 1137 856 1220 suspendit.
949 1136 1194 1219 Sicque
1242 1137 1311 1199 in
1356 1136 1503 1218 ipso
1548 1155 1698 1198 um-

492 1225 761 1290 braculo
835 1226 1034 1289 vestis
1127 1223 1240 1288 illa
1313 1224 1637 1306 pependit
1679 1244 1694 1287 :

492 1323 815 1396 tanquam
877 1313 944 1376 in
1006 1313 1240 1378 arbore
1311 1313 1547 1394 grandi
1624 1321 1694 1376 et

490 1401 697 1466 firma.
1372 1400 1594 1464 Lectio
1624 1399 1692 1482 ij.

488 1491 689 1624 M
702 1488 915 1553 irabili
983 1508 1252 1572 quoque
1300 1497 1543 1552 eventu
1604 1489 1692 1552 ab

712 1577 841 1642 hac
882 1576 1243 1640 venerabili
1289 1576 1551 1658 brigida
1597 1575 1692 1640 le-

490 1665 668 1749 prosi
786 1666 1133 1730 cervisiam
1240 1664 1689 1747 postulabant.

490 1755 799 1837 Cumque
850 1754 965 1818 illa
1014 1753 1355 1818 cervisiam
1403 1773 1535 1816 non
1569 1751 1690 1816 ha·

488 1842 674 1906 beret
710 1863 727 1908 :
769 1842 1000 1906 videns
1046 1860 1291 1924 aquam
1332 1840 1419 1904 ad
1452 1841 1690 1905 balnea

490 1939 841 2014 paratam:
888 1939 955 1994 et
1014 1949 1168 1993 cum
1231 1929 1474 1993 virtute
1534 1929 1688 1993 fidei

490 2019 928 2083 benedicens:
961 2017 1029 2080 in
1059 2018 1385 2100 optimam
1416 2037 1691 2082 conver-

490 2109 573 2172 tit
647 2107 1029 2172 cervisiam:
1086 2114 1155 2169 et
1228 2105 1691 2170 habundanter

488 2195 867 2260 sitientibus
895 2194 1141 2259 tribuit.
1234 2193 1544 2278 Quedam
1566 2195 1693 2258 eti·

486 2303 597 2348 am
629 2283 716 2346 ad
746 2303 894 2346 eam
926 2281 1235 2346 veniebat
1274 2281 1375 2345 sal
1404 2290 1643 2364 petens
1674 2301 1690 2346 :

488 2373 764 2454 ipsaque
786 2371 855 2436 in
874 2369 989 2434 illa
1007 2371 1169 2434 hora
1191 2367 1289 2433 sal
1321 2370 1571 2435 factum
1602 2370 1689 2434 de

488 2461 741 2542 lapide:
764 2479 965 2542 quem
984 2457 1362 2524 benedixit:
1386 2457 1688 2542 poscenti

484 2547 885 2613 sufficienter
912 2545 1153 2629 largita
1173 2553 1291 2614 est.
1412 2546 1556 2611 Lec.
1587 2545 1686 2628 iij.

677 2656 789 2701 am
856 2635 1220 2700 secundum
1294 2633 1684 2717 exemplum

676 2723 983 2790 domini:
1086 2731 1155 2788 et
1240 2720 1366 2788 hec
1452 2731 1688 2788 sancta

482 2812 670 2895 virgo
728 2813 959 2878 oculos
1014 2811 1155 2876 ceci
1214 2809 1356 2878 nati
1406 2810 1684 2892 aperuit.

483 2899 845 2984 Quandam
867 2901 1070 2965 etiam
1090 2898 1403 2963 feminam
1428 2907 1684 2962 mutam

483 2991 785 3055 oratione
841 3009 963 3054 sua
1022 2987 1179 3053 fecit
1220 3005 1368 3052 esse
1413 2987 1686 3052 sanissi-

484 3099 685 3146 mam.
776 3076 1089 3161 Leprosis
1146 3073 1359 3140 tribus
1415 3095 1535 3140 vas
1582 3095 1688 3138 ar-

481 3177 798 3250 genteum
856 3164 1190 3230 contulit:
1233 3172 1305 3229 et
1362 3181 1449 3227 ne
1508 3173 1685 3226 esset

484 3256 765 3321 materia
836 3251 1164 3317 discordie
1236 3249 1434 3334 fregit
1466 3269 1485 3316 :
1558 3271 1684 3316 nec

482 3344 619 3409 ulla
668 3362 822 3429 pars
871 3341 1001 3406 alia
1049 3341 1268 3404 minor
1312 3337 1417 3404 vel
1470 3337 1686 3422 major

483 3433 757 3496 inventa
806 3439 925 3496 est.
1036 3427 1186 3493 Hec
1232 3447 1389 3492 vero
1446 3436 1684 3492 sancta

481 3521 669 3602 virgo
698 3517 959 3601 brigida
989 3517 1205 3598 prima
1234 3514 1344 3580 die
1368 3515 1387 3554 ¹
1432 3515 1682 3580 mensis

478 3607 788 3674 februarii
828 3606 1154 3669 sarcinam
1187 3601 1431 3685 dejecit
1465 3603 1682 3668 carnis

476 3707 546 3761 et
576 3715 825 3778 agnum
857 3693 968 3757 dei
992 3694 1057 3756 in
1078 3689 1431 3757 celestibus
1452 3700 1683 3756 secuta

476 3794 577 3849 est
612 3781 1099 3848 mansionibus:
1146 3800 1275 3862 que
1320 3797 1444 3844 nos
1474 3781 1679 3843 etiam

472 3874 625 3937 illuc
674 3873 811 3936 suis
864 3869 1130 3934 attollat
1179 3868 1517 3950 precibus:
1565 3868 1678 3931 ubi

474 3983 624 4027 cum
686 3961 961 4026 domino
1022 3959 1277 4041 gaudet
1325 3957 1392 4021 in
1454 3956 1680 4020 secula

469 4051 840 4115 seculorum
874 4067 1088 4112 amen.
1163 4043 1487 4111 Ceterade
1512 4065 1676 4106 com·

468 4139 660 4202 muni
675 4137 869 4201 unius
889 4134 1178 4218 virginis
1196 4154 1321 4198 non
1342 4132 1676 4214 martyris.

467 4233 533 4309 (s
578 4228 665 4290 In
706 4226 885 4308 festo
942 4221 1431 4308 purzficatiomssr
1503 4221 1681 4284 beate

464 4315 689 4382 marie.
778 4314 901 4380 Ad
935 4322 1229 4394 vesperas
1256 4319 1365 4378 aii.
1458 4309 1521 4376 O
1556 4311 1674 4373 ad-

658 4441 673 4470 ¹
715 4435 1001 4487 ‘die’bisz
1036 4435 1118 4484 W.

1324 4435 1346 4463 ¹
1385 4437 1399 4462 ⁸
1422 4433 1658 4483 Simeon’
1697 4432 1882 4500 passim
1909 4451 1922 4483 ε
1957 4433 2020 4484 G.

2343 327 2468 380 174

1795 428 2110 500 mirabile.
2159 439 2223 502 et
2269 441 2464 494 cetere
2511 429 2862 512 antiphone
2907 452 3008 496 se-

1791 528 2049 600 quentes
2094 539 2239 580 cum
2274 519 2561 599 psalmis
2588 519 2669 584 de
2710 520 3006 584 domina.

1797 607 2058 738 Ecce
2089 627 2218 688 ego
2237 607 2434 670 mitto
2457 607 2769 690 angelum
2821 607 3008 692 [Cap.

1946 715 2211 760 meum:
2253 696 2367 778 qui
2411 695 2791 778 preparabit
2822 697 3004 760 viam

1797 792 1956 847 ante
2015 783 2253 847 faciem
2315 794 2553 849 tuam:
2627 793 2696 848 et
2769 785 3004 849 statim

1795 871 2015 935 veniet
2047 871 2134 934 ad
2181 872 2506 954 templum
2551 881 2858 937 sanctum
2889 895 3006 936 su-

1797 980 1912 1023 um
1966 959 2345 1024 dominator
2402 961 2750 1028 dominus:
2797 982 3006 1044 quem

1796 1067 1918 1111 vos
1978 1049 2289 1130 queritis:
2335 1057 2405 1112 et
2458 1049 2737 1131 angelus
2795 1058 3007 1114 testa-

1799 1137 2059 1200 menti:
2106 1157 2306 1218 quem
2367 1157 2487 1200 vos
2547 1138 2764 1202 vultis.
2887 1138 3006 1202 Re.

1797 1223 2043 1287 Videte
2081 1224 2490 1288 miraculum.
2669 1225 3004 1306 Hymnus.

1933 1313 2066 1375 uod
2116 1313 2353 1376 chorus
2401 1322 2630 1376 vatum
2679 1334 3006 1378 veneran-

1932 1401 2058 1464 dus
2077 1400 2236 1464 olim
2257 1402 2490 1484 spiritu
2509 1412 2744 1466 sancto
2759 1404 3006 1468 cecinit

1797 1486 2088 1570 repletus
2135 1489 2201 1552 in
2248 1489 2356 1552 dei
2389 1488 2638 1554 sactum
2679 1491 3007 1572 genitrice

1795 1585 2059 1640 constat
2105 1597 2249 1640 esse
2296 1579 2517 1642 maria.
2610 1578 2765 1644 Hec
2795 1580 3002 1643 deum

1795 1663 1920 1728 celi
1981 1665 2460 1749 dominumque
2549 1674 2722 1730 terre
2811 1669 3003 1749 virgo

1794 1753 2138 1835 concepit:
2185 1754 2573 1836 peperitque
2621 1755 2854 1837 virgo:
2900 1766 3000 1819 at·

1794 1860 1926 1924 que
1958 1850 2112 1923 post
2141 1851 2407 1924 partum
2455 1843 2695 1907 meruit
2729 1864 3002 1908 manere

1794 1928 2128 1998 inviolata.
2225 1929 2438 2008 Quem
2499 1951 2710 1996 senex
2779 1932 3002 2012 justus

1793 2022 2103 2097 symeon¹
2123 2018 2188 2081 in
2203 2018 2376 2082 ulnis
2397 2019 2463 2081 in
2483 2018 2690 2084 domo
2711 2023 3004 2103 sumpsit

1793 2103 2045 2168 domini
2059 2107 2326 2188 gavisus
2350 2107 2474 2170 οἱ)8
2497 2109 2678 2190 quod
2689 2117 3000 2191 optatum

1794 2193 2037 2258 meruit
2083 2195 2305 2258 videre
2349 2194 2602 2260 lumine
2633 2196 2996 2262 Christum.

1803 2281 1900 2346 Tu
1935 2281 2144 2346 libens
2190 2283 2362 2347 votis
2402 2284 2692 2365 petimus
2721 2303 2998 2367 precan-

1791 2376 1934 2433 tum
1967 2369 2140 2452 regis
2183 2371 2395 2434 eterni
2441 2372 2734 2454 genitrix
2777 2372 2998 2438 faveto

1791 2455 2100 2540 claraque
2159 2458 2316 2524 celsi
2385 2460 2676 2525 renitens
2736 2460 2996 2544 olympi

1791 2564 1997 2627 regna
2057 2547 2298 2629 petisti.
2402 2546 2516 2612 Sit
2573 2549 2706 2614 deo
2767 2559 2996 2614 nostro

1790 2632 1994 2700 decus
2011 2643 2080 2698 et
2099 2643 2398 2717 potestas
2415 2636 2502 2700 sit
2521 2635 2700 2701 salus
2723 2658 2994 2720 perpes:

1787 2721 1876 2786 sit
1948 2721 2163 2787 honor
2221 2723 2614 2806 perhennis:
2681 2727 2798 2808 qui
2861 2726 2995 2809 poli

1786 2829 2050 2874 summa
2081 2811 2326 2876 residet
2376 2811 2443 2878 in
2490 2833 2639 2878 arce
2670 2815 2890 2880 trinus
2933 2825 2998 2882 et

1790 2917 1977 2962 unus,
2099 2899 2344 2964 Amen.
2457 2916 2508 2986 γ
2569 2903 2996 2986 Responsum

1789 2985 2047 3069 accepit
2092 3007 2372 3070 symeon
2420 3010 2462 3053 a
2507 2991 2997 3072 spiritusanctO.

1793 3073 1948 3138 Non
2009 3074 2303 3140 visurum
2379 3097 2453 3142 se
2519 3087 2810 3144 mortem
2875 3080 2995 3144 nisi

1789 3162 2044 3228 videret
2072 3163 2437 3231 dominum.
2515 3166 2598 3230 In
2627 3187 2862 3249 evang.
2893 3177 2995 3240 aii.

1791 3249 1964 3316 Cum
1999 3251 2386 3318 inducerent
2431 3273 2711 3336 puerum
2759 3257 2992 3338 Jesum

1788 3349 2098 3420 parentes
2142 3340 2326 3422 ejus:
2373 3344 2630 3425 accepit
2677 3363 2837 3408 eum
2891 3365 2998 3427 sy-

1789 3447 1986 3492 meon
2019 3428 2084 3490 in
2118 3429 2310 3492 ulnas
2338 3449 2525 3495 suas:
2554 3441 2623 3496 et
2643 3431 2995 3498 benedixit

1785 3516 1986 3579 deum
2018 3517 2291 3583 dicens:
2335 3539 2512 3584 nunc
2556 3519 2846 3586 dimittis
2877 3522 2994 3584 do·

1787 3604 1967 3668 mine
1996 3624 2256 3668 servum
2305 3613 2498 3672 tuum
2529 3607 2595 3672 in
2627 3627 2816 3690 pace.
2893 3619 2991 3691 pf.

1787 3691 2195 3774 Magnificat.
2743 3697 2990 3763 Oratio.

1782 3781 2082 3912 Erudi
2129 3801 2492 3864 quesumus
2529 3782 2806 3850 domine
2857 3785 2989 3868 ple·

1937 3869 2088 3932 bem
2120 3878 2305 3934 tuam
2337 3881 2407 3934 et
2426 3891 2557 3953 que
2575 3873 2990 3938 extrinsecus

1784 3976 2007 4019 annua
2026 3958 2260 4023 tribuis
2284 3959 2640 4024 devotione
2657 3962 2990 4026 venerari:

1784 4044 2175 4110 intrinsecus
2251 4049 2511 4128 assequi
2586 4050 2806 4130 gratie
2881 4058 2994 4114 tue

1781 4131 1926 4196 luce
1989 4134 2296 4198 concede.
2422 4135 2546 4200 Per
2619 4139 2988 4204 dominum.

1780 4221 2113 4285 Memoria
2141 4223 2222 4286 de
2247 4224 2376 4287 Lex.
2399 4223 2466 4288 si
2477 4226 2834 4307 contingat.
2879 4227 2996 4290 Ad

1779 4311 2248 4393 completorium
2279 4320 2387 4376 ar't’.
2463 4313 2766 4378 Verbum
2821 4335 2986 4382 caro,

2251 4436 2272 4466 ⁸
2305 4436 2714 4501 pro‘ob'hoc:
2751 4439 2807 4490 S.
