3117 4959
932 275 994 332 S.
1043 274 1430 332 MARTJNJ
1470 273 1866 330 EPISCOPI.

682 383 831 440 687

156 489 461 554 animam.
554 489 699 552 Nos
729 507 889 571 ergo
931 494 1075 551 tam
1120 485 1351 550 ineffa-

1953 381 2000 437 6
2010 380 2055 437 8
2065 381 2111 438 8

1451 495 1592 550 tera
1611 485 1691 550 de
1710 487 2038 550 communi
2057 485 2256 550 unius
2273 505 2382 548 con
2371 483 2652 567 sessoris

154 578 300 642 bilis
330 578 449 642 viri
470 576 799 660 suffragiis
830 576 1233 641 corroborati
1258 575 1344 638 ad
1432 575 1766 658 pontificis·
1822 595 1967 638 cum
2025 574 2312 638 oratione
2354 573 2646 655 propria.

156 666 266 731 illa
296 667 633 749 pervenire
664 684 1034 728 mereamur
1062 663 1347 744 gaudia:

157 754 265 817 ubi
312 756 453 837 ipse
484 773 635 819 cum
668 753 913 816 sanctis
962 752 1229 816 exultat
1278 751 1345 814 in

155 843 373 905 secula
445 842 818 905 seculorum
894 860 1107 904 amen.
1228 839 1343 904 Re.

158 929 482 994 Martinus
530 928 778 992 abrahe
824 929 972 992 sinu
1024 928 1193 991 letus
1224 947 1345 990 ex-

154 1019 434 1100 cipitur:
482 1019 807 1081 martinus
838 1017 943 1079 hic
974 1035 1231 1099 pauper
1278 1022 1347 1078 et

152 1107 468 1170 modicus.
562 1105 797 1170 Celum
829 1105 1015 1168 dives
1060 1103 1348 1184 ingredi-

150 1202 298 1258 tur:
342 1193 609 1276 hymnis
659 1193 1013 1262 celestibus
1063 1192 1349 1256 honora·

148 1291 273 1346 tur.
351 1299 398 1368 γ
444 1281 775 1345 Martinus
823 1281 1173 1363 episcopus
1226 1279 1346 1341 mi-

147 1369 368 1452 gravit
419 1390 461 1434 a
506 1369 731 1433 seculo
782 1369 946 1433 vivit
975 1368 1042 1431 in
1076 1367 1345 1433 Christo

146 1477 421 1540 gemma
510 1457 949 1521 sacerdotum.

148 1546 400 1612 Gloria.
492 1545 745 1610 Celum.
822 1552 926 1626 pff.
972 1543 1074 1607 Te
1126 1543 1345 1607 deum.

146 1651 197 1720 γ
247 1633 387 1699 Ora
432 1653 555 1716 pro
602 1633 810 1696 nobis.
909 1632 997 1695 In
1040 1631 1349 1694 laudibus

144 1721 575 1855 Dixerunt
604 1718 907 1803 discipuli
952 1719 1345 1803 [antiphona.

309 1811 392 1873 ad
454 1810 726 1873 beatum
790 1810 1186 1872 martinum:
1234 1826 1350 1870 cur

144 1917 276 1962 nos
329 1907 519 1980 pater
562 1898 854 1961 deseris:
902 1905 1019 1959 aut
1066 1895 1171 1959 cui
1224 1915 1347 1958 nos

145 1986 487 2050 desolatos
562 1983 878 2067 relinquis
932 2005 948 2048 ε
1031 1983 1349 2047 invadent

144 2074 328 2138 enim
361 2093 632 2156 gregem
666 2082 855 2136 tuum
888 2071 1025 2154 lupi
1058 2091 1348 2153 rapaces,

126 2172 237 2244 pf.
288 2162 619 2225 Dominus
648 2161 965 2243 regnavit.
1024 2161 1159 2224 Αῆ.
1209 2159 1351 2222 Do-

143 2250 333 2313 mine
382 2251 438 2312 si
488 2249 702 2313 adhuc
752 2246 1003 2331 populo
1046 2257 1166 2312 tuo
1201 2267 1349 2310 suin

145 2337 563 2402 necessarius
612 2356 745 2400 non
791 2356 1021 2400 recuso
1054 2334 1349 2398 laborem

141 2425 271 2491 fiat
322 2425 633 2489 voluntas
684 2433 818 2488 tua.
894 2433 995 2505 pff.
1036 2423 1348 2506 Jubilate.

141 2516 291 2578 Αῇ.
338 2513 401 2578 Ο
433 2514 646 2576 virum
668 2511 1071 2576 ineffabilem
1104 2531 1224 2575 nec
1255 2510 1353 2575 la-

142 2602 315 2666 bore
358 2602 608 2666 victum
654 2620 777 2664 nec
830 2610 1043 2665 morte
1083 2601 1349 2664 vincen-

139 2691 360 2754 dum:
406 2689 520 2773 qui
552 2708 673 2753 nec
703 2689 869 2752 mori
916 2689 1181 2752 timuit:
1227 2707 1351 2751 nec

140 2779 373 2844 vivere
405 2777 743 2841 recusavit.
818 2785 918 2858 pff.
968 2775 1155 2840 Deus
1184 2775 1351 2839 deus

144 2885 359 2930 meus,
448 2867 583 2929 Αῆ.
632 2864 863 2930 Oculis
912 2884 989 2927 ac
1044 2863 1351 2927 manibus

143 2956 222 3018 in
256 2953 472 3018 celum
503 2973 765 3035 semper
810 2953 1102 3016 intentus
1148 2953 1353 3016 invic-

142 3051 299 3108 tum
359 3043 447 3106 ab
492 3041 792 3105 oratione
851 3041 1154 3123 spiritum
1216 3059 1350 3103 non

142 3129 505 3194 relaxabat
552 3129 699 3192 all'a
745 3128 912 3193 all’a.
996 3137 1091 3210 pff.
1141 3129 1351 3192 Bene-

140 3219 370 3282 dicite.
432 3219 565 3282 Αῇ.
609 3217 671 3282 O
704 3216 1109 3280 ineffabilem
1138 3218 1352 3280 virum

144 3325 279 3390 per
321 3325 522 3389 quem
570 3306 763 3369 nobis
794 3313 985 3368 tanta
1037 3304 1356 3368 miracula

138 3395 565 3459 choruscant.
643 3401 743 3475 pf.
792 3393 1115 3456 Laudate.
1204 3393 1355 3475 Cap.

140 3483 719 3548 Benedictionem.
828 3481 1139 3561 Hymnus
1194 3481 1355 3562 Jesu

138 3570 553 3652 redemptor.
645 3587 692 3656 γ
736 3570 967 3651 Justus
1020 3570 1355 3650 germina-

138 3659 273 3724 bit.
364 3659 451 3720 Jn
480 3676 734 3739 evange.
767 3665 874 3721 aii.
968 3655 1031 3720 O
1066 3666 1355 3738 quantus

136 3749 371 3812 luctus
402 3747 698 3809 omnium
746 3753 1001 3828 quanta
1045 3745 1355 3828 precipue

136 3837 451 3901 lamenta
510 3833 987 3897 monachorum
1041 3842 1109 3896 et
1156 3835 1353 3916 virgi-

140 3942 317 3988 num
351 3921 567 3986 choris
592 3921 651 3986 ¹:
699 3921 901 4003 quia²
930 3929 999 3985 et
1030 3921 1213 4003 pium
1256 3931 1358 3986 est

138 4010 449 4094 gaudere
512 4011 799 4073 martino
860 4019 928 4072 et
991 4011 1176 4092 pium
1253 4019 1356 4074 est

136 4099 311 4164 flere
344 4099 717 4162 martinum.
794 4105 895 4180 psi
935 4099 1353 4163 Benedictus

148 4186 394 4252 Oratio
440 4188 626 4250 Deus
658 4185 769 4268 qui
802 4186 1148 4268 conspicis,
1240 4185 1365 4250 Ad

138 4275 349 4340 horas
377 4274 721 4357 antiphone
747 4275 827 4337 de
852 4274 1169 4338 laudibus.
1246 4275 1357 4340 Ce-

560 4451 571 4480 '
608 4448 786 4498 chorus
813 4466 824 4498 :
864 4449 923 4498 R.

1088 1453 1345 1520 Celum.
1370 1525 1375 1531 ,

1446 663 1578 726 Ad
1599 675 1892 744 vesperas
1917 661 2264 743 antiphone
2301 661 2383 725 de
2428 661 2646 724 laudi-

1448 749 1568 814 bus
1587 771 1732 814 cum
1739 752 2019 834 psalmis
2019 750 2394 830 ferialibus.
2449 749 2640 831 Capi-

1445 839 1658 902 tulum
1749 840 2310 904 Benedictionem.
2429 837 2645 919 Hym-

1444 947 1572 990 nus
1627 928 1790 1008 Jesu
1837 929 2232 1011 redemptor.
2337 941 2387 1013 y
2431 926 2644 990 Ama·

1442 1015 1554 1079 vit.
1646 1016 1732 1079 In
1774 1036 1998 1098 evang.
2062 1025 2169 1080 an.
2261 1013 2324 1079 O
2369 1015 2642 1079 beatum

1444 1103 1829 1186 pontificem
1891 1105 2005 1187 qui
2067 1104 2226 1168 totis
2283 1102 2642 1167 visceribus

1444 1191 1768 1273 diligebat
1831 1192 2166 1256 Christum
2226 1211 2496 1274 regem:
2573 1199 2642 1254 et

1447 1299 1580 1343 non
1609 1279 2010 1344 formidabat
2028 1281 2284 1362 imperii
2310 1279 2640 1363 principa-

1444 1375 1589 1430 tum
1636 1388 1679 1431 ο
1725 1368 2006 1432 martine
2038 1369 2321 1432 dulcedo
2353 1368 2640 1430 medica-

1446 1462 1748 1519 mentum
1779 1465 1850 1519 et
1880 1455 2173 1520 medice:
2221 1475 2264 1519 o
2307 1455 2645 1518 sanctissi-

1446 1561 1559 1606 ma
1619 1544 1845 1607 anima
1903 1564 2106 1626 quam
2159 1551 2228 1607 et
2275 1544 2331 1606 si
2377 1542 2642 1625 gladius

1444 1631 1884 1714 persecutoris
1928 1652 2062 1695 non
2109 1631 2384 1696 abstulit
2413 1640 2639 1695 tamen

1447 1719 1742 1802 palmam
1775 1721 2073 1802 martyrii
2105 1740 2237 1784 non
2269 1721 2510 1784 amisit.
2541 1727 2643 1801 pff.

1448 1807 1856 1889 Magnificat.
1956 1807 2188 1872 Oratio
2255 1809 2440 1872 Deus
2526 1807 2642 1891 qui

1449 1896 1791 1977 conspicis,
1851 1895 1964 1958 He
1981 1897 2326 1978 antiphone
2341 1896 2652 1960 dicantur

1433 1983 1660 2065 primo
1683 1982 1870 2065 infra
1885 1993 2144 2047 octavas
2161 1994 2354 2066 super
2356 1985 2649 2065 psalmos

1452 2072 1860 2154 Magnificat.
1905 2082 1970 2135 et
2005 2073 2423 2136 Benedictus,
2511 2073 2646 2143 Αῆ.

1453 2160 1783 2224 Martinus
1827 2159 2075 2224 abrahe
2119 2161 2266 2224 sinu
2313 2161 2484 2224 letus
2530 2181 2650 2224 ex-

1452 2248 1694 2331 cipitur
1752 2249 2076 2312 martinus
2124 2250 2231 2313 hic
2284 2270 2538 2333 pauper
2583 2258 2652 2313 et

1452 2337 1754 2400 modicus
1783 2337 2000 2401 celum
2032 2337 2216 2402 dives
2247 2337 2614 2420 ingreditur
2637 2349 2680 2401 τ’

1451 2423 1720 2507 hymnis
1824 2425 2180 2490 celestibus
2272 2427 2654 2492 honoratur.

1449 2513 1585 2577 Αῆ.
1636 2511 1774 2577 Ora
1824 2533 1944 2596 pro
1993 2514 2186 2578 nobis
2237 2515 2435 2579 beate
2483 2536 2655 2578 mar-

1453 2600 1630 2664 tine:
1662 2610 1736 2665 ut
1766 2601 1952 2682 digni
1985 2602 2346 2667 efficiamur
2377 2604 2656 2686 promis-

1452 2689 1642 2751 sione
1697 2688 1959 2753 Christi.
2078 2691 2142 2754 A
2153 2699 2258 2755 iia.
2331 2690 2658 2772 Imposita

1453 2795 1660 2839 manu
1731 2796 1936 2858 puero
2017 2777 2256 2842 beatus
2333 2780 2658 2842 martinus

1451 2865 1874 2928 immundum
1923 2863 2010 2927 ab
2058 2887 2140 2929 eo
2187 2866 2492 2948 spiritum
2524 2867 2660 2949 eje-

1449 2953 1556 3018 cit.

1455 3045 1520 3120 {1²
1566 3039 1802 3104 Primo
1830 3039 1940 3104 die
1967 3040 2160 3121 infra
2187 3051 2464 3107 octavas.
2515 3043 2654 3108 Lec.

1472 3130 1851 3263 Transiit
1882 3138 2106 3192 autem
2153 3149 2345 3192 sanc·
2385 3131 2656 3213 [prima.

1621 3226 1729 3281 tus
1791 3219 2112 3280 martinus
2175 3218 2398 3282 media
2458 3230 2654 3284 nocte

1455 3325 1588 3387 que
1606 3305 1942 3369 dominica
1959 3305 2358 3370 habebatur:
2378 3316 2447 3371 et
2463 3308 2656 3372 multi

1456 3395 1523 3456 in
1556 3393 1698 3474 ejus
1739 3394 2020 3457 transitu
2066 3395 2493 3477 psallentium
2538 3418 2653 3460 vo-

1452 3502 1566 3545 ces
1596 3482 1948 3546 audierunt
1993 3483 2060 3546 in
2107 3484 2270 3548 cele.
2363 3486 2541 3549 Nam
2589 3495 2657 3549 et

1453 3570 1700 3652 pictavi
1734 3571 1962 3653 populi
1993 3572 2077 3635 ad
2111 3572 2255 3655 ejus
2301 3575 2652 3638 transitum

1454 3659 1627 3723 sicut
1743 3660 2026 3723 turonici
2128 3673 2580 3726 convenerunt
2637 3685 2652 3727 :

1454 3745 1860 3830 grandisque
2009 3747 2354 3813 altercatio
2483 3752 2654 3815 inter

1455 3844 1815 3917 utrumque
1918 3837 2208 3901 surrexit
2310 3838 2655 3921 populum.

1457 3923 1793 3986 Dicebant
1823 3924 2000 3987 enim
2048 3925 2309 4006 pictavi.
2404 3926 2653 3989 Noster

1456 4020 1559 4074 est
1605 4011 1970 4075 monachus
2019 4013 2212 4076 nobis
2260 4013 2489 4076 extitit
2535 4013 2652 4078 ab-

1455 4098 1614 4162 bas:
1657 4119 1780 4162 nos
1811 4099 2199 4181 requirimus
2228 4101 2659 4164 commenda-

1455 4194 1618 4250 tum.
1709 4187 2134 4267 Responsoria
2214 4187 2293 4250 de
2377 4188 2654 4254 historia

1454 4274 1813 4338 ordinatim
1843 4284 2120 4357 sumpta.
2342 4277 2554 4340 Lectio
2585 4278 2654 4361 ij.

1754 4451 1772 4482 ²
1815 4449 1962 4513 ‘quia
1984 4449 1995 4470 ’
2019 4465 2116 4498 orn.
2150 4468 2162 4498 ι
2201 4452 2252 4500 5.
