<?xml version="1.0" encoding="UTF-8"?>
<!DOCTYPE html PUBLIC "-//W3C//DTD XHTML 1.0 Transitional//EN"
    "http://www.w3.org/TR/xhtml1/DTD/xhtml1-transitional.dtd">
<html xmlns="http://www.w3.org/1999/xhtml" xml:lang="en" lang="en">
 <head>
  <title>
</title>
<meta http-equiv="Content-Type" content="text/html;charset=utf-8" />
  <meta name='ocr-system' content='tesseract 3.04.00' />
  <meta name='ocr-capabilities' content='ocr_page ocr_carea ocr_par ocr_line ocrx_word'/>
</head>
<body>
  <div class='ocr_page' id='page_1' title='image "breviariumadusu03yorkgoog_0333.png"; bbox 0 0 3117 4959; ppageno 0'>
   <div class='ocr_carea' id='block_1_1' title="bbox 892 257 2598 318">
    <p class='ocr_par' dir='ltr' id='par_1_1' title="bbox 892 257 2598 318">
     <span class='ocr_line' id='line_1_1' title="bbox 892 257 2598 318; baseline 0.002 -4"><span class='ocrx_word' id='word_1_1' title='bbox 892 257 994 314; x_wconf 85' lang='lat' dir='ltr'><strong>IN</strong></span> <span class='ocrx_word' id='word_1_2' title='bbox 1045 258 1705 316; x_wconf 79' lang='lat' dir='ltr'><em>TRANSLATJONE</em></span> <span class='ocrx_word' id='word_1_3' title='bbox 1749 258 1812 316; x_wconf 89' lang='lat' dir='ltr'><strong>S.</strong></span> <span class='ocrx_word' id='word_1_4' title='bbox 1865 260 2291 317; x_wconf 79' lang='lat' dir='ltr'><em>EDWARDI</em></span> <span class='ocrx_word' id='word_1_5' title='bbox 2327 261 2598 318; x_wconf 85' lang='lat' dir='ltr'><em>REGIS.</em></span> 
     </span>
    </p>
   </div>
   <div class='ocr_carea' id='block_1_2' title="bbox 1029 366 1167 422">
    <p class='ocr_par' dir='ltr' id='par_1_2' title="bbox 1029 366 1167 422">
     <span class='ocr_line' id='line_1_2' title="bbox 1029 366 1167 422; baseline 0 0"><span class='ocrx_word' id='word_1_6' title='bbox 1029 366 1167 422; x_wconf 80' lang='lat'><strong>621</strong></span> 
     </span>
    </p>
   </div>
   <div class='ocr_carea' id='block_1_3' title="bbox 478 471 1696 4242">
    <p class='ocr_par' dir='ltr' id='par_1_3' title="bbox 491 471 1696 1044">
     <span class='ocr_line' id='line_1_3' title="bbox 492 471 1696 556; baseline -0.001 -19"><span class='ocrx_word' id='word_1_7' title='bbox 492 472 673 537; x_wconf 91' lang='lat' dir='ltr'><strong>solus</strong></span> <span class='ocrx_word' id='word_1_8' title='bbox 700 471 911 537; x_wconf 80' lang='lat' dir='ltr'><strong>abbas</strong></span> <span class='ocrx_word' id='word_1_9' title='bbox 940 492 1093 536; x_wconf 91' lang='lat' dir='ltr'><strong>cum</strong></span> <span class='ocrx_word' id='word_1_10' title='bbox 1134 472 1391 556; x_wconf 85' lang='lat' dir='ltr'><strong>priore:</strong></span> <span class='ocrx_word' id='word_1_11' title='bbox 1445 481 1513 538; x_wconf 89' lang='lat' dir='ltr'><strong>et</strong></span> <span class='ocrx_word' id='word_1_12' title='bbox 1548 472 1696 555; x_wconf 88' lang='lat' dir='ltr'><strong>qui·</strong></span> 
     </span>
     <span class='ocr_line' id='line_1_4' title="bbox 491 559 1694 626; baseline 0.002 -2"><span class='ocrx_word' id='word_1_13' title='bbox 491 559 777 625; x_wconf 91' lang='lat' dir='ltr'><strong>busdam</strong></span> <span class='ocrx_word' id='word_1_14' title='bbox 822 560 1132 624; x_wconf 83' lang='lat' dir='ltr'><strong>fratribus</strong></span> <span class='ocrx_word' id='word_1_15' title='bbox 1172 561 1260 624; x_wconf 93' lang='lat' dir='ltr'><strong>ad</strong></span> <span class='ocrx_word' id='word_1_16' title='bbox 1288 560 1418 626; x_wconf 89' lang='lat' dir='ltr'><strong>hoc</strong></span> <span class='ocrx_word' id='word_1_17' title='bbox 1448 561 1694 626; x_wconf 78' lang='lat' dir='ltr'><strong>electiS.</strong></span> 
     </span>
     <span class='ocr_line' id='line_1_5' title="bbox 494 646 1694 731; baseline 0.002 -19"><span class='ocrx_word' id='word_1_18' title='bbox 494 646 755 731; x_wconf 83' lang='lat' dir='ltr'><strong>Quibus</strong></span> <span class='ocrx_word' id='word_1_19' title='bbox 808 649 1118 713; x_wconf 90' lang='lat' dir='ltr'><strong>omnibus</strong></span> <span class='ocrx_word' id='word_1_20' title='bbox 1165 647 1335 713; x_wconf 89' lang='lat' dir='ltr'><strong>albis</strong></span> <span class='ocrx_word' id='word_1_21' title='bbox 1393 649 1694 714; x_wconf 90' lang='lat' dir='ltr'><strong>indutis:</strong></span> 
     </span>
     <span class='ocr_line' id='line_1_6' title="bbox 494 736 1694 820; baseline -0.001 -20"><span class='ocrx_word' id='word_1_22' title='bbox 494 743 565 800; x_wconf 84' lang='lat' dir='ltr'><strong>et</strong></span> <span class='ocrx_word' id='word_1_23' title='bbox 616 736 815 800; x_wconf 90' lang='lat' dir='ltr'><strong>nudis</strong></span> <span class='ocrx_word' id='word_1_24' title='bbox 866 737 1191 820; x_wconf 90' lang='lat' dir='ltr'><strong>pedibus:</strong></span> <span class='ocrx_word' id='word_1_25' title='bbox 1235 737 1694 820; x_wconf 88' lang='lat' dir='ltr'><strong>premissaque</strong></span> 
     </span>
     <span class='ocr_line' id='line_1_7' title="bbox 494 822 1691 906; baseline 0.003 -21"><span class='ocrx_word' id='word_1_26' title='bbox 494 822 795 888; x_wconf 87' lang='lat' dir='ltr'><strong>oratione</strong></span> <span class='ocrx_word' id='word_1_27' title='bbox 823 825 1185 906; x_wconf 88' lang='lat' dir='ltr'><strong>procedunt</strong></span> <span class='ocrx_word' id='word_1_28' title='bbox 1216 825 1303 888; x_wconf 90' lang='lat' dir='ltr'><strong>ad</strong></span> <span class='ocrx_word' id='word_1_29' title='bbox 1339 824 1691 888; x_wconf 89' lang='lat' dir='ltr'><strong>tumulum.</strong></span> 
     </span>
     <span class='ocr_line' id='line_1_8' title="bbox 504 910 1692 1044; baseline 0.002 -70"><span class='ocrx_word' id='word_1_30' title='bbox 504 911 874 1044; x_wconf 81' lang='lat' dir='ltr'>Cumque</span> <span class='ocrx_word' id='word_1_31' title='bbox 904 910 1235 995; x_wconf 86' lang='lat' dir='ltr'><strong>lapidem:</strong></span> <span class='ocrx_word' id='word_1_32' title='bbox 1269 913 1383 995; x_wconf 91' lang='lat' dir='ltr'><strong>qui</strong></span> <span class='ocrx_word' id='word_1_33' title='bbox 1417 912 1584 995; x_wconf 84' lang='lat' dir='ltr'><strong>[Lec.</strong></span> <span class='ocrx_word' id='word_1_34' title='bbox 1607 913 1692 994; x_wconf 69' lang='grc' dir='ltr'><strong>ψ’.</strong></span> 
     </span>
    </p>

    <p class='ocr_par' dir='ltr' id='par_1_4' title="bbox 486 997 1692 3152">
     <span class='ocr_line' id='line_1_9' title="bbox 633 997 1692 1083; baseline 0.002 -21"><span class='ocrx_word' id='word_1_35' title='bbox 633 997 1044 1083; x_wconf 88' lang='lat' dir='ltr'><strong>sarcophago</strong></span> <span class='ocrx_word' id='word_1_36' title='bbox 1090 1001 1543 1083; x_wconf 89' lang='lat' dir='ltr'><strong>superpositus</strong></span> <span class='ocrx_word' id='word_1_37' title='bbox 1590 1001 1692 1064; x_wconf 88' lang='lat' dir='ltr'><strong>su-</strong></span> 
     </span>
     <span class='ocr_line' id='line_1_10' title="bbox 494 1087 1692 1171; baseline 0.001 -21"><span class='ocrx_word' id='word_1_38' title='bbox 494 1095 635 1150; x_wconf 85' lang='lat' dir='ltr'><strong>erat</strong></span> <span class='ocrx_word' id='word_1_39' title='bbox 686 1087 1147 1152; x_wconf 86' lang='lat' dir='ltr'><strong>sustulissent:</strong></span> <span class='ocrx_word' id='word_1_40' title='bbox 1195 1088 1483 1151; x_wconf 89' lang='lat' dir='ltr'><strong>admotis</strong></span> <span class='ocrx_word' id='word_1_41' title='bbox 1537 1108 1692 1171; x_wconf 86' lang='lat' dir='ltr'><strong>pro-</strong></span> 
     </span>
     <span class='ocr_line' id='line_1_11' title="bbox 494 1174 1692 1258; baseline 0.003 -22"><span class='ocrx_word' id='word_1_42' title='bbox 494 1174 655 1257; x_wconf 89' lang='lat' dir='ltr'><strong>priis</strong></span> <span class='ocrx_word' id='word_1_43' title='bbox 703 1174 1027 1240; x_wconf 86' lang='lat' dir='ltr'><strong>lucernis:</strong></span> <span class='ocrx_word' id='word_1_44' title='bbox 1072 1184 1566 1258; x_wconf 85' lang='lat' dir='ltr'><strong>conspexerunt</strong></span> <span class='ocrx_word' id='word_1_45' title='bbox 1595 1177 1692 1239; x_wconf 90' lang='lat' dir='ltr'><strong>vi-</strong></span> 
     </span>
     <span class='ocr_line' id='line_1_12' title="bbox 495 1261 1690 1344; baseline 0.002 -19"><span class='ocrx_word' id='word_1_46' title='bbox 495 1282 642 1326; x_wconf 88' lang='lat' dir='ltr'><strong>rum</strong></span> <span class='ocrx_word' id='word_1_47' title='bbox 667 1261 1003 1344; x_wconf 90' lang='lat' dir='ltr'><strong>jacentem</strong></span> <span class='ocrx_word' id='word_1_48' title='bbox 1034 1263 1101 1325; x_wconf 89' lang='lat' dir='ltr'><strong>in</strong></span> <span class='ocrx_word' id='word_1_49' title='bbox 1130 1263 1375 1326; x_wconf 89' lang='lat' dir='ltr'><strong>vestitu</strong></span> <span class='ocrx_word' id='word_1_50' title='bbox 1411 1263 1690 1327; x_wconf 86' lang='lat' dir='ltr'><strong>deaura-</strong></span> 
     </span>
     <span class='ocr_line' id='line_1_13' title="bbox 493 1349 1690 1434; baseline 0.001 -21"><span class='ocrx_word' id='word_1_51' title='bbox 493 1356 605 1414; x_wconf 93' lang='lat' dir='ltr'><strong>to:</strong></span> <span class='ocrx_word' id='word_1_52' title='bbox 652 1349 1003 1414; x_wconf 89' lang='lat' dir='ltr'><strong>calciatum</strong></span> <span class='ocrx_word' id='word_1_53' title='bbox 1034 1350 1261 1432; x_wconf 84' lang='lat' dir='ltr'><strong>caligis</strong></span> <span class='ocrx_word' id='word_1_54' title='bbox 1294 1351 1640 1434; x_wconf 84' lang='lat' dir='ltr'><strong>purpureis</strong></span> <span class='ocrx_word' id='word_1_55' title='bbox 1675 1372 1690 1414; x_wconf 95' lang='lat'><strong>:</strong></span> 
     </span>
     <span class='ocr_line' id='line_1_14' title="bbox 493 1438 1691 1521; baseline 0.001 -20"><span class='ocrx_word' id='word_1_56' title='bbox 493 1445 563 1502; x_wconf 90' lang='lat' dir='ltr'><strong>et</strong></span> <span class='ocrx_word' id='word_1_57' title='bbox 589 1438 1042 1502; x_wconf 86' lang='lat' dir='ltr'><strong>calciamentis</strong></span> <span class='ocrx_word' id='word_1_58' title='bbox 1086 1439 1441 1521; x_wconf 89' lang='lat' dir='ltr'><strong>preciosis:</strong></span> <span class='ocrx_word' id='word_1_59' title='bbox 1488 1448 1691 1520; x_wconf 89' lang='lat' dir='ltr'><strong>caput</strong></span> 
     </span>
     <span class='ocr_line' id='line_1_15' title="bbox 491 1526 1690 1609; baseline 0 -19"><span class='ocrx_word' id='word_1_60' title='bbox 491 1535 919 1609; x_wconf 89' lang='lat' dir='ltr'><strong>coopertum:</strong></span> <span class='ocrx_word' id='word_1_61' title='bbox 978 1534 1048 1591; x_wconf 89' lang='lat' dir='ltr'><strong>et</strong></span> <span class='ocrx_word' id='word_1_62' title='bbox 1107 1526 1341 1596; x_wconf 84' lang='lat' dir='ltr'><strong>mitra¹</strong></span> <span class='ocrx_word' id='word_1_63' title='bbox 1404 1528 1690 1591; x_wconf 89' lang='lat' dir='ltr'><strong>rotunda</strong></span> 
     </span>
     <span class='ocr_line' id='line_1_16' title="bbox 492 1613 1690 1679; baseline 0 -1"><span class='ocrx_word' id='word_1_64' title='bbox 492 1633 656 1678; x_wconf 86' lang='lat' dir='ltr'><strong>auro</strong></span> <span class='ocrx_word' id='word_1_65' title='bbox 728 1615 991 1678; x_wconf 87' lang='lat' dir='ltr'><strong>intexta</strong></span> <span class='ocrx_word' id='word_1_66' title='bbox 1024 1635 1040 1679; x_wconf 94' lang='lat'><strong>:</strong></span> <span class='ocrx_word' id='word_1_67' title='bbox 1131 1613 1406 1677; x_wconf 84' lang='lat' dir='ltr'><strong>barbam</strong></span> <span class='ocrx_word' id='word_1_68' title='bbox 1482 1615 1690 1678; x_wconf 89' lang='lat' dir='ltr'><strong>etiam</strong></span> 
     </span>
     <span class='ocr_line' id='line_1_17' title="bbox 493 1701 1691 1784; baseline 0 -20"><span class='ocrx_word' id='word_1_69' title='bbox 493 1702 753 1766; x_wconf 89' lang='lat' dir='ltr'><strong>niveam</strong></span> <span class='ocrx_word' id='word_1_70' title='bbox 799 1711 869 1765; x_wconf 91' lang='lat' dir='ltr'><strong>et</strong></span> <span class='ocrx_word' id='word_1_71' title='bbox 899 1701 1274 1784; x_wconf 88' lang='lat' dir='ltr'><strong>prolixam:</strong></span> <span class='ocrx_word' id='word_1_72' title='bbox 1322 1701 1691 1765; x_wconf 90' lang='lat' dir='ltr'><strong>modicum-</strong></span> 
     </span>
     <span class='ocr_line' id='line_1_18' title="bbox 494 1789 1688 1873; baseline 0 -20"><span class='ocrx_word' id='word_1_73' title='bbox 494 1809 625 1872; x_wconf 92' lang='lat' dir='ltr'><strong>que</strong></span> <span class='ocrx_word' id='word_1_74' title='bbox 644 1789 671 1828; x_wconf 82' lang='lat'>’</span> <span class='ocrx_word' id='word_1_75' title='bbox 727 1792 1163 1873; x_wconf 89' lang='lat' dir='ltr'><strong>crispantem:</strong></span> <span class='ocrx_word' id='word_1_76' title='bbox 1205 1809 1405 1872; x_wconf 89' lang='lat' dir='ltr'><strong>super</strong></span> <span class='ocrx_word' id='word_1_77' title='bbox 1454 1797 1688 1872; x_wconf 90' lang='lat' dir='ltr'><strong>pectus</strong></span> 
     </span>
     <span class='ocr_line' id='line_1_19' title="bbox 492 1877 1689 1959; baseline 0.002 -19"><span class='ocrx_word' id='word_1_78' title='bbox 492 1878 722 1941; x_wconf 90' lang='lat' dir='ltr'><strong>ordine</strong></span> <span class='ocrx_word' id='word_1_79' title='bbox 780 1899 904 1943; x_wconf 90' lang='lat' dir='ltr'><strong>suo</strong></span> <span class='ocrx_word' id='word_1_80' title='bbox 950 1879 1262 1942; x_wconf 87' lang='lat' dir='ltr'><strong>decenter</strong></span> <span class='ocrx_word' id='word_1_81' title='bbox 1300 1877 1636 1959; x_wconf 90' lang='lat' dir='ltr'><strong>jacentem</strong></span> <span class='ocrx_word' id='word_1_82' title='bbox 1673 1898 1689 1942; x_wconf 92' lang='lat'><strong>:</strong></span> 
     </span>
     <span class='ocr_line' id='line_1_20' title="bbox 490 1965 1688 2050; baseline 0 -22"><span class='ocrx_word' id='word_1_83' title='bbox 490 1975 841 2050; x_wconf 88' lang='lat' dir='ltr'><strong>totumque</strong></span> <span class='ocrx_word' id='word_1_84' title='bbox 900 1985 1139 2048; x_wconf 89' lang='lat' dir='ltr'><strong>corpus</strong></span> <span class='ocrx_word' id='word_1_85' title='bbox 1200 1967 1531 2046; x_wconf 91' lang='lat' dir='ltr'><strong>integrum</strong></span> <span class='ocrx_word' id='word_1_86' title='bbox 1587 1965 1688 2028; x_wconf 91' lang='lat' dir='ltr'><strong>in-</strong></span> 
     </span>
     <span class='ocr_line' id='line_1_21' title="bbox 490 2051 1689 2135; baseline 0 -19"><span class='ocrx_word' id='word_1_87' title='bbox 490 2063 871 2135; x_wconf 89' lang='lat' dir='ltr'><strong>corruptum</strong></span> <span class='ocrx_word' id='word_1_88' title='bbox 932 2063 1001 2116; x_wconf 91' lang='lat' dir='ltr'><strong>et</strong></span> <span class='ocrx_word' id='word_1_89' title='bbox 1062 2051 1357 2116; x_wconf 91' lang='lat' dir='ltr'><strong>flexibile</strong></span> <span class='ocrx_word' id='word_1_90' title='bbox 1408 2054 1689 2135; x_wconf 88' lang='lat' dir='ltr'><strong>reperie-</strong></span> 
     </span>
     <span class='ocr_line' id='line_1_22' title="bbox 492 2139 1690 2222; baseline 0.001 -19"><span class='ocrx_word' id='word_1_91' title='bbox 492 2141 690 2205; x_wconf 78' lang='lat' dir='ltr'><strong>runt.⁸</strong></span> <span class='ocrx_word' id='word_1_92' title='bbox 778 2139 1037 2221; x_wconf 86' lang='lat' dir='ltr'><strong>Corpus</strong></span> <span class='ocrx_word' id='word_1_93' title='bbox 1067 2159 1225 2203; x_wconf 88' lang='lat' dir='ltr'><strong>vero</strong></span> <span class='ocrx_word' id='word_1_94' title='bbox 1255 2139 1417 2204; x_wconf 91' lang='lat' dir='ltr'><strong>illud</strong></span> <span class='ocrx_word' id='word_1_95' title='bbox 1446 2141 1690 2222; x_wconf 87' lang='lat' dir='ltr'><strong>glorio-</strong></span> 
     </span>
     <span class='ocr_line' id='line_1_23' title="bbox 489 2226 1692 2311; baseline 0.002 -21"><span class='ocrx_word' id='word_1_96' title='bbox 489 2247 676 2292; x_wconf 89' lang='lat' dir='ltr'><strong>sum:</strong></span> <span class='ocrx_word' id='word_1_97' title='bbox 722 2227 832 2290; x_wconf 92' lang='lat' dir='ltr'><strong>alii</strong></span> <span class='ocrx_word' id='word_1_98' title='bbox 864 2226 951 2289; x_wconf 90' lang='lat' dir='ltr'><strong>ad</strong></span> <span class='ocrx_word' id='word_1_99' title='bbox 982 2235 1233 2308; x_wconf 88' lang='lat' dir='ltr'><strong>caput:</strong></span> <span class='ocrx_word' id='word_1_100' title='bbox 1282 2227 1393 2290; x_wconf 92' lang='lat' dir='ltr'><strong>alii</strong></span> <span class='ocrx_word' id='word_1_101' title='bbox 1441 2228 1525 2291; x_wconf 88' lang='lat' dir='ltr'><strong>ad</strong></span> <span class='ocrx_word' id='word_1_102' title='bbox 1573 2248 1692 2311; x_wconf 87' lang='lat' dir='ltr'><strong>pe-</strong></span> 
     </span>
     <span class='ocr_line' id='line_1_24' title="bbox 488 2314 1690 2398; baseline 0.001 -20"><span class='ocrx_word' id='word_1_103' title='bbox 488 2316 643 2378; x_wconf 90' lang='lat' dir='ltr'><strong>des:</strong></span> <span class='ocrx_word' id='word_1_104' title='bbox 673 2314 945 2396; x_wconf 89' lang='lat' dir='ltr'><strong>quidam</strong></span> <span class='ocrx_word' id='word_1_105' title='bbox 979 2315 1064 2377; x_wconf 90' lang='lat' dir='ltr'><strong>ad</strong></span> <span class='ocrx_word' id='word_1_106' title='bbox 1096 2314 1445 2379; x_wconf 88' lang='lat' dir='ltr'><strong>humeros:</strong></span> <span class='ocrx_word' id='word_1_107' title='bbox 1478 2324 1545 2378; x_wconf 91' lang='lat' dir='ltr'><strong>et</strong></span> <span class='ocrx_word' id='word_1_108' title='bbox 1571 2337 1690 2398; x_wconf 86' lang='lat' dir='ltr'><strong>per</strong></span> 
     </span>
     <span class='ocr_line' id='line_1_25' title="bbox 492 2401 1687 2486; baseline 0 -20"><span class='ocrx_word' id='word_1_109' title='bbox 492 2403 785 2466; x_wconf 88' lang='lat' dir='ltr'><strong>medium</strong></span> <span class='ocrx_word' id='word_1_110' title='bbox 830 2401 1169 2466; x_wconf 89' lang='lat' dir='ltr'><strong>levantes:</strong></span> <span class='ocrx_word' id='word_1_111' title='bbox 1215 2403 1381 2466; x_wconf 89' lang='lat' dir='ltr'><strong>etin</strong></span> <span class='ocrx_word' id='word_1_112' title='bbox 1413 2422 1639 2486; x_wconf 89' lang='lat' dir='ltr'><strong>panno</strong></span> <span class='ocrx_word' id='word_1_113' title='bbox 1661 2404 1687 2442; x_wconf 82' lang='lat'><strong>⁴</strong></span> 
     </span>
     <span class='ocr_line' id='line_1_26' title="bbox 488 2489 1691 2573; baseline 0.001 -20"><span class='ocrx_word' id='word_1_114' title='bbox 488 2490 694 2553; x_wconf 89' lang='lat' dir='ltr'><strong>serico</strong></span> <span class='ocrx_word' id='word_1_115' title='bbox 740 2489 1189 2554; x_wconf 87' lang='lat' dir='ltr'><strong>involventes:</strong></span> <span class='ocrx_word' id='word_1_116' title='bbox 1233 2491 1301 2554; x_wconf 91' lang='lat' dir='ltr'><strong>in</strong></span> <span class='ocrx_word' id='word_1_117' title='bbox 1351 2491 1515 2555; x_wconf 87' lang='lat' dir='ltr'><strong>cista</strong></span> <span class='ocrx_word' id='word_1_118' title='bbox 1562 2490 1691 2573; x_wconf 89' lang='lat' dir='ltr'><strong>lig-</strong></span> 
     </span>
     <span class='ocr_line' id='line_1_27' title="bbox 492 2576 1686 2661; baseline 0.001 -21"><span class='ocrx_word' id='word_1_119' title='bbox 492 2597 617 2640; x_wconf 86' lang='lat' dir='ltr'><strong>nea</strong></span> <span class='ocrx_word' id='word_1_120' title='bbox 646 2578 734 2641; x_wconf 93' lang='lat' dir='ltr'><strong>ad</strong></span> <span class='ocrx_word' id='word_1_121' title='bbox 762 2576 889 2640; x_wconf 93' lang='lat' dir='ltr'><strong>hoc</strong></span> <span class='ocrx_word' id='word_1_122' title='bbox 927 2588 1278 2661; x_wconf 89' lang='lat' dir='ltr'><strong>preparata</strong></span> <span class='ocrx_word' id='word_1_123' title='bbox 1321 2577 1686 2642; x_wconf 89' lang='lat' dir='ltr'><strong>collocave-</strong></span> 
     </span>
     <span class='ocr_line' id='line_1_28' title="bbox 490 2665 1688 2748; baseline 0.001 -20"><span class='ocrx_word' id='word_1_124' title='bbox 490 2673 657 2730; x_wconf 87' lang='lat' dir='ltr'><strong>runt.</strong></span> <span class='ocrx_word' id='word_1_125' title='bbox 751 2665 1045 2748; x_wconf 81' lang='lat' dir='ltr'><strong>Septima</strong></span> <span class='ocrx_word' id='word_1_126' title='bbox 1084 2665 1259 2729; x_wconf 71' lang='lat' dir='ltr'><strong>lectzb</strong></span> <span class='ocrx_word' id='word_1_127' title='bbox 1308 2675 1564 2729; x_wconf 84' lang='lat' dir='ltr'><strong>tantum</strong></span> <span class='ocrx_word' id='word_1_128' title='bbox 1607 2665 1688 2729; x_wconf 82' lang='lat' dir='ltr'><strong>de</strong></span> 
     </span>
     <span class='ocr_line' id='line_1_29' title="bbox 486 2751 1685 2836; baseline 0 -20"><span class='ocrx_word' id='word_1_129' title='bbox 486 2753 864 2834; x_wconf 69' lang='lat' dir='ltr'><strong>apositione</strong></span> <span class='ocrx_word' id='word_1_130' title='bbox 876 2752 1198 2836; x_wconf 79' lang='lat' dir='ltr'><strong>evangelii</strong></span> <span class='ocrx_word' id='word_1_131' title='bbox 1225 2753 1446 2816; x_wconf 90' lang='lat' dir='ltr'><strong>Nemo</strong></span> <span class='ocrx_word' id='word_1_132' title='bbox 1478 2751 1685 2816; x_wconf 90' lang='lat' dir='ltr'><strong>lucer-</strong></span> 
     </span>
     <span class='ocr_line' id='line_1_30' title="bbox 488 2839 1685 2906; baseline -0.001 -2"><span class='ocrx_word' id='word_1_133' title='bbox 488 2861 645 2904; x_wconf 90' lang='lat' dir='ltr'><strong>nam</strong></span> <span class='ocrx_word' id='word_1_134' title='bbox 704 2841 1049 2906; x_wconf 74' lang='lat' dir='ltr'><strong>accendit.⁶</strong></span> <span class='ocrx_word' id='word_1_135' title='bbox 1164 2839 1415 2904; x_wconf 85' lang='lat' dir='ltr'><strong>Omelia</strong></span> <span class='ocrx_word' id='word_1_136' title='bbox 1474 2849 1549 2902; x_wconf 85' lang='lat' dir='ltr'><strong>ut</strong></span> <span class='ocrx_word' id='word_1_137' title='bbox 1612 2839 1685 2904; x_wconf 80' lang='lat' dir='ltr'><strong>in</strong></span> 
     </span>
     <span class='ocr_line' id='line_1_31' title="bbox 486 2926 1681 3010; baseline -0.001 -18"><span class='ocrx_word' id='word_1_138' title='bbox 486 2929 823 2993; x_wconf 81' lang='lat' dir='ltr'><strong>communi.</strong></span> <span class='ocrx_word' id='word_1_139' title='bbox 1296 2926 1511 2990; x_wconf 81' lang='lat' dir='ltr'><strong>Lectio</strong></span> <span class='ocrx_word' id='word_1_140' title='bbox 1539 2926 1681 3010; x_wconf 65' lang='lat' dir='ltr'><strong>viij.</strong></span> 
     </span>
     <span class='ocr_line' id='line_1_32' title="bbox 500 3015 1686 3152; baseline -0.001 -73"><span class='ocrx_word' id='word_1_141' title='bbox 500 3017 809 3152; x_wconf 81' lang='lat' dir='ltr'><strong>Omnia</strong></span> <span class='ocrx_word' id='word_1_142' title='bbox 854 3015 1182 3098; x_wconf 87' lang='lat' dir='ltr'><strong>siquidem</strong></span> <span class='ocrx_word' id='word_1_143' title='bbox 1232 3034 1363 3097; x_wconf 92' lang='lat' dir='ltr'><strong>que</strong></span> <span class='ocrx_word' id='word_1_144' title='bbox 1402 3034 1554 3078; x_wconf 91' lang='lat' dir='ltr'><strong>cum</strong></span> <span class='ocrx_word' id='word_1_145' title='bbox 1602 3035 1686 3078; x_wconf 92' lang='lat' dir='ltr'><strong>eo</strong></span> 
     </span>
    </p>

    <p class='ocr_par' dir='ltr' id='par_1_5' title="bbox 478 3103 1684 4242">
     <span class='ocr_line' id='line_1_33' title="bbox 625 3103 1684 3168; baseline -0.002 0"><span class='ocrx_word' id='word_1_146' title='bbox 625 3105 898 3168; x_wconf 89' lang='lat' dir='ltr'><strong>inventa</strong></span> <span class='ocrx_word' id='word_1_147' title='bbox 942 3104 1208 3167; x_wconf 83' lang='lat' dir='ltr'><strong>fuerant</strong></span> <span class='ocrx_word' id='word_1_148' title='bbox 1241 3124 1255 3168; x_wconf 90' lang='lat'><strong>:</strong></span> <span class='ocrx_word' id='word_1_149' title='bbox 1302 3103 1483 3166; x_wconf 88' lang='lat' dir='ltr'><strong>intus</strong></span> <span class='ocrx_word' id='word_1_150' title='bbox 1537 3103 1684 3166; x_wconf 87' lang='lat' dir='ltr'><strong>reli-</strong></span> 
     </span>
     <span class='ocr_line' id='line_1_34' title="bbox 488 3191 1682 3275; baseline 0.001 -20"><span class='ocrx_word' id='word_1_151' title='bbox 488 3200 813 3275; x_wconf 86' lang='lat' dir='ltr'><strong>querunt:</strong></span> <span class='ocrx_word' id='word_1_152' title='bbox 842 3191 1089 3254; x_wconf 89' lang='lat' dir='ltr'><strong>annulo</strong></span> <span class='ocrx_word' id='word_1_153' title='bbox 1120 3211 1320 3254; x_wconf 90' lang='lat' dir='ltr'><strong>aureo</strong></span> <span class='ocrx_word' id='word_1_154' title='bbox 1351 3201 1682 3273; x_wconf 90' lang='lat' dir='ltr'><strong>excepto:</strong></span> 
     </span>
     <span class='ocr_line' id='line_1_35' title="bbox 486 3278 1682 3363; baseline 0.001 -20"><span class='ocrx_word' id='word_1_155' title='bbox 486 3299 687 3363; x_wconf 89' lang='lat' dir='ltr'><strong>quem</strong></span> <span class='ocrx_word' id='word_1_156' title='bbox 737 3280 804 3341; x_wconf 89' lang='lat' dir='ltr'><strong>in</strong></span> <span class='ocrx_word' id='word_1_157' title='bbox 856 3278 1068 3361; x_wconf 84' lang='lat' dir='ltr'><strong>digito</strong></span> <span class='ocrx_word' id='word_1_158' title='bbox 1114 3280 1287 3360; x_wconf 88' lang='lat' dir='ltr'><strong>regis</strong></span> <span class='ocrx_word' id='word_1_159' title='bbox 1338 3279 1682 3344; x_wconf 90' lang='lat' dir='ltr'><strong>inventum</strong></span> 
     </span>
     <span class='ocr_line' id='line_1_36' title="bbox 482 3367 1684 3449; baseline -0.002 -17"><span class='ocrx_word' id='word_1_160' title='bbox 482 3367 696 3432; x_wconf 90' lang='lat' dir='ltr'><strong>abbas</strong></span> <span class='ocrx_word' id='word_1_161' title='bbox 739 3375 1011 3449; x_wconf 90' lang='lat' dir='ltr'><strong>propter</strong></span> <span class='ocrx_word' id='word_1_162' title='bbox 1060 3367 1481 3430; x_wconf 88' lang='lat' dir='ltr'><strong>devotionem</strong></span> <span class='ocrx_word' id='word_1_163' title='bbox 1529 3367 1684 3430; x_wconf 89' lang='lat' dir='ltr'><strong>reti-</strong></span> 
     </span>
     <span class='ocr_line' id='line_1_37' title="bbox 485 3453 1682 3536; baseline 0.002 -18"><span class='ocrx_word' id='word_1_164' title='bbox 485 3455 646 3518; x_wconf 91' lang='lat' dir='ltr'><strong>nuit.</strong></span> <span class='ocrx_word' id='word_1_165' title='bbox 739 3453 1161 3517; x_wconf 90' lang='lat' dir='ltr'><strong>Adveniente</strong></span> <span class='ocrx_word' id='word_1_166' title='bbox 1212 3454 1323 3518; x_wconf 90' lang='lat' dir='ltr'><strong>die</strong></span> <span class='ocrx_word' id='word_1_167' title='bbox 1370 3453 1682 3536; x_wconf 85' lang='lat' dir='ltr'><strong>prefixo:</strong></span> 
     </span>
     <span class='ocr_line' id='line_1_38' title="bbox 484 3540 1682 3607; baseline -0.002 0"><span class='ocrx_word' id='word_1_168' title='bbox 484 3563 606 3607; x_wconf 90' lang='lat' dir='ltr'><strong>rex</strong></span> <span class='ocrx_word' id='word_1_169' title='bbox 637 3542 705 3604; x_wconf 90' lang='lat' dir='ltr'><strong>in</strong></span> <span class='ocrx_word' id='word_1_170' title='bbox 736 3540 1079 3604; x_wconf 89' lang='lat' dir='ltr'><strong>ecclesiam</strong></span> <span class='ocrx_word' id='word_1_171' title='bbox 1132 3541 1439 3605; x_wconf 87' lang='lat' dir='ltr'><strong>veniens:</strong></span> <span class='ocrx_word' id='word_1_172' title='bbox 1488 3543 1682 3605; x_wconf 90' lang='lat' dir='ltr'><strong>assis-</strong></span> 
     </span>
     <span class='ocr_line' id='line_1_39' title="bbox 482 3627 1680 3713; baseline -0.001 -18"><span class='ocrx_word' id='word_1_173' title='bbox 482 3629 777 3695; x_wconf 89' lang='lat' dir='ltr'><strong>tentibus</strong></span> <span class='ocrx_word' id='word_1_174' title='bbox 800 3627 1162 3692; x_wconf 88' lang='lat' dir='ltr'><strong>theobaldo</strong></span> <span class='ocrx_word' id='word_1_175' title='bbox 1186 3628 1680 3713; x_wconf 89' lang='lat' dir='ltr'><strong>archiepiscopo</strong></span> 
     </span>
     <span class='ocr_line' id='line_1_40' title="bbox 485 3716 1682 3799; baseline -0.002 -16"><span class='ocrx_word' id='word_1_176' title='bbox 485 3716 926 3784; x_wconf 89' lang='lat' dir='ltr'><strong>cantuariensi</strong></span> <span class='ocrx_word' id='word_1_177' title='bbox 973 3735 987 3780; x_wconf 91' lang='lat'><strong>:</strong></span> <span class='ocrx_word' id='word_1_178' title='bbox 1050 3724 1117 3779; x_wconf 92' lang='lat' dir='ltr'><strong>et</strong></span> <span class='ocrx_word' id='word_1_179' title='bbox 1178 3736 1410 3799; x_wconf 86' lang='lat' dir='ltr'><strong>rogero</strong></span> <span class='ocrx_word' id='word_1_180' title='bbox 1471 3717 1682 3781; x_wconf 89' lang='lat' dir='ltr'><strong>archi-</strong></span> 
     </span>
     <span class='ocr_line' id='line_1_41' title="bbox 481 3803 1682 3891; baseline -0.002 -19"><span class='ocrx_word' id='word_1_181' title='bbox 481 3808 795 3891; x_wconf 90' lang='lat' dir='ltr'><strong>episcopo</strong></span> <span class='ocrx_word' id='word_1_182' title='bbox 854 3805 1283 3869; x_wconf 87' lang='lat' dir='ltr'><strong>eboracensi:</strong></span> <span class='ocrx_word' id='word_1_183' title='bbox 1345 3815 1413 3868; x_wconf 90' lang='lat' dir='ltr'><strong>et</strong></span> <span class='ocrx_word' id='word_1_184' title='bbox 1448 3803 1475 3842; x_wconf 78' lang='lat'><strong>⁶</strong></span> <span class='ocrx_word' id='word_1_185' title='bbox 1533 3805 1682 3870; x_wconf 89' lang='lat' dir='ltr'><strong>aliis</strong></span> 
     </span>
     <span class='ocr_line' id='line_1_42' title="bbox 482 3896 1680 3980; baseline -0.004 -19"><span class='ocrx_word' id='word_1_186' title='bbox 482 3896 854 3980; x_wconf 88' lang='lat' dir='ltr'><strong>episcopis:</strong></span> <span class='ocrx_word' id='word_1_187' title='bbox 900 3912 1379 3977; x_wconf 88' lang='lat' dir='ltr'><strong>procerumque</strong></span> <span class='ocrx_word' id='word_1_188' title='bbox 1432 3913 1680 3975; x_wconf 87' lang='lat' dir='ltr'><strong>magno</strong></span> 
     </span>
     <span class='ocr_line' id='line_1_43' title="bbox 482 3979 1679 4065; baseline -0.003 -16"><span class='ocrx_word' id='word_1_189' title='bbox 482 3985 845 4050; x_wconf 86' lang='lat' dir='ltr'><strong>comitatu:</strong></span> <span class='ocrx_word' id='word_1_190' title='bbox 876 3989 1250 4065; x_wconf 90' lang='lat' dir='ltr'><strong>presentem</strong></span> <span class='ocrx_word' id='word_1_191' title='bbox 1284 3979 1465 4043; x_wconf 88' lang='lat' dir='ltr'><strong>illam</strong></span> <span class='ocrx_word' id='word_1_192' title='bbox 1498 3982 1679 4062; x_wconf 88' lang='lat' dir='ltr'><strong>regie</strong></span> 
     </span>
     <span class='ocr_line' id='line_1_44' title="bbox 480 4069 1681 4156; baseline -0.004 -19"><span class='ocrx_word' id='word_1_193' title='bbox 480 4092 761 4156; x_wconf 88' lang='lat' dir='ltr'><strong>persone</strong></span> <span class='ocrx_word' id='word_1_194' title='bbox 786 4069 1205 4152; x_wconf 87' lang='lat' dir='ltr'><strong>majestatem</strong></span> <span class='ocrx_word' id='word_1_195' title='bbox 1228 4069 1433 4133; x_wconf 90' lang='lat' dir='ltr'><strong>vidit:</strong></span> <span class='ocrx_word' id='word_1_196' title='bbox 1468 4071 1681 4132; x_wconf 89' lang='lat' dir='ltr'><strong>mani-</strong></span> 
     </span>
     <span class='ocr_line' id='line_1_45' title="bbox 478 4157 1679 4242; baseline -0.004 -16"><span class='ocrx_word' id='word_1_197' title='bbox 478 4161 737 4242; x_wconf 90' lang='lat' dir='ltr'><strong>busque</strong></span> <span class='ocrx_word' id='word_1_198' title='bbox 768 4167 1091 4241; x_wconf 90' lang='lat' dir='ltr'><strong>quantum</strong></span> <span class='ocrx_word' id='word_1_199' title='bbox 1135 4157 1334 4220; x_wconf 90' lang='lat' dir='ltr'><strong>timor</strong></span> <span class='ocrx_word' id='word_1_200' title='bbox 1381 4165 1451 4220; x_wconf 89' lang='lat' dir='ltr'><strong>et</strong></span> <span class='ocrx_word' id='word_1_201' title='bbox 1497 4178 1679 4222; x_wconf 88' lang='lat' dir='ltr'><strong>reve-</strong></span> 
     </span>
    </p>
   </div>
   <div class='ocr_carea' id='block_1_4' title="bbox 643 4316 1939 4511">
    <p class='ocr_par' dir='ltr' id='par_1_6' title="bbox 643 4316 1939 4511">
     <span class='ocr_line' id='line_1_46' title="bbox 643 4316 1939 4414; baseline -0.002 -45"><span class='ocrx_word' id='word_1_202' title='bbox 643 4316 985 4414; x_wconf 57' lang='lat' dir='ltr'><strong>:myrrazs</strong></span> <span class='ocrx_word' id='word_1_203' title='bbox 1456 4317 1939 4380; x_wconf 67' lang='lat' dir='ltr'><strong>“que’om.=N.</strong></span> 
     </span>
     <span class='ocr_line' id='line_1_47' title="bbox 644 4381 1767 4511; baseline 0 -13"><span class='ocrx_word' id='word_1_204' title='bbox 644 4451 664 4482; x_wconf 72' lang='lat'><strong><em>⁹</em></strong></span> <span class='ocrx_word' id='word_1_205' title='bbox 696 4395 879 4498; x_wconf 46' lang='grc' dir='ltr'><strong>ζζῗέεςε</strong></span> <span class='ocrx_word' id='word_1_206' title='bbox 899 4381 969 4497; x_wconf 55' lang='grc' dir='ltr'><strong>ξ.</strong></span> <span class='ocrx_word' id='word_1_207' title='bbox 1445 4448 1468 4479; x_wconf 81' lang='lat'><em>⁰</em></span> <span class='ocrx_word' id='word_1_208' title='bbox 1500 4447 1631 4511; x_wconf 81' lang='lat' dir='ltr'><strong>regis</strong></span> <span class='ocrx_word' id='word_1_209' title='bbox 1657 4464 1668 4498; x_wconf 91' lang='lat'><strong>:</strong></span> <span class='ocrx_word' id='word_1_210' title='bbox 1703 4448 1767 4498; x_wconf 92' lang='lat' dir='ltr'><strong>R.</strong></span> 
     </span>
    </p>
   </div>
   <div class='ocr_carea' id='block_1_5' title="bbox 1448 4379 2148 4434">
    <p class='ocr_par' dir='ltr' id='par_1_7' title="bbox 1448 4379 2148 4434">
     <span class='ocr_line' id='line_1_48' title="bbox 1448 4379 2148 4434; baseline 0 -2"><span class='ocrx_word' id='word_1_211' title='bbox 1448 4383 1471 4413; x_wconf 81' lang='lat'>⁸</span> <span class='ocrx_word' id='word_1_212' title='bbox 1502 4382 1734 4432; x_wconf 74' lang='lat' dir='ltr'><strong>accendit</strong></span> <span class='ocrx_word' id='word_1_213' title='bbox 1755 4383 2044 4434; x_wconf 77' lang='lat' dir='ltr'><strong>lucernam:</strong></span> <span class='ocrx_word' id='word_1_214' title='bbox 2077 4379 2148 4432; x_wconf 87' lang='lat' dir='ltr'><strong>N.</strong></span> 
     </span>
    </p>
   </div>
   <div class='ocr_carea' id='block_1_6' title="bbox 2308 369 2469 425">
    <p class='ocr_par' dir='ltr' id='par_1_8' title="bbox 2308 369 2469 425">
     <span class='ocr_line' id='line_1_49' title="bbox 2308 369 2469 425; baseline -0.006 0"><span class='ocrx_word' id='word_1_215' title='bbox 2308 369 2469 425; x_wconf 79' lang='lat'><strong>622</strong></span> 
     </span>
    </p>
   </div>
   <div class='ocr_carea' id='block_1_7' title="bbox 1792 473 2974 628">
    <p class='ocr_par' dir='ltr' id='par_1_9' title="bbox 1792 473 2974 628">
     <span class='ocr_line' id='line_1_50' title="bbox 1794 473 2971 556; baseline 0.003 -19"><span class='ocrx_word' id='word_1_216' title='bbox 1794 473 2008 538; x_wconf 81' lang='lat' dir='ltr'><strong>tentia</strong></span> <span class='ocrx_word' id='word_1_217' title='bbox 2053 474 2412 556; x_wconf 89' lang='lat' dir='ltr'><strong>permisere</strong></span> <span class='ocrx_word' id='word_1_218' title='bbox 2461 475 2802 540; x_wconf 86' lang='lat' dir='ltr'><strong>tractavit.</strong></span> <span class='ocrx_word' id='word_1_219' title='bbox 2883 475 2971 540; x_wconf 88' lang='lat' dir='ltr'><strong>In-</strong></span> 
     </span>
     <span class='ocr_line' id='line_1_51' title="bbox 1792 562 2974 628; baseline 0.003 -4"><span class='ocrx_word' id='word_1_220' title='bbox 1792 570 1975 624; x_wconf 88' lang='lat' dir='ltr'><strong>terea</strong></span> <span class='ocrx_word' id='word_1_221' title='bbox 2006 562 2328 626; x_wconf 88' lang='lat' dir='ltr'><strong>accedens</strong></span> <span class='ocrx_word' id='word_1_222' title='bbox 2363 565 2687 627; x_wconf 88' lang='lat' dir='ltr'><strong>secretius</strong></span> <span class='ocrx_word' id='word_1_223' title='bbox 2733 565 2821 627; x_wconf 86' lang='lat' dir='ltr'><strong>ad</strong></span> <span class='ocrx_word' id='word_1_224' title='bbox 2861 585 2974 628; x_wconf 79' lang='lat' dir='ltr'><strong>cor-</strong></span> 
     </span>
    </p>
   </div>
   <div class='ocr_carea' id='block_1_8' title="bbox 1793 650 3051 735">
    <p class='ocr_par' dir='ltr' id='par_1_10' title="bbox 1793 650 3051 735">
     <span class='ocr_line' id='line_1_52' title="bbox 1793 650 3051 735; baseline 0.009 -24"><span class='ocrx_word' id='word_1_225' title='bbox 1793 669 1920 731; x_wconf 90' lang='lat' dir='ltr'><strong>pus</strong></span> <span class='ocrx_word' id='word_1_226' title='bbox 1977 650 2192 714; x_wconf 89' lang='lat' dir='ltr'><strong>sancti</strong></span> <span class='ocrx_word' id='word_1_227' title='bbox 2263 651 2624 735; x_wconf 91' lang='lat' dir='ltr'><strong>episcopus</strong></span> <span class='ocrx_word' id='word_1_228' title='bbox 2703 652 2977 716; x_wconf 75' lang='lat' dir='ltr'><strong>roffensis</strong></span> <span class='ocrx_word' id='word_1_229' title='bbox 3048 651 3051 723; x_wconf 68' lang='lat'><em>2</em></span> 
     </span>
    </p>
   </div>
   <div class='ocr_carea' id='block_1_9' title="bbox 1793 736 2980 979">
    <p class='ocr_par' dir='ltr' id='par_1_11' title="bbox 1793 736 2980 979">
     <span class='ocr_line' id='line_1_53' title="bbox 1793 736 2978 804; baseline 0.003 -4"><span class='ocrx_word' id='word_1_230' title='bbox 1793 736 2069 801; x_wconf 90' lang='lat' dir='ltr'><strong>ecclesie</strong></span> <span class='ocrx_word' id='word_1_231' title='bbox 2117 738 2491 802; x_wconf 89' lang='lat' dir='ltr'><strong>devotionis</strong></span> <span class='ocrx_word' id='word_1_232' title='bbox 2531 739 2868 803; x_wconf 88' lang='lat' dir='ltr'><strong>desiderio</strong></span> <span class='ocrx_word' id='word_1_233' title='bbox 2891 762 2978 804; x_wconf 85' lang='lat' dir='ltr'><strong>ac·</strong></span> 
     </span>
     <span class='ocr_line' id='line_1_54' title="bbox 1793 825 2980 910; baseline 0.004 -23"><span class='ocrx_word' id='word_1_234' title='bbox 1793 843 2070 890; x_wconf 88' lang='lat' dir='ltr'><strong>census:</strong></span> <span class='ocrx_word' id='word_1_235' title='bbox 2115 825 2325 908; x_wconf 90' lang='lat' dir='ltr'><strong>pilum</strong></span> <span class='ocrx_word' id='word_1_236' title='bbox 2357 827 2715 891; x_wconf 87' lang='lat' dir='ltr'><strong>extrahere</strong></span> <span class='ocrx_word' id='word_1_237' title='bbox 2745 829 2980 910; x_wconf 84' lang='lat' dir='ltr'><strong>sibique</strong></span> 
     </span>
     <span class='ocr_line' id='line_1_55' title="bbox 1793 915 2980 979; baseline 0.003 -4"><span class='ocrx_word' id='word_1_238' title='bbox 1793 933 2124 977; x_wconf 89' lang='lat' dir='ltr'><strong>reservare</strong></span> <span class='ocrx_word' id='word_1_239' title='bbox 2183 925 2478 978; x_wconf 89' lang='lat' dir='ltr'><strong>conatur.</strong></span> <span class='ocrx_word' id='word_1_240' title='bbox 2569 916 2696 978; x_wconf 91' lang='lat' dir='ltr'><strong>sed</strong></span> <span class='ocrx_word' id='word_1_241' title='bbox 2777 915 2980 979; x_wconf 85' lang='lat' dir='ltr'><strong>firmus</strong></span> 
     </span>
    </p>
   </div>
   <div class='ocr_carea' id='block_1_10' title="bbox 3036 729 3052 902">
    <p class='ocr_par' dir='ltr' id='par_1_12' title="bbox 3036 729 3052 902">
     <span class='ocr_line' id='line_1_56' title="bbox 3036 729 3052 902; baseline 0 4057"><span class='ocrx_word' id='word_1_242' title='bbox 3036 729 3052 902; x_wconf 95' lang='lat' dir='ltr'><strong> </strong></span> 
     </span>
    </p>
   </div>
   <div class='ocr_carea' id='block_1_11' title="bbox 1792 997 3051 1168">
    <p class='ocr_par' dir='ltr' id='par_1_13' title="bbox 1792 997 3051 1168">
     <span class='ocr_line' id='line_1_57' title="bbox 1793 997 3051 1086; baseline 0.005 -24"><span class='ocrx_word' id='word_1_243' title='bbox 1793 998 2030 1064; x_wconf 89' lang='lat' dir='ltr'><strong>herens</strong></span> <span class='ocrx_word' id='word_1_244' title='bbox 2053 997 2122 1066; x_wconf 83' lang='lat'><strong>⁷:</strong></span> <span class='ocrx_word' id='word_1_245' title='bbox 2191 1001 2502 1066; x_wconf 83' lang='lat' dir='ltr'><strong>effectum</strong></span> <span class='ocrx_word' id='word_1_246' title='bbox 2565 1005 2824 1067; x_wconf 89' lang='lat' dir='ltr'><strong>mentis</strong></span> <span class='ocrx_word' id='word_1_247' title='bbox 2866 1005 2982 1086; x_wconf 88' lang='lat' dir='ltr'><strong>epi-</strong></span> <span class='ocrx_word' id='word_1_248' title='bbox 3049 1023 3051 1032; x_wconf 65' lang='lat'><strong>²</strong></span> 
     </span>
     <span class='ocr_line' id='line_1_58' title="bbox 1792 1087 3051 1168; baseline 0.005 -18"><span class='ocrx_word' id='word_1_249' title='bbox 1792 1087 1974 1168; x_wconf 90' lang='lat' dir='ltr'><strong>scopi</strong></span> <span class='ocrx_word' id='word_1_250' title='bbox 2007 1097 2076 1151; x_wconf 92' lang='lat' dir='ltr'><strong>et</strong></span> <span class='ocrx_word' id='word_1_251' title='bbox 2119 1088 2532 1153; x_wconf 88' lang='lat' dir='ltr'><strong>voluntatem</strong></span> <span class='ocrx_word' id='word_1_252' title='bbox 2564 1090 2981 1156; x_wconf 85' lang='lat' dir='ltr'><strong>defraudavit.</strong></span> <span class='ocrx_word' id='word_1_253' title='bbox 3049 1119 3051 1130; x_wconf 76' lang='lat'><em>=</em></span> 
     </span>
    </p>
   </div>
   <div class='ocr_carea' id='block_1_12' title="bbox 1790 1177 2982 1305">
    <p class='ocr_par' dir='ltr' id='par_1_14' title="bbox 1790 1177 2982 1305">
     <span class='ocr_line' id='line_1_59' title="bbox 1790 1177 2982 1305; baseline 0.005 -67"><span class='ocrx_word' id='word_1_254' title='bbox 1790 1177 2106 1305; x_wconf 75' lang='lat' dir='ltr'><strong>Facta</strong></span> <span class='ocrx_word' id='word_1_255' title='bbox 2155 1177 2356 1256; x_wconf 90' lang='lat' dir='ltr'><strong>igitur</strong></span> <span class='ocrx_word' id='word_1_256' title='bbox 2401 1180 2571 1241; x_wconf 91' lang='lat' dir='ltr'><strong>sicut</strong></span> <span class='ocrx_word' id='word_1_257' title='bbox 2615 1177 2872 1260; x_wconf 76' lang='lat' dir='ltr'><strong>[Lectio</strong></span> <span class='ocrx_word' id='word_1_258' title='bbox 2911 1181 2982 1244; x_wconf 80' lang='grc' dir='ltr'><strong>ίτ.</strong></span> 
     </span>
    </p>
   </div>
   <div class='ocr_carea' id='block_1_13' title="bbox 1951 1262 3051 1350">
    <p class='ocr_par' dir='ltr' id='par_1_15' title="bbox 1951 1262 3051 1350">
     <span class='ocr_line' id='line_1_60' title="bbox 1951 1262 3051 1350; baseline 0.001 -25"><span class='ocrx_word' id='word_1_259' title='bbox 1951 1262 2083 1326; x_wconf 90' lang='lat' dir='ltr'><strong>diei</strong></span> <span class='ocrx_word' id='word_1_260' title='bbox 2109 1264 2472 1328; x_wconf 87' lang='lat' dir='ltr'><strong>solennitas</strong></span> <span class='ocrx_word' id='word_1_261' title='bbox 2494 1267 2840 1346; x_wconf 89' lang='lat' dir='ltr'><strong>expetivit</strong></span> <span class='ocrx_word' id='word_1_262' title='bbox 2861 1289 2986 1350; x_wconf 86' lang='lat' dir='ltr'><strong>pro-</strong></span> <span class='ocrx_word' id='word_1_263' title='bbox 3049 1299 3051 1326; x_wconf 71' lang='grc' dir='ltr'>ι</span> 
     </span>
    </p>
   </div>
   <div class='ocr_carea' id='block_1_14' title="bbox 1783 1351 3008 3277">
    <p class='ocr_par' dir='ltr' id='par_1_16' title="bbox 1783 1351 3008 3277">
     <span class='ocr_line' id='line_1_61' title="bbox 1789 1351 2986 1436; baseline 0.004 -22"><span class='ocrx_word' id='word_1_264' title='bbox 1789 1351 2088 1414; x_wconf 86' lang='lat' dir='ltr'><strong>cessione</strong></span> <span class='ocrx_word' id='word_1_265' title='bbox 2133 1371 2148 1415; x_wconf 98' lang='lat'><strong>:</strong></span> <span class='ocrx_word' id='word_1_266' title='bbox 2207 1371 2615 1434; x_wconf 89' lang='lat' dir='ltr'><strong>corporeque</strong></span> <span class='ocrx_word' id='word_1_267' title='bbox 2701 1357 2986 1436; x_wconf 80' lang='lat' dir='ltr'><strong>precioso</strong></span> 
     </span>
     <span class='ocr_line' id='line_1_62' title="bbox 1789 1437 2988 1524; baseline 0.006 -25"><span class='ocrx_word' id='word_1_268' title='bbox 1789 1457 1911 1518; x_wconf 88' lang='lat' dir='ltr'><strong>per</strong></span> <span class='ocrx_word' id='word_1_269' title='bbox 1951 1437 2313 1502; x_wconf 88' lang='lat' dir='ltr'><strong>claustrum</strong></span> <span class='ocrx_word' id='word_1_270' title='bbox 2365 1443 2757 1504; x_wconf 89' lang='lat' dir='ltr'><strong>monasterii</strong></span> <span class='ocrx_word' id='word_1_271' title='bbox 2811 1443 2988 1524; x_wconf 85' lang='lat' dir='ltr'><strong>regiis</strong></span> 
     </span>
     <span class='ocr_line' id='line_1_63' title="bbox 1789 1523 2988 1611; baseline 0.005 -23"><span class='ocrx_word' id='word_1_272' title='bbox 1789 1523 2082 1589; x_wconf 90' lang='lat' dir='ltr'><strong>humeris</strong></span> <span class='ocrx_word' id='word_1_273' title='bbox 2128 1527 2731 1610; x_wconf 89' lang='lat' dir='ltr'><strong>precipuorumque</strong></span> <span class='ocrx_word' id='word_1_274' title='bbox 2775 1550 2988 1611; x_wconf 89' lang='lat' dir='ltr'><strong>proce-</strong></span> 
     </span>
     <span class='ocr_line' id='line_1_64' title="bbox 1789 1615 2988 1700; baseline 0.004 -24"><span class='ocrx_word' id='word_1_275' title='bbox 1789 1633 1936 1676; x_wconf 93' lang='lat' dir='ltr'><strong>rum</strong></span> <span class='ocrx_word' id='word_1_276' title='bbox 1991 1615 2300 1677; x_wconf 91' lang='lat' dir='ltr'><strong>manibus</strong></span> <span class='ocrx_word' id='word_1_277' title='bbox 2329 1615 2736 1697; x_wconf 89' lang='lat' dir='ltr'><strong>deportato:</strong></span> <span class='ocrx_word' id='word_1_278' title='bbox 2787 1619 2988 1700; x_wconf 85' lang='lat' dir='ltr'><strong>posita</strong></span> 
     </span>
     <span class='ocr_line' id='line_1_65' title="bbox 1791 1702 2990 1786; baseline 0.007 -24"><span class='ocrx_word' id='word_1_279' title='bbox 1791 1709 1894 1764; x_wconf 90' lang='lat' dir='ltr'><strong>est</strong></span> <span class='ocrx_word' id='word_1_280' title='bbox 1937 1721 2138 1783; x_wconf 88' lang='lat' dir='ltr'><strong>super</strong></span> <span class='ocrx_word' id='word_1_281' title='bbox 2174 1702 2654 1766; x_wconf 88' lang='lat' dir='ltr'><strong>candelabrum</strong></span> <span class='ocrx_word' id='word_1_282' title='bbox 2703 1707 2990 1786; x_wconf 81' lang='lat' dir='ltr'><strong>preclara</strong></span> 
     </span>
     <span class='ocr_line' id='line_1_66' title="bbox 1791 1787 2990 1857; baseline 0.005 -6"><span class='ocrx_word' id='word_1_283' title='bbox 1791 1787 1904 1852; x_wconf 90' lang='lat' dir='ltr'><strong>illa</strong></span> <span class='ocrx_word' id='word_1_284' title='bbox 1962 1787 2234 1854; x_wconf 89' lang='lat' dir='ltr'><strong>lucerna</strong></span> <span class='ocrx_word' id='word_1_285' title='bbox 2291 1791 2361 1853; x_wconf 92' lang='lat' dir='ltr'><strong>in</strong></span> <span class='ocrx_word' id='word_1_286' title='bbox 2433 1792 2646 1855; x_wconf 91' lang='lat' dir='ltr'><strong>domo</strong></span> <span class='ocrx_word' id='word_1_287' title='bbox 2723 1791 2990 1857; x_wconf 86' lang='lat' dir='ltr'><strong>domini.</strong></span> 
     </span>
     <span class='ocr_line' id='line_1_67' title="bbox 1793 1875 2994 1962; baseline 0.004 -22"><span class='ocrx_word' id='word_1_288' title='bbox 1793 1875 2037 1961; x_wconf 89' lang='lat' dir='ltr'><strong>Sicque</strong></span> <span class='ocrx_word' id='word_1_289' title='bbox 2069 1877 2234 1941; x_wconf 90' lang='lat' dir='ltr'><strong>illud</strong></span> <span class='ocrx_word' id='word_1_290' title='bbox 2279 1899 2397 1942; x_wconf 89' lang='lat' dir='ltr'><strong>vas</strong></span> <span class='ocrx_word' id='word_1_291' title='bbox 2435 1878 2702 1962; x_wconf 87' lang='lat' dir='ltr'><strong>insigne</strong></span> <span class='ocrx_word' id='word_1_292' title='bbox 2729 1883 2994 1945; x_wconf 83' lang='lat' dir='ltr'><strong>castita-</strong></span> 
     </span>
     <span class='ocr_line' id='line_1_68' title="bbox 1789 1964 2994 2050; baseline 0.005 -23"><span class='ocrx_word' id='word_1_293' title='bbox 1789 1965 1875 2027; x_wconf 92' lang='lat' dir='ltr'><strong>tis</strong></span> <span class='ocrx_word' id='word_1_294' title='bbox 1907 1964 1974 2028; x_wconf 90' lang='lat' dir='ltr'><strong>in</strong></span> <span class='ocrx_word' id='word_1_295' title='bbox 2004 1965 2246 2029; x_wconf 86' lang='lat' dir='ltr'><strong>feretro</strong></span> <span class='ocrx_word' id='word_1_296' title='bbox 2289 1966 2590 2048; x_wconf 89' lang='lat' dir='ltr'><strong>precioso</strong></span> <span class='ocrx_word' id='word_1_297' title='bbox 2625 1987 2642 2030; x_wconf 91' lang='lat'><strong>:</strong></span> <span class='ocrx_word' id='word_1_298' title='bbox 2697 1969 2894 2050; x_wconf 90' lang='lat' dir='ltr'><strong>quod</strong></span> <span class='ocrx_word' id='word_1_299' title='bbox 2941 1971 2994 2032; x_wconf 90' lang='lat' dir='ltr'><strong>ei</strong></span> 
     </span>
     <span class='ocr_line' id='line_1_69' title="bbox 1789 2057 2999 2135; baseline 0.005 -21"><span class='ocrx_word' id='word_1_300' title='bbox 1789 2071 1880 2114; x_wconf 92' lang='lat' dir='ltr'><strong>ex</strong></span> <span class='ocrx_word' id='word_1_301' title='bbox 1912 2072 2072 2116; x_wconf 90' lang='lat' dir='ltr'><strong>auro</strong></span> <span class='ocrx_word' id='word_1_302' title='bbox 2103 2062 2172 2116; x_wconf 90' lang='lat' dir='ltr'><strong>et</strong></span> <span class='ocrx_word' id='word_1_303' title='bbox 2200 2062 2480 2135; x_wconf 88' lang='lat' dir='ltr'><strong>argento</strong></span> <span class='ocrx_word' id='word_1_304' title='bbox 2510 2058 2817 2118; x_wconf 83' lang='lat' dir='ltr'><strong>construi</strong></span> <span class='ocrx_word' id='word_1_305' title='bbox 2839 2057 2999 2120; x_wconf 79' lang='lat' dir='ltr'><strong>sece-</strong></span> 
     </span>
     <span class='ocr_line' id='line_1_70' title="bbox 1788 2139 2996 2207; baseline 0.005 -6"><span class='ocrx_word' id='word_1_306' title='bbox 1788 2149 1892 2202; x_wconf 88' lang='lat' dir='ltr'><strong>rat</strong></span> <span class='ocrx_word' id='word_1_307' title='bbox 1923 2139 2190 2203; x_wconf 88' lang='lat' dir='ltr'><strong>illustris</strong></span> <span class='ocrx_word' id='word_1_308' title='bbox 2223 2161 2388 2206; x_wconf 88' lang='lat' dir='ltr'><strong>rex:</strong></span> <span class='ocrx_word' id='word_1_309' title='bbox 2438 2150 2507 2204; x_wconf 90' lang='lat' dir='ltr'><strong>et</strong></span> <span class='ocrx_word' id='word_1_310' title='bbox 2557 2144 2996 2207; x_wconf 88' lang='lat' dir='ltr'><strong>consobrinus</strong></span> 
     </span>
     <span class='ocr_line' id='line_1_71' title="bbox 1787 2226 3000 2310; baseline 0.005 -21"><span class='ocrx_word' id='word_1_311' title='bbox 1787 2226 1931 2308; x_wconf 87' lang='lat' dir='ltr'><strong>ejus</strong></span> <span class='ocrx_word' id='word_1_312' title='bbox 1962 2237 2268 2291; x_wconf 88' lang='lat' dir='ltr'><strong>strenuus</strong></span> <span class='ocrx_word' id='word_1_313' title='bbox 2299 2228 2654 2310; x_wconf 90' lang='lat' dir='ltr'><strong>anglorum</strong></span> <span class='ocrx_word' id='word_1_314' title='bbox 2703 2231 3000 2294; x_wconf 87' lang='lat' dir='ltr'><strong>debella-</strong></span> 
     </span>
     <span class='ocr_line' id='line_1_72' title="bbox 1786 2314 2996 2398; baseline 0.004 -21"><span class='ocrx_word' id='word_1_315' title='bbox 1786 2322 1894 2377; x_wconf 90' lang='lat' dir='ltr'><strong>tor</strong></span> <span class='ocrx_word' id='word_1_316' title='bbox 1951 2314 2316 2380; x_wconf 88' lang='lat' dir='ltr'><strong>wilelmus:</strong></span> <span class='ocrx_word' id='word_1_317' title='bbox 2386 2317 2634 2398; x_wconf 78' lang='lat' dir='ltr'><strong>regiis⁸</strong></span> <span class='ocrx_word' id='word_1_318' title='bbox 2685 2319 2996 2382; x_wconf 86' lang='lat' dir='ltr'><strong>manibus</strong></span> 
     </span>
     <span class='ocr_line' id='line_1_73' title="bbox 1787 2401 2998 2470; baseline 0.004 -5"><span class='ocrx_word' id='word_1_319' title='bbox 1787 2401 2185 2465; x_wconf 91' lang='lat' dir='ltr'><strong>collocatum</strong></span> <span class='ocrx_word' id='word_1_320' title='bbox 2260 2411 2363 2465; x_wconf 92' lang='lat' dir='ltr'><strong>est</strong></span> <span class='ocrx_word' id='word_1_321' title='bbox 2431 2423 2447 2467; x_wconf 93' lang='lat'><strong>:</strong></span> <span class='ocrx_word' id='word_1_322' title='bbox 2561 2403 2998 2470; x_wconf 83' lang='lat' dir='ltr'><strong>laudantibus</strong></span> 
     </span>
     <span class='ocr_line' id='line_1_74' title="bbox 1785 2488 3001 2569; baseline 0.004 -16"><span class='ocrx_word' id='word_1_323' title='bbox 1785 2489 2038 2553; x_wconf 91' lang='lat' dir='ltr'><strong>cunctis</strong></span> <span class='ocrx_word' id='word_1_324' title='bbox 2081 2509 2244 2552; x_wconf 92' lang='lat' dir='ltr'><strong>voce</strong></span> <span class='ocrx_word' id='word_1_325' title='bbox 2284 2488 2622 2569; x_wconf 90' lang='lat' dir='ltr'><strong>jocunda:</strong></span> <span class='ocrx_word' id='word_1_326' title='bbox 2675 2502 2748 2555; x_wconf 88' lang='lat' dir='ltr'><strong>et</strong></span> <span class='ocrx_word' id='word_1_327' title='bbox 2801 2495 3001 2558; x_wconf 89' lang='lat' dir='ltr'><strong>deum</strong></span> 
     </span>
     <span class='ocr_line' id='line_1_75' title="bbox 1784 2577 3002 2660; baseline 0.006 -21"><span class='ocrx_word' id='word_1_328' title='bbox 1784 2577 2386 2641; x_wconf 89' lang='lat' dir='ltr'><strong>benedicentibus:</strong></span> <span class='ocrx_word' id='word_1_329' title='bbox 2433 2579 2547 2660; x_wconf 91' lang='lat' dir='ltr'><strong>qui</strong></span> <span class='ocrx_word' id='word_1_330' title='bbox 2609 2579 2684 2642; x_wconf 89' lang='lat' dir='ltr'><strong>in</strong></span> <span class='ocrx_word' id='word_1_331' title='bbox 2747 2583 3002 2646; x_wconf 85' lang='lat' dir='ltr'><strong>sanctis</strong></span> 
     </span>
     <span class='ocr_line' id='line_1_76' title="bbox 1785 2664 3004 2748; baseline 0.007 -22"><span class='ocrx_word' id='word_1_332' title='bbox 1785 2664 1921 2728; x_wconf 90' lang='lat' dir='ltr'><strong>suis</strong></span> <span class='ocrx_word' id='word_1_333' title='bbox 1969 2684 2231 2747; x_wconf 90' lang='lat' dir='ltr'><strong>semper</strong></span> <span class='ocrx_word' id='word_1_334' title='bbox 2277 2674 2379 2728; x_wconf 89' lang='lat' dir='ltr'><strong>est</strong></span> <span class='ocrx_word' id='word_1_335' title='bbox 2426 2665 2766 2748; x_wconf 86' lang='lat' dir='ltr'><strong>gloriosus</strong></span> <span class='ocrx_word' id='word_1_336' title='bbox 2801 2671 2876 2734; x_wconf 89' lang='lat' dir='ltr'><strong>in</strong></span> <span class='ocrx_word' id='word_1_337' title='bbox 2909 2691 3004 2734; x_wconf 88' lang='lat' dir='ltr'><strong>se—</strong></span> 
     </span>
     <span class='ocr_line' id='line_1_77' title="bbox 1785 2751 3004 2824; baseline 0.006 -9"><span class='ocrx_word' id='word_1_338' title='bbox 1785 2751 1936 2815; x_wconf 90' lang='lat' dir='ltr'><strong>cula</strong></span> <span class='ocrx_word' id='word_1_339' title='bbox 1965 2753 2353 2816; x_wconf 90' lang='lat' dir='ltr'><strong>seculorum.</strong></span> <span class='ocrx_word' id='word_1_340' title='bbox 2453 2753 2686 2824; x_wconf 79' lang='lat' dir='ltr'><strong>Cetera</strong></span> <span class='ocrx_word' id='word_1_341' title='bbox 2719 2757 2828 2820; x_wconf 82' lang='lat' dir='ltr'><strong>ad</strong></span> <span class='ocrx_word' id='word_1_342' title='bbox 2869 2779 3004 2821; x_wconf 85' lang='lat' dir='ltr'><strong>ma-</strong></span> 
     </span>
     <span class='ocr_line' id='line_1_78' title="bbox 1787 2839 3008 2910; baseline 0.006 -9"><span class='ocrx_word' id='word_1_343' title='bbox 1787 2839 1929 2902; x_wconf 81' lang='lat' dir='ltr'><strong>tuti.</strong></span> <span class='ocrx_word' id='word_1_344' title='bbox 1957 2849 2024 2901; x_wconf 83' lang='lat' dir='ltr'><strong>et</strong></span> <span class='ocrx_word' id='word_1_345' title='bbox 2061 2839 2256 2904; x_wconf 77' lang='lat' dir='ltr'><strong>horas</strong></span> <span class='ocrx_word' id='word_1_346' title='bbox 2301 2839 2383 2903; x_wconf 83' lang='lat' dir='ltr'><strong>de</strong></span> <span class='ocrx_word' id='word_1_347' title='bbox 2415 2846 2759 2906; x_wconf 81' lang='lat' dir='ltr'><strong>communi</strong></span> <span class='ocrx_word' id='word_1_348' title='bbox 2803 2849 3008 2910; x_wconf 71' lang='lat' dir='ltr'><strong>unius</strong></span> 
     </span>
     <span class='ocr_line' id='line_1_79' title="bbox 1783 2927 3004 3013; baseline 0.006 -23"><span class='ocrx_word' id='word_1_349' title='bbox 1783 2927 2160 3007; x_wconf 70' lang='lat' dir='ltr'><strong>confessoris·</strong></span> <span class='ocrx_word' id='word_1_350' title='bbox 2231 2949 2358 2991; x_wconf 85' lang='lat' dir='ltr'><strong>non</strong></span> <span class='ocrx_word' id='word_1_351' title='bbox 2433 2930 2785 3013; x_wconf 64' lang='lat' dir='ltr'><strong>pontuficis</strong></span> <span class='ocrx_word' id='word_1_352' title='bbox 2865 2955 3004 2996; x_wconf 73' lang='lat' dir='ltr'><strong>cum</strong></span> 
     </span>
     <span class='ocr_line' id='line_1_80' title="bbox 1784 3015 3006 3097; baseline 0.006 -19"><span class='ocrx_word' id='word_1_353' title='bbox 1784 3015 2072 3078; x_wconf 83' lang='lat' dir='ltr'><strong>oratione</strong></span> <span class='ocrx_word' id='word_1_354' title='bbox 2103 3015 2394 3097; x_wconf 81' lang='lat' dir='ltr'><strong>propria.</strong></span> <span class='ocrx_word' id='word_1_355' title='bbox 2439 3027 2504 3079; x_wconf 83' lang='lat' dir='ltr'><strong>et</strong></span> <span class='ocrx_word' id='word_1_356' title='bbox 2557 3019 2896 3084; x_wconf 81' lang='lat' dir='ltr'><strong>memoria</strong></span> <span class='ocrx_word' id='word_1_357' title='bbox 2937 3022 3006 3084; x_wconf 80' lang='lat' dir='ltr'><strong>dc</strong></span> 
     </span>
     <span class='ocr_line' id='line_1_81' title="bbox 1783 3102 3002 3172; baseline 0.008 -9"><span class='ocrx_word' id='word_1_358' title='bbox 1783 3110 1999 3165; x_wconf 87' lang='lat' dir='ltr'><strong>sancto</strong></span> <span class='ocrx_word' id='word_1_359' title='bbox 2026 3102 2275 3167; x_wconf 72' lang='lat' dir='ltr'><strong>calixte.</strong></span> <span class='ocrx_word' id='word_1_360' title='bbox 2335 3104 2470 3167; x_wconf 75' lang='grc' dir='ltr'><strong>Αῆ.</strong></span> <span class='ocrx_word' id='word_1_361' title='bbox 2522 3104 2663 3170; x_wconf 91' lang='lat' dir='ltr'><strong>Hic</strong></span> <span class='ocrx_word' id='word_1_362' title='bbox 2695 3119 2812 3171; x_wconf 87' lang='lat' dir='ltr'><strong>est</strong></span> <span class='ocrx_word' id='word_1_363' title='bbox 2835 3131 3002 3172; x_wconf 80' lang='lat' dir='ltr'><strong>vere.</strong></span> 
     </span>
     <span class='ocr_line' id='line_1_82' title="bbox 1784 3189 2505 3277; baseline 0.003 -24"><span class='ocrx_word' id='word_1_364' title='bbox 1784 3207 1833 3277; x_wconf 71' lang='grc' dir='ltr'>γ</span> <span class='ocrx_word' id='word_1_365' title='bbox 1879 3189 2108 3254; x_wconf 88' lang='lat' dir='ltr'><strong>Gloria</strong></span> <span class='ocrx_word' id='word_1_366' title='bbox 2137 3199 2206 3253; x_wconf 92' lang='lat' dir='ltr'><strong>et</strong></span> <span class='ocrx_word' id='word_1_367' title='bbox 2236 3190 2505 3255; x_wconf 88' lang='lat' dir='ltr'><strong>honore.</strong></span> 
     </span>
    </p>
   </div>
   <div class='ocr_carea' id='block_1_15' title="bbox 3044 1331 3051 1482">
    <p class='ocr_par' dir='ltr' id='par_1_17' title="bbox 3044 1331 3051 1482">
     <span class='ocr_line' id='line_1_83' title="bbox 3044 1331 3051 1482; baseline 0 0"><span class='ocrx_word' id='word_1_368' title='bbox 3044 1331 3051 1482; x_wconf 66' lang='lat'>1</span> 
     </span>
    </p>
   </div>
   <div class='ocr_carea' id='block_1_16' title="bbox 2747 3196 3051 3260">
    <p class='ocr_par' dir='ltr' id='par_1_18' title="bbox 2747 3196 3051 3260">
     <span class='ocr_line' id='line_1_84' title="bbox 2747 3196 3051 3260; baseline -0.003 0"><span class='ocrx_word' id='word_1_369' title='bbox 2747 3196 2999 3260; x_wconf 71' lang='lat' dir='ltr'><strong>Oratio,</strong></span> <span class='ocrx_word' id='word_1_370' title='bbox 3049 3239 3051 3242; x_wconf 32' lang='lat'><em>⁴</em></span> 
     </span>
    </p>
   </div>
   <div class='ocr_carea' id='block_1_17' title="bbox 1939 3278 3051 3436">
    <p class='ocr_par' dir='ltr' id='par_1_19' title="bbox 1939 3278 3051 3436">
     <span class='ocr_line' id='line_1_85' title="bbox 1977 3278 3051 3365; baseline 0.009 -25"><span class='ocrx_word' id='word_1_371' title='bbox 1977 3297 2058 3340; x_wconf 90' lang='lat' dir='ltr'><strong>us</strong></span> <span class='ocrx_word' id='word_1_372' title='bbox 2118 3278 2230 3360; x_wconf 91' lang='lat' dir='ltr'><strong>qui</strong></span> <span class='ocrx_word' id='word_1_373' title='bbox 2293 3299 2414 3342; x_wconf 92' lang='lat' dir='ltr'><strong>nos</strong></span> <span class='ocrx_word' id='word_1_374' title='bbox 2490 3284 2847 3365; x_wconf 87' lang='lat' dir='ltr'><strong>conspicis</strong></span> <span class='ocrx_word' id='word_1_375' title='bbox 2921 3307 3000 3348; x_wconf 78' lang='lat' dir='ltr'><strong>ex</strong></span> <span class='ocrx_word' id='word_1_376' title='bbox 3049 3299 3051 3360; x_wconf 63' lang='grc' dir='ltr'>ξ</span> 
     </span>
     <span class='ocr_line' id='line_1_86' title="bbox 1939 3365 3051 3436; baseline 0.008 -8"><span class='ocrx_word' id='word_1_377' title='bbox 1939 3374 2164 3429; x_wconf 90' lang='lat' dir='ltr'><strong>nostra</strong></span> <span class='ocrx_word' id='word_1_378' title='bbox 2217 3365 2605 3431; x_wconf 87' lang='lat' dir='ltr'><strong>infirmitate</strong></span> <span class='ocrx_word' id='word_1_379' title='bbox 2661 3371 3000 3436; x_wconf 86' lang='lat' dir='ltr'><strong>deficere:</strong></span> <span class='ocrx_word' id='word_1_380' title='bbox 3048 3365 3051 3410; x_wconf 43' lang='grc' dir='ltr'><strong>Ἴ</strong></span> 
     </span>
    </p>
   </div>
   <div class='ocr_carea' id='block_1_18' title="bbox 1781 3452 3007 3892">
    <p class='ocr_par' dir='ltr' id='par_1_20' title="bbox 1781 3452 3007 3892">
     <span class='ocr_line' id='line_1_87' title="bbox 1783 3452 3006 3524; baseline 0.007 -8"><span class='ocrx_word' id='word_1_381' title='bbox 1783 3452 1868 3517; x_wconf 91' lang='lat' dir='ltr'><strong>ad</strong></span> <span class='ocrx_word' id='word_1_382' title='bbox 1899 3473 2196 3518; x_wconf 88' lang='lat' dir='ltr'><strong>amorem</strong></span> <span class='ocrx_word' id='word_1_383' title='bbox 2241 3461 2432 3518; x_wconf 90' lang='lat' dir='ltr'><strong>tuum</strong></span> <span class='ocrx_word' id='word_1_384' title='bbox 2465 3475 2592 3518; x_wconf 93' lang='lat' dir='ltr'><strong>nos</strong></span> <span class='ocrx_word' id='word_1_385' title='bbox 2624 3459 3006 3524; x_wconf 86' lang='lat' dir='ltr'><strong>misericor·</strong></span> 
     </span>
     <span class='ocr_line' id='line_1_88' title="bbox 1781 3542 3004 3624; baseline 0.007 -20"><span class='ocrx_word' id='word_1_386' title='bbox 1781 3542 1954 3605; x_wconf 91' lang='lat' dir='ltr'><strong>diter</strong></span> <span class='ocrx_word' id='word_1_387' title='bbox 1983 3561 2101 3624; x_wconf 92' lang='lat' dir='ltr'><strong>per</strong></span> <span class='ocrx_word' id='word_1_388' title='bbox 2129 3550 2509 3605; x_wconf 88' lang='lat' dir='ltr'><strong>sanctorum</strong></span> <span class='ocrx_word' id='word_1_389' title='bbox 2559 3553 2852 3611; x_wconf 88' lang='lat' dir='ltr'><strong>tuorum</strong></span> <span class='ocrx_word' id='word_1_390' title='bbox 2895 3569 3004 3612; x_wconf 80' lang='lat' dir='ltr'><strong>ex·</strong></span> 
     </span>
     <span class='ocr_line' id='line_1_89' title="bbox 1781 3628 3006 3712; baseline 0.006 -19"><span class='ocrx_word' id='word_1_391' title='bbox 1781 3628 2005 3711; x_wconf 87' lang='lat' dir='ltr'><strong>empla</strong></span> <span class='ocrx_word' id='word_1_392' title='bbox 2050 3638 2362 3694; x_wconf 88' lang='lat' dir='ltr'><strong>restaura.</strong></span> <span class='ocrx_word' id='word_1_393' title='bbox 2451 3651 2576 3712; x_wconf 89' lang='lat' dir='ltr'><strong>per</strong></span> <span class='ocrx_word' id='word_1_394' title='bbox 2619 3635 3006 3700; x_wconf 82' lang='lat' dir='ltr'><strong>dominum.</strong></span> 
     </span>
     <span class='ocr_line' id='line_1_90' title="bbox 1783 3717 3007 3802; baseline -0.007 -19"><span class='ocrx_word' id='word_1_395' title='bbox 1783 3723 1850 3795; x_wconf 63' lang='lat' dir='ltr'>ff</span> <span class='ocrx_word' id='word_1_396' title='bbox 1914 3717 2152 3782; x_wconf 82' lang='lat' dir='ltr'><strong>Sancti</strong></span> <span class='ocrx_word' id='word_1_397' title='bbox 2197 3718 2428 3782; x_wconf 76' lang='lat' dir='ltr'><strong>calixti</strong></span> <span class='ocrx_word' id='word_1_398' title='bbox 2467 3729 2645 3802; x_wconf 81' lang='lat' dir='ltr'><strong>pape</strong></span> <span class='ocrx_word' id='word_1_399' title='bbox 2697 3733 2766 3785; x_wconf 80' lang='lat' dir='ltr'><strong>et</strong></span> <span class='ocrx_word' id='word_1_400' title='bbox 2831 3745 3007 3787; x_wconf 70' lang='lat' dir='ltr'><strong>mar..</strong></span> 
     </span>
     <span class='ocr_line' id='line_1_91' title="bbox 1783 3805 3004 3892; baseline 0.007 -25"><span class='ocrx_word' id='word_1_401' title='bbox 1783 3805 1962 3886; x_wconf 68' lang='lat' dir='ltr'><strong>tyris.</strong></span> <span class='ocrx_word' id='word_1_402' title='bbox 2581 3807 2734 3874; x_wconf 87' lang='lat' dir='ltr'><strong>Lec.</strong></span> <span class='ocrx_word' id='word_1_403' title='bbox 2757 3812 3004 3892; x_wconf 66' lang='lat' dir='ltr'><strong>prinm-</strong></span> 
     </span>
    </p>
   </div>
   <div class='ocr_carea' id='block_1_19' title="bbox 1801 3891 3008 4051">
    <p class='ocr_par' dir='ltr' id='par_1_21' title="bbox 1801 3891 3008 4051">
     <span class='ocr_line' id='line_1_92' title="bbox 1801 3891 3008 4026; baseline 0.007 -71"><span class='ocrx_word' id='word_1_404' title='bbox 1801 3891 2328 4026; x_wconf 75' lang='lat' dir='ltr'><strong>Temporibus</strong></span> <span class='ocrx_word' id='word_1_405' title='bbox 2353 3895 2683 3958; x_wconf 80' lang='lat' dir='ltr'><strong>materni⁹</strong></span> <span class='ocrx_word' id='word_1_406' title='bbox 2715 3909 2788 3962; x_wconf 90' lang='lat' dir='ltr'><strong>et</strong></span> <span class='ocrx_word' id='word_1_407' title='bbox 2825 3901 3008 3962; x_wconf 80' lang='lat' dir='ltr'><strong>alex·</strong></span> 
     </span>
     <span class='ocr_line' id='line_1_93' title="bbox 1945 3980 3008 4051; baseline 0.008 -7"><span class='ocrx_word' id='word_1_408' title='bbox 1945 3980 2134 4044; x_wconf 88' lang='lat' dir='ltr'><strong>andri</strong></span> <span class='ocrx_word' id='word_1_409' title='bbox 2185 3981 2493 4044; x_wconf 86' lang='lat' dir='ltr'><strong>incendio</strong></span> <span class='ocrx_word' id='word_1_410' title='bbox 2553 3984 2800 4050; x_wconf 89' lang='lat' dir='ltr'><strong>divino</strong></span> <span class='ocrx_word' id='word_1_411' title='bbox 2861 4006 3008 4051; x_wconf 79' lang='lat' dir='ltr'><strong>con-</strong></span> 
     </span>
    </p>
   </div>
   <div class='ocr_carea' id='block_1_20' title="bbox 1780 4071 3004 4246">
    <p class='ocr_par' dir='ltr' id='par_1_22' title="bbox 1780 4071 3004 4246">
     <span class='ocr_line' id='line_1_94' title="bbox 1781 4071 3004 4153; baseline 0.005 -21"><span class='ocrx_word' id='word_1_412' title='bbox 1781 4078 2074 4132; x_wconf 87' lang='lat' dir='ltr'><strong>cremata</strong></span> <span class='ocrx_word' id='word_1_413' title='bbox 2104 4077 2204 4131; x_wconf 88' lang='lat' dir='ltr'><strong>est</strong></span> <span class='ocrx_word' id='word_1_414' title='bbox 2248 4089 2402 4151; x_wconf 89' lang='lat' dir='ltr'><strong>pars</strong></span> <span class='ocrx_word' id='word_1_415' title='bbox 2447 4071 2760 4153; x_wconf 87' lang='lat' dir='ltr'><strong>capitolii</strong></span> <span class='ocrx_word' id='word_1_416' title='bbox 2796 4097 2848 4138; x_wconf 84' lang='lat' dir='ltr'><strong>a</strong></span> <span class='ocrx_word' id='word_1_417' title='bbox 2879 4095 3004 4138; x_wconf 84' lang='lat' dir='ltr'><strong>me-</strong></span> 
     </span>
     <span class='ocr_line' id='line_1_95' title="bbox 1780 4156 3002 4246; baseline 0.007 -27"><span class='ocrx_word' id='word_1_418' title='bbox 1780 4157 2040 4220; x_wconf 86' lang='lat' dir='ltr'><strong>ridiano</strong></span> <span class='ocrx_word' id='word_1_419' title='bbox 2085 4166 2154 4219; x_wconf 88' lang='lat' dir='ltr'><strong>et</strong></span> <span class='ocrx_word' id='word_1_420' title='bbox 2207 4156 2384 4220; x_wconf 89' lang='lat' dir='ltr'><strong>intra</strong></span> <span class='ocrx_word' id='word_1_421' title='bbox 2429 4159 2778 4242; x_wconf 86' lang='lat' dir='ltr'><strong>templum</strong></span> <span class='ocrx_word' id='word_1_422' title='bbox 2835 4162 3002 4246; x_wconf 76' lang='lat' dir='ltr'><strong>jovis</strong></span> 
     </span>
    </p>
   </div>
   <div class='ocr_carea' id='block_1_21' title="bbox 2315 4316 2870 4517">
    <p class='ocr_par' dir='ltr' id='par_1_23' title="bbox 2315 4316 2870 4517">
     <span class='ocr_line' id='line_1_96' title="bbox 2324 4316 2870 4380; baseline 0.018 -16"><span class='ocrx_word' id='word_1_423' title='bbox 2324 4316 2758 4380; x_wconf 67' lang='lat' dir='ltr'><strong>’repperemntx</strong></span> <span class='ocrx_word' id='word_1_424' title='bbox 2797 4322 2870 4374; x_wconf 88' lang='lat' dir='ltr'><strong>R.</strong></span> 
     </span>
     <span class='ocr_line' id='line_1_97' title="bbox 2325 4381 2792 4440; baseline 0.017 -8"><span class='ocrx_word' id='word_1_425' title='bbox 2325 4381 2348 4411; x_wconf 86' lang='lat'>⁸</span> <span class='ocrx_word' id='word_1_426' title='bbox 2387 4382 2684 4436; x_wconf 85' lang='lat' dir='ltr'><strong>‘et’om.=</strong></span> <span class='ocrx_word' id='word_1_427' title='bbox 2722 4387 2792 4440; x_wconf 89' lang='lat' dir='ltr'><strong>R.</strong></span> 
     </span>
     <span class='ocr_line' id='line_1_98' title="bbox 2315 4447 2724 4517; baseline 0.017 -21"><span class='ocrx_word' id='word_1_428' title='bbox 2315 4447 2625 4517; x_wconf 38' lang='grc' dir='ltr'><strong>’Νῶε</strong></span> <span class='ocrx_word' id='word_1_429' title='bbox 2663 4451 2724 4503; x_wconf 87' lang='lat' dir='ltr'><strong>S.</strong></span> 
     </span>
    </p>
   </div>
  </div>
 </body>
</html>
