3117 4959
1129 226 1501 285 NOMJNJS
1546 226 1780 303 JESU.

737 338 869 391 777

208 436 349 498 licet
410 456 533 500 non
588 458 695 517 per
773 440 965 517 ipsam
1044 438 1403 501 ineffabilem

208 517 447 577 deitatis
488 538 593 578 sue
632 518 1019 579 substantiam
1060 520 1169 579 sed
1208 520 1405 596 potius

153 638 157 641 -
206 614 317 671 per
378 596 703 673 angelicam
758 597 1019 673 speciem
1070 618 1110 656 a
1161 597 1405 659 meridie

208 675 368 735 visus
394 686 497 735 est.
543 676 737 736 Nobis
764 676 999 754 triginta
1025 675 1209 737 tribus
1235 676 1406 736 annis

207 753 273 812 in
294 764 447 813 terra
471 755 741 831 apparuit
770 779 783 815 :
813 767 871 816 et
899 774 1035 815 cum
1064 755 1405 815 hominibus

208 834 543 893 conversari
590 833 863 907 dignatus
909 845 998 895 est
1025 837 1217 912 Jacob
1242 833 1407 895 brevi

210 922 479 987 ternpore
521 932 625 989 per
665 914 943 991 angelum
986 913 1405 974 nichilominus

208 990 480 1066 apparuit
507 993 831 1051 colluctans
858 1010 997 1051 cum
1034 1011 1108 1051 eo
1142 1014 1153 1051 :
1201 1011 1406 1068 quam·

208 1087 391 1145 quam
419 1088 483 1129 se
508 1071 587 1129 ab
616 1090 691 1129 eo
718 1070 976 1147 superari
1003 1070 1266 1147 permisit
1287 1071 1304 1106 ¹
1338 1080 1406 1131 ut

204 1147 370 1205 hunc
421 1150 713 1208 mundum
755 1150 936 1209 corde
976 1149 1185 1209 merito
1229 1152 1406 1209 bene·

206 1225 432 1286 diceret
458 1239 637 1303 atque
664 1226 833 1287 israel
860 1226 1207 1289 nominaret.
1280 1230 1403 1288 No-

206 1304 443 1363 biscum
483 1306 631 1365 deus
671 1306 923 1383 amplius
964 1307 1267 1384 magisque
1294 1326 1403 1383 pro

204 1383 381 1444 nobis
424 1384 799 1460 magnificum
853 1396 1151 1445 certamen
1218 1385 1404 1445 adim-

205 1463 377 1537 plens
406 1474 464 1522 et
490 1481 677 1539 usque
712 1465 791 1523 ad
832 1475 1083 1524 mortem
1109 1466 1403 1525 accedens

204 1551 273 1599 ut
312 1557 501 1601 morte
548 1560 655 1601 sua
696 1552 947 1602 mortem
997 1542 1295 1603 occideret
1343 1558 1403 1603 et

205 1617 689 1679 benedictionem
704 1631 884 1697 atque
901 1620 1402 1681 immortalitatem

95 1711 109 1725 ·
205 1699 435 1758 mundo
488 1699 669 1759 corde
722 1700 949 1776 populo
1014 1702 1398 1761 condonaret.

208 1774 331 1850 Qui
356 1776 707 1837 fiducialiter
731 1778 877 1838 dicit
894 1777 1209 1837 nobiscum
1232 1780 1397 1838 deus,

204 1856 323 1913 Per
365 1855 850 1933 evangelistarum
890 1868 951 1917 et
996 1860 1399 1933 apostolorum

165 2002 177 2005 ,
199 1932 672 2010 predicationem
694 1954 800 2011 per
820 1935 1008 1995 sancti
1026 1936 1117 1995 sui
1137 1936 1400 2013 corporis

200 2024 681 2081 sacramentum:
741 2032 851 2091 per
900 2014 1155 2091 gloriose
1208 2014 1399 2075 crucis

198 2090 573 2167 signaculum
610 2114 623 2152 ε
690 2111 797 2169 per
847 2093 1087 2170 gloriosi
1140 2093 1399 2153 nominis

198 2169 293 2228 sui
350 2170 783 2230 exaltationem.
902 2173 1017 2231 Per
1080 2170 1193 2231 ista
1258 2191 1399 2249 ergo

196 2246 407 2307 omnia
432 2249 747 2309 nobiscum
788 2250 951 2309 deus
1040 2250 1166 2326 Ipsi
1206 2251 1399 2310 honor

196 2337 263 2387 et
288 2326 475 2403 gloria
500 2326 562 2386 ln
591 2330 789 2388 secula
805 2330 1137 2389 seculorum
1154 2330 1399 2389 Amen.²

198 2406 347 2464 Hec
370 2417 567 2466 autem
598 2406 814 2484 scripta
854 2418 991 2466 sunt
1035 2418 1101 2467 ut
1143 2408 1395 2469 credatis

196 2483 346 2559 quia
369 2486 545 2559 Jesus
574 2497 663 2546 est
689 2485 955 2547 Christus
984 2486 1137 2545 filius
1165 2486 1264 2546 dei
1295 2510 1308 2547 :
1338 2498 1397 2547 et

195 2574 269 2621 ut
322 2565 631 2623 credentes
695 2564 877 2624 vitam
943 2564 1223 2625 habeatis.
1321 2568 1392 2625 In

196 2639 443 2702 nomine
471 2640 645 2718 ejus.a
725 2642 1107 2704 Confitemini
1147 2643 1395 2703 domino

196 2730 261 2779 et
289 2719 559 2781 invocate
601 2739 824 2781 nomen
866 2724 994 2797 ejus
1036 2722 1395 2783 annunciate

192 2796 353 2857 inter
376 2810 581 2875 gentes
625 2819 806 2876 opera
833 2802 975 2875 ejus
1025 2802 1124 2861 Ut.
1174 2800 1389 2861 Gloria.

196 2876 323 2935 1n.⁴
405 2880 494 2937 Te
537 2878 765 2938 deum.⁶
836 2879 1216 2955 Adjutorium
1254 2898 1393 2939 nos-

192 2966 354 3014 trum
380 2954 443 3015 in
470 2956 712 3016 nomine
756 2957 999 3017 domini.
1085 2958 1207 3034 Qui
1254 2958 1395 3019 fecit

192 3035 395 3093 celum
422 3045 483 3095 et
511 3034 771 3095 terram.⁶

218 3113 577 3219 Vocatum
630 3126 719 3175 est
772 3133 994 3175 nomen
1048 3116 1176 3191 ejus
1217 3116 1392 3191 Jesus

269 3270 281 3281 ι
341 3192 507 3267 quod
566 3204 843 3283 vocatum
901 3204 992 3255 est
1047 3194 1125 3253 ab
1178 3196 1391 3270 angelo

188 3288 541 3347 priusquam
617 3290 679 3331 1n
746 3280 915 3333 utero
984 3272 1393 3348 conciperetur

185 3348 371 3407 all'a.⁷
453 3348 747 3410 Dominus
774 3350 1051 3427 regnavit.
1096 3356 1191 3409 ar‘z.
1238 3352 1390 3427 Lau-

186 3428 334 3487 date
400 3446 621 3487 nomen
687 3428 917 3488 domini
996 3428 1180 3489 nostri
1246 3432 1391 3505 Jesu

187 3504 415 3567 Christi
457 3506 741 3583 quoniam
784 3506 979 3567 suavis
1023 3519 1114 3568 est
1158 3508 1287 3584 ipse
1329 3518 1389 3568 et

186 3583 251 3644 in
303 3594 573 3645 eternum
612 3585 1016 3647 misericordia
1058 3588 1185 3661 ejus
1237 3587 1383 3646 all’a.

175 3664 271 3741 pi.
342 3662 619 3739 Jubilate.
741 3668 837 3725 ar‘t.
913 3664 1273 3725 Benedicam
1328 3676 1388 3725 te

184 3741 434 3802 domine
459 3744 605 3818 Jesu
630 3742 690 3801 in
717 3742 839 3803 vita
864 3762 999 3804 mea
1024 3756 1086 3803 et
1113 3743 1176 3803 in
1200 3742 1389 3803 nomi-

184 3840 265 3879 ne
296 3832 399 3879 tuo
425 3822 637 3881 levabo
664 3840 873 3881 manus
901 3841 1070 3882 meus
1097 3824 1243 3881 all’a.
1289 3823 1382 3898 pi.

188 3901 363 3959 Deus
391 3899 557 3959 deus,
640 3907 735 3959 αῆ.
781 3898 937 3977 Justi
966 3903 1225 3961 tulerunt
1250 3919 1387 3977 spo-

180 3976 265 4035 lia
282 3976 599 4053 impiorum
610 3990 670 4037 et
686 3979 1145 4040 decantaverunt
1160 3998 1383 4039 nomen

181 4065 357 4115 tuum
397 4056 643 4117 domine
699 4067 759 4117 et
800 4056 1099 4118 victricem
1140 4076 1382 4117 manum

181 4146 351 4194 tuam
414 4135 805 4197 laudaverunt
867 4136 1083 4213 pariter
1139 4136 1385 4197 domine

251 4405 273 4431 '¹
308 4394 357 4467 Ῠ
386 4354 488 4453 :eS.
610 4376 623 4390 ⁸
742 4375 771 4437 ⁰⁸
802 4375 1009 4456 nostra:
1046 4404 1114 4455 N.

1280 4277 1302 4307 ²
1330 4276 1419 4326 Re.
1444 4290 1462 4324 .·
1495 4275 1566 4325 N.
1980 4272 2001 4302 ⁸
2036 4260 2087 4335 Ῠ

1281 4342 1303 4372 ⁸
1334 4341 1425 4390 Re.
1450 4355 1469 4388 .·
1500 4340 1574 4389 Ν.

1317 4409 1338 4437 ⁰
1378 4404 1507 4469 ‘Qui
1530 4404 1673 4455 sedes
1694 4403 1762 4454 ad
1784 4403 2038 4455 dexteram
2061 4403 2218 4469 patris
2233 4402 2246 4427 '
2273 4402 2373 4451 add
2407 4401 2476 4451 N.

2028 336 2168 391 778

1503 439 1656 500 deus
1707 449 1922 501 noster.
2011 441 2105 516 pi.
2153 436 2514 499 Benedicite.
2597 447 2696 499 aa.

1502 520 1766 595 Juvenes
1793 530 1854 579 et
1879 517 2130 595 virgines
2159 537 2330 578 senes
2359 536 2498 577 cum
2542 517 2698 592 juni·

1502 598 1704 657 oribus
1744 599 1989 659 laudent
2029 616 2250 657 nomen
2290 595 2520 656 domini
2561 595 2702 672 quia

1502 678 1825 737 exaltatum
1881 686 1969 737 est
2036 694 2260 739 nomen
2327 676 2456 751 ejus
2515 676 2699 735 solius

1500 756 1653 815 all'a.
1724 763 1818 833 ps.
1864 756 2148 815 Laudate.
2557 755 2696 829 Cap.

1496 834 1844 942 ‚Omnibus
1890 834 1992 910 qui
2035 834 2316 893 invocant
2341 851 2563 893 nomen
2591 834 2700 893 do·

1607 912 1752 972 mini
1779 912 1965 973 nostr-i
1990 912 2384 990 Jesu'Christi
2425 912 2487 971 in
2534 909 2700 971 omni

1502 993 1640 1053 loco
1707 991 1969 1068 ipsorum
2048 1003 2110 1053 et
2189 1004 2392 1051 nostro
2410 990 2435 1027 ⁸
2514 990 2701 1067 gratia

1501 1070 1673 1131 vobis
1702 1082 1760 1130 et
1785 1090 1904 1147 pax
1947 1090 1986 1129 a
2029 1072 2148 1131 deo
2189 1082 2352 1149 patre
2393 1082 2597 1130 nostro
2638 1081 2700 1130 et

1500 1149 1749 1210 domino
1775 1150 1919 1225 Jesu
1947 1150 2201 1211 Christo.
2401 1150 2699 1225 Hymnus.

1619 1246 1726 1287 esu
1752 1239 1958 1288 auctor
1985 1227 2300 1310 clementie
2340 1227 2520 1287 totius
2561 1246 2698 1304 spes

1618 1306 1813 1365 leticie
1880 1306 2138 1366 dulcoris
2205 1309 2338 1366 fons
2402 1317 2463 1366 et
2514 1306 2698 1381 gratie

1498 1403 1637 1446 vere
1691 1384 1886 1445 cordis
1939 1384 2166 1445 delicie.
2274 1386 2458 1463 Jesu
2512 1387 2698 1444 decus

1498 1463 1832 1541 angelicum
1875 1462 1938 1522 in
1990 1482 2130 1522 aure
2179 1464 2355 1522 dulce
2396 1462 2698 1521 canticum

1500 1541 1561 1601 in
1591 1561 1693 1603 ore
1714 1544 1832 1602 mel
1860 1540 2168 1601 mirificum
2195 1540 2258 1599 in
2285 1541 2468 1601 corde
2495 1552 2698 1600 nectar

1498 1620 1768 1681 celicum.
1839 1622 2015 1699 Jesu
2055 1621 2167 1680 flos
2205 1620 2405 1679 matris
2431 1619 2696 1695 virginis:

1497 1700 1666 1760 favus
1713 1698 1859 1759 mire
1902 1698 2276 1759 dulcedinis:
2332 1699 2518 1758 decus
2586 1700 2694 1757 hu·

1498 1778 1661 1837 mani
1687 1778 1916 1855 generis
1943 1778 2022 1837 da
2047 1779 2240 1837 lucem
2269 1776 2390 1836 veri
2435 1775 2690 1837 luminis.

1504 1857 1680 1935 Jesu
1707 1858 1834 1916 sole
1863 1856 2123 1916 serenior
2163 1866 2222 1915 et
2263 1856 2530 1915 balsamo
2557 1875 2691 1915 sua-

1498 1935 1625 1996 vior
1723 1934 1890 1994 omni
1955 1935 2199 1994 dulcore
2280 1932 2508 1993 dulcior
2585 1953 2693 2010 pre

1497 2012 1727 2073 cunctis
1782 2012 2104 2073 amabilior.
2221 2013 2402 2102 Jesu
2462 2030 2693 2073 summa

1495 2092 1830 2169 benignitas
1884 2092 2030 2151 mira
2071 2093 2268 2152 cordis
2306 2090 2688 2168 jocunditas:

1494 2170 1987 2248 incomprehensa
2015 2170 2248 2231 bonitas
2293 2188 2404 2229 nos
2447 2169 2690 2247 stringat

1483 2260 1597 2313 ‚tua
1623 2249 1847 2310 caritas.
1912 2251 2050 2309 Rex
2075 2250 2354 2309 virtutum
2379 2268 2483 2308 rex
2508 2248 2692 2325 gloria

1493 2347 1597 2387 rex
1650 2328 1895 2407 insignis
1947 2327 2226 2389 victorie:
2263 2330 2408 2404 Jesu
2454 2328 2692 2405 largitor

1492 2406 1722 2483 gratie:
1791 2410 1986 2467 honor
2038 2407 2270 2469 celestis
2325 2405 2500 2467 curie.
2599 2408 2688 2467 Te

1491 2486 1606 2545 celi
1645 2487 1860 2546 chorus
1899 2486 2166 2563 predicat
2206 2497 2267 2546 et
2310 2498 2440 2546 tuas
2481 2486 2688 2545 laudes

1490 2564 1738 2640 replicat
1794 2568 1971 2641 Jesus
2023 2568 2230 2625 orbem
2283 2564 2566 2624 letificat:
2629 2575 2690 2624 et

1490 2662 1604 2703 nos
1633 2645 1749 2703 deo
1776 2642 2063 2720 pacificat.
2140 2642 2345 2703 Gloria
2366 2642 2474 2702 tibi
2502 2643 2689 2701 domi-

1492 2740 1570 2781 ne
1598 2721 1703 2797 qui
1739 2732 1912 2781 natus
1955 2740 2020 2781 es
2067 2722 2146 2781 de
2185 2720 2423 2797 virgine.
2506 2722 2559 2796 Ῡ
2600 2720 2687 2780 Sit

1491 2819 1716 2859 nomen
1783 2799 2013 2860 domini
2079 2802 2224 2875 Jesu
2287 2797 2682 2859 benedictum.

1490 2880 1592 2937 Re.
1640 2881 1732 2937 Ex
1757 2880 1875 2937 hoc
1915 2896 2074 2937 nunc
2115 2889 2175 2936 et
2213 2895 2402 2953 usque
2434 2876 2492 2934 in
2522 2896 2687 2936 secu-

1489 2958 1631 3015 lum.
1733 2964 1830 3015 αῆ.
1900 2957 2127 3032 Joseph
2181 2954 2261 3014 fili
2314 2954 2494 3015 david
2561 2956 2687 3015 noli

1491 3034 1698 3095 timere
1745 3034 2012 3111 accipere
2067 3034 2310 3093 mariam
2366 3036 2682 3111 conjugem

1490 3125 1654 3173 tuam
1684 3137 1698 3173 :
1752 3116 1918 3191 quod
1957 3112 2115 3173 enim
2160 3112 2221 3171 in
2262 3131 2333 3171 ea
2359 3125 2565 3171 natum
2593 3124 2686 3173 est

1490 3193 1568 3252 de
1597 3191 1802 3269 spiritu
1845 3203 2053 3252 sancto
2089 3202 2219 3251 est:
2260 3190 2448 3267 pariet
2483 3202 2684 3251 autem

1486 3271 1672 3330 filium
1700 3283 1760 3332 et
1787 3270 2027 3331 vocabis
2053 3288 2274 3330 nomen
2302 3271 2430 3346 ejus
2450 3272 2684 3345 Jesum:

1488 3348 1616 3427 ipse
1672 3350 1830 3409 enim
1885 3351 2111 3409 salvum
2165 3347 2341 3408 faciet
2393 3351 2683 3425 populum

1488 3447 1664 3489 suum
1689 3448 1728 3487 a
1755 3427 2015 3505 peccatis
2056 3446 2276 3488 eorum.
2347 3428 2440 3503 pi.
2490 3428 2681 3486 Bene-

1487 3506 1700 3567 dictus.
1773 3509 1992 3569 Oratio,
2068 3508 2234 3567 Deus
2262 3506 2366 3583 qui
2388 3504 2682 3583 gloriosis-

1486 3585 1718 3645 simum.
1801 3587 1911 3645 Ad
1940 3587 2205 3663 primam
2247 3590 2344 3644 αῆ.
2387 3587 2686 3645 Vocatum

1486 3674 1590 3725 est.
1677 3667 1780 3724 Re.
1822 3668 1968 3741 Jesu
2012 3664 2247 3725 Christe
2293 3662 2376 3724 fili
2419 3664 2524 3723 dei
2567 3661 2684 3722 vivi

1484 3742 1762 3804 miserere
1797 3742 2020 3803 nobis.⁹
2101 3745 2154 3819 Ῡ
2193 3745 2290 3801 Tu
2332 3741 2512 3817 patris
2553 3760 2681 3799 ver-

1483 3821 1700 3898 bigena
1724 3822 1912 3880 factus
1940 3839 2078 3880 caro
2099 3821 2278 3879 deum
2301 3818 2476 3879 nobis
2497 3819 2682 3878 homo

1479 3901 1654 3976 placa
1680 3901 1828 3961 deus
1857 3910 1916 3959 et
1941 3900 2022 3957 da
2041 3898 2290 3958 veniam.
2333 3898 2443 3955 Ad
2451 3898 2682 3954 teru'am

1482 3986 1584 4038 ar't.
1654 3980 1939 4037 Laudate.
2049 3979 2144 4053 pi.
2211 3978 2433 4050 Legem
2500 3993 2676 4051 pone.

1493 4058 1633 4133 Cap.
1693 4055 1988 4117 Omnibus
2042 4054 2154 4130 qui·
2198 4053 2489 4127 invocant.
2575 4055 2678 4111 Re.

1486 4134 1780 4197 Laudabo
1832 4150 2058 4193 nomen
2110 4130 2209 4192 dei
2248 4150 2386 4190 cum
2446 4130 2682 4191 cantico

1983 4339 2006 4369 ⁸
2039 4264 2292 4401 Innggicd.
2321 4340 2438 4385 aaa.
2465 4350 2484 4384 .·
2515 4336 2586 4387 N.
