3117 4959
884 233 940 285 A
949 231 1046 286 SS
1051 231 1288 287 UMPT
1284 232 1323 287 I
1323 232 1521 286 ONIS
1566 232 1858 286 MARJE.

683 339 820 394 491

325 453 562 508 antum
622 463 780 508 cura
815 465 830 508 τ
909 453 982 509 ut
1055 445 1146 508 sis
1220 464 1352 527 que

327 533 532 614 digne
562 531 832 596 laudare
856 532 1085 613 possis
1149 532 1350 615 Quod

143 621 204 682 si
259 623 610 684 continens
662 630 732 684 et
777 629 996 683 casta:
1041 640 1352 684 venerare

143 719 222 771 et
257 707 496 771 lauda:
542 708 698 789 quia
735 727 869 771 non
901 708 1166 772 aliunde
1196 727 1351 772 con·

143 805 294 859 stat
337 805 412 858 ut
457 796 670 878 possis
724 815 870 858 esse
915 805 1102 858 casta
1148 815 1352 878 quam

143 904 244 946 ex
293 885 512 964 gratia
557 882 840 948 Christi:
883 903 1014 967 que
1045 883 1168 946 fuit
1214 882 1352 967 ple-

144 973 428 1034 nissime
461 972 528 1033 in
561 973 806 1034 maria:
853 991 1056 1052 quam
1102 970 1352 1035 laudas

143 1058 363 1141 Quod
423 1060 478 1122 si
541 1059 896 1140 conjugata
977 1068 1154 1121 certe
1237 1068 1353 1122 aut

141 1147 497 1228 peccatrix
528 1167 543 1210 ε
589 1147 1016 1209 nihilominus
1039 1145 1353 1210 confitere

142 1244 219 1297 et
256 1235 498 1296 lauda:
545 1235 860 1315 quoniam
907 1234 1060 1297 inde
1103 1234 1353 1296 miseri-

139 1322 386 1384 cordia
415 1322 723 1385 omnibus
755 1321 1074 1404 profluxit
1104 1331 1172 1384 et
1201 1342 1352 1403 gra-

137 1411 250 1472 tia
281 1419 359 1472 ut
390 1410 677 1473 laudent.
1013 1409 1224 1472 Lectio
1254 1409 1350 1490 iij.

308 1508 337 1560 t
383 1499 684 1578 quamvis
731 1517 864 1560 non
899 1496 1006 1560 fit¹
1051 1499 1352 1579 speciosa

308 1585 454 1648 laus
495 1586 559 1647 in
605 1605 717 1648 ore
763 1587 1168 1668 peccatoris:
1215 1584 1352 1647 noli

133 1693 416 1736 cessare
444 1694 458 1736 :
505 1674 660 1756 quia
691 1674 846 1736 inde
877 1672 998 1737 tibi
1023 1673 1352 1754 promitti-

131 1770 264 1824 tur
291 1761 533 1824 venia:
579 1761 758 1824 unde
805 1769 874 1823 et
921 1760 1231 1823 omnibus
1277 1770 1350 1823 ut

133 1849 408 1912 laudes.
483 1848 806 1930 Alioquin
829 1848 954 1910 nisi
980 1849 1178 1929 juxta
1210 1868 1352 1910 mo-

130 1937 314 2000 dum
351 1937 599 2017 ingenii
631 1937 835 1999 nostri
855 1937 1055 1998 deum
1081 1936 1352 2000 laudare

131 2025 210 2088 in
247 2025 505 2088 sanctis
535 2024 672 2087 suis
710 2024 1096 2086 studeamus
1125 2045 1140 2087 :
1187 2043 1350 2104 quo-

131 2113 362 2175 modo
385 2131 539 2174 eum
563 2111 927 2174 secundum
958 2112 1141 2194 quod
1172 2111 1349 2174 cani-

133 2221 304 2262 mus
332 2200 536 2279 juxta
565 2199 1061 2262 multitudinem
1095 2199 1349 2280 magni-

129 2288 408 2351 tudinis
427 2307 542 2350 sue
563 2286 830 2351 laudare
853 2287 1232 2368 poterimus,
1263 2286 1349 2350 In

127 2373 487 2456 evangelio
514 2383 619 2438 αῆ.
697 2375 946 2440 Sancta
976 2374 1184 2437 maria
1215 2393 1347 2436 non

128 2473 250 2529 est
286 2463 413 2526 tibi
445 2462 676 2525 similis
721 2472 868 2524 orta
899 2462 966 2525 in
999 2462 1254 2525 mundo
1279 2462 1348 2524 in

129 2550 579 2616 mulieribus:
625 2549 866 2613 florens
895 2558 970 2613 ut
1001 2569 1150 2612 rosa
1176 2570 1191 2613 :
1221 2548 1350 2612 sra-

127 2659 356 2722 grans
390 2639 558 2701 sicut
581 2637 789 2701 lilium
815 2659 830 2701 ε
877 2657 992 2700 ora
1014 2657 1134 2719 pro
1158 2637 1348 2700 nobis

127 2735 392 2791 sancta
419 2727 527 2789 dei
558 2727 866 2806 genitrix.
941 2733 1044 2804 psi
1138 2724 1350 2788 Bene-

126 2816 394 2879 dictus,
481 2812 812 2876 Memoria
839 2813 919 2875 de
941 2821 1158 2874 sancto
1189 2832 1348 2892 aga-

99 2903 110 2911 ’
107 2904 298 2986 pito,
371 2901 435 2963 A
445 2910 507 2965 ii.
573 2901 718 2964 Nisi
748 2919 1046 2982 granum.
1121 2898 1350 2963 Oratio

127 3000 221 3054 ut
246 2999 474 3070 supra.
521 2988 643 3050 Ad
665 2998 968 3069 vesperas.
1013 2987 1098 3049 In
1125 3007 1347 3068 evang.

123 3088 252 3142 αῑί.
353 3075 576 3158 Quam
613 3075 898 3158 ‚pulchra
946 3095 1019 3137 es
1047 3083 1116 3137 et
1145 3095 1349 3157 quam

121 3168 402 3230 decora
486 3163 868 3226 charissima
941 3163 1010 3226 in
1099 3161 1350 3225 deliciis

121 3263 414 3318 statura
444 3259 560 3314 tua
604 3250 964 3314 assimilata
994 3259 1094 3313 est
1127 3250 1352 3331 palme

121 3353 206 3406 et
242 3341 463 3403 ubera
491 3348 606 3402 tua
637 3338 844 3402 botris
873 3359 888 3400 ς
934 3347 1135 3419 caput
1157 3346 1348 3401 tuum

119 3441 214 3495 ut
270 3428 606 3490 carmelus
653 3427 896 3489 collum
944 3435 1134 3489 tuum
1181 3426 1350 3488 sicut

121 3518 352 3582 turris
417 3514 702 3578 eburnea
754 3515 901 3577 veni
955 3511 1196 3576 dilecte
1259 3513 1349 3575 mi

119 3601 626 3688 egrediamur
607 3622 673 3665 m
707 3621 982 3682 agrum:
1030 3610 1097 3664 et
1127 3600 1350 3663 videa·

121 3713 302 3758 mus
333 3691 394 3754 si
427 3689 618 3752 flores
648 3689 897 3752 fructus
928 3687 1352 3770 parturierint

115 3785 184 3846 si
265 3777 616 3842 floruerint
689 3777 866 3839 mala
941 3777 1182 3858 punica
1258 3775 1349 3838 ibi

119 3869 331 3934 dabo
365 3866 488 3929 tibi
523 3865 723 3928 ubera
748 3885 911 3928 mea.
987 3871 1090 3944 ps.
1159 3862 1350 3943 Mag-

99 3955 404 4021 ,nificat
538 3952 866 4015 Memoria
968 3951 1048 4014 de
1136 3959 1354 4014 sancto

117 4061 396 4124 magno
448 4039 776 4118 martyre.²
870 4039 1002 4102 Hic
1050 4047 1152 4102 est
1181 4058 1349 4100 vere.

119 4151 174 4218 y
233 4129 482 4194 Gloria
513 4135 580 4190 et
611 4127 874 4190 honore.
1106 4123 1352 4190 Oratio.

1953 339 2113 394 492

1456 445 1816 577 Adesto
1846 444 2116 508 domine
2158 443 2655 526 supplicationi-

1624 535 1747 597 bus
1772 535 2012 596 nostris
2042 553 2057 595 :
2104 541 2173 594 et
2201 533 2653 596 intercedente

1457 620 1657 683 beato
1711 641 1957 702 magno
2007 629 2299 702 martyre
2351 630 2510 686 tuo:
2566 622 2654 685 ab

1457 708 1750 772 hostium
1786 727 1909 771 nos
1931 707 2215 771 defende
2246 707 2651 790 propiciatus

1457 797 1737 860 incursu.
1828 815 1946 877 per
1976 797 2339 859 dominum.

1461 889 1524 961 π
1578 883 1818 962 Quinto
1846 884 1965 946 die.
2173 882 2391 948 Lectio
2403 883 2653 965 prima.

1455 974 1828 1102 Rursum
1862 971 2095 1034 omn'es
2126 973 2369 1054 pariter
2400 971 2651 1035 festivi-

1606 1067 1813 1122 tatem
1864 1059 2149 1141 gloriose
2202 1079 2465 1140 semper
2522 1062 2653 1122 vir·-

1456 1146 1629 1227 ginis
1664 1146 1867 1209 marie
1898 1148 2325 1210 devotissime
2362 1147 2651 1211 celebre-

1459 1255 1645 1298 mus:
1678 1235 1834 1315 quia
1864 1234 2021 1298 hec⁸
2052 1235 2195 1298 dies
2224 1235 2555 1316 preclara:
2584 1236 2649 1298 in

1457 1341 1591 1402 qua
1624 1323 1863 1384 meruit
1892 1321 2176 1386 exaltari
2200 1343 2398 1405 super
2417 1322 2650 1385 choros

1457 1410 1886 1490 angelorum:
1955 1419 2024 1472 et
2084 1411 2424 1491 pervenire
2478 1410 2653 1474 ultra

1456 1517 1659 1579 quam
1692 1507 1915 1561 nostre
1938 1497 2370 1560 humanitatis
2401 1506 2504 1561 est
2534 1518 2651 1560 na-

1455 1592 1620 1649 tura.
1716 1585 1853 1650 Ubi
1896 1605 2029 1648 non
2076 1585 2445 1648 substantia
2475 1585 2655 1649 tolli-

1455 1681 1603 1737 tur:
1649 1674 1767 1735 sed
1798 1671 2007 1755 glorie
2037 1674 2429 1754 magnitudo
2460 1693 2648 1735 mon-

1455 1769 1743 1824 stratur:
1791 1779 1941 1824 cum
1988 1760 2285 1823 elevatur
2318 1761 2384 1822 in
2416 1761 2651 1823 dexte-

1455 1868 1597 1911 ram
1619 1849 1863 1929 patris:
1896 1849 2007 1910 ubi
2031 1849 2323 1911 introivit
2348 1849 2648 1913 Christus

1455 1936 1759 2017 pontifex
1806 1934 2019 1998 factus
2082 1937 2147 1999 in
2196 1945 2497 1999 eternum
2558 1936 2645 1999 ad

1454 2023 1579 2087 celi
1641 2023 1982 2104 palatium.
2070 2005 2503 2106 Responsoria
2553 2045 2646 2087 se·

1451 2111 1737 2174 cundum
1766 2110 2073 2176 ordinem.
2331 2111 2544 2175 Lectio
2575 2112 2644 2194 ij.

1452 2200 1644 2329 H
1648 2219 1724 2262 ec
1756 2208 1857 2262 est
1888 2199 2160 2282 inquam
2192 2199 2373 2264 dies:
2419 2199 2487 2262 in
2511 2219 2659 2281 qua

1648 2307 1857 2368 usque
1910 2288 1995 2350 ad
2046 2287 2265 2350 throni
2310 2286 2646 2351 celsitudi-

1452 2392 1607 2437 nem
1674 2375 2068 2438 i'ntemerata
2126 2383 2340 2439 mater
2399 2374 2646 2440 Christi

1453 2471 1521 2525 et
1551 2461 1737 2542 virgo
1760 2465 2115 2544 processit:
2148 2472 2349 2545 atque
2374 2464 2441 2525 in
2462 2463 2647 2544 regni

1451 2549 1629 2612 solio·
1680 2549 2039 2613 sublimata
2096 2559 2249 2632 post
2311 2551 2648 2616 Christum

1451 2637 1741 2718 gloriosa
1819 2639 2079 2701 resedit.
2201 2638 2313 2703 Sic
2420 2640 2650 2720 utique

1453 2725 1701 2806 ubique
1754 2725 2164 2788 confidenter
2217 2725 2323 2787 dei
2373 2726 2650 2791 ecclesia

1453 2822 1687 2876 sancta
1713 2813 1932 2879 canit:
1978 2813 2157 2892 quod
2189 2814 2275 2876 de
2308 2812 2492 2876 nullo
2516 2813 2648 2876 alio

1453 2909 1835 2963 sanctorum
1913 2899 2115 2980 phas⁴
2175 2908 2278 2963 est
2337 2901 2644 2966 credere:

1455 2996 1528 3048 ut
1559 2987 1734 3050 ultra
1780 2987 2163 3070 angelorum
2213 2986 2318 3050 vel
2374 2989 2647 3052 archan-

1453 3073 1751 3156 gelorum
1829 3077 2062 3137 merita
2128 3076 2648 3139 transcenderit:

1453 3163 1611 3245 quia
1660 3163 1863 3226 etiam
1911 3161 2106 3225 simili
2156 3164 2395 3226 modo⁵
2427 3184 2648 3245 repro-

1457 3250 1743 3312 mittitur
1800 3249 2094 3316 sanctis:
2177 3251 2419 3313 veritas
2481 3253 2647 3314 ιιοτι6

1455 3347 1751 3418 negatur.
1802 3402 1813 3415 ,

1455 3427 1729 3556 Hoc
1760 3425 2007 3506 quippe
2049 3425 2463 3509 privilegium
2510 3447 2644 3490 non

1651 3522 1882 3575 nature
1906 3522 2047 3579 est.
2084 3515 2199 3577 sed
2220 3517 2430 3597 gratie
2451 3516 2646 3580 beate

1454 3598 1807 3680 virginis⁷·
1854 3601 1937 3664 de
1969 3622 2099 3683 qua
2147 3615 2341 3666 natus
2372 3613 2473 3667 est
2506 3605 2647 3686 ipse

1456 3689 1621 3751 deus
1652 3697 1720 3752 et
1768 3688 1986 3752 homo,
2083 3690 2338 3754 Idcirco
2388 3701 2456 3754 et
2504 3693 2649 3772 ipsa

1455 3775 1608 3857 plus
1640 3784 1741 3838 est
1774 3778 2021 3839 meritis
2048 3798 2061 3840 ε
2107 3788 2176 3841 et
2206 3799 2337 3841 non
2370 3788 2605 3842 natura
2634 3800 2649 3841 ε

1457 3865 1877 3944 quam‘virgo
1924 3875 1991 3926 et
2036 3865 2255 3929 homo,
2350 3865 2549 3929 Unde
2581 3875 2649 3928 et

1457 3952 1510 4013 si
1543 3960 1759 4014 cetere
1790 3953 2075 4032 virgines
2094 3953 2437 4014 imitantur
2468 3949 2647 4014 illam

1457 4057 1668 4120 usque
1747 4038 1833 4102 ad
1906 4048 2301 4120 conceptum
2371 4048 2599 4120 partus
2634 4059 2650 4102 ε

1457 4126 1550 4189 et⁸
1618 4127 1927 4209 gabrielis
1994 4145 2163 4189 nove
2238 4126 2651 4190 salutationis

351 4277 365 4306 ¹
407 4275 509 4324 sit:
545 4273 668 4324 R.S.
1087 4270 1110 4302 ⁸
1149 4271 1304 4319 ‘’Aa.
1331 4270 1460 4319 add:
1494 4271 1701 4322 ΑΜΕ.
1994 4275 2014 4302 ⁸
2053 4271 2345 4324 ‘est’add:
2382 4273 2445 4322 R.

351 4345 373 4374 ⁴
405 4341 515 4390 sas:
553 4339 693 4390 RN.
1091 4338 1112 4368 ⁸
1145 4351 1238 4400 pro
1280 4336 1462 4386 ‘etiam
1485 4337 1612 4386 simi.
1644 4337 1768 4387 mo)
1791 4344 1841 4388 et
1863 4338 1904 4386 si
1928 4337 2239 4388 similitudo:
2276 4338 2413 4388 R.N.

351 4411 374 4438 ⁸
415 4406 576 4455 ‘non’
602 4420 745 4455 οπως
779 4403 922 4454 R-N.
1095 4405 1115 4432 7
1155 4400 1370 4452 ‘marie'
1403 4401 1539 4452 add:
1576 4403 1699 4453 R.S.
1994 4406 2013 4436 ⁸
2054 4405 2156 4453 ‘et'
2181 4419 2279 4454 om.
2312 4422 2324 4455 ς
2361 4405 2428 4455 N.

279 4489 454 4540 VOL.
489 4488 564 4538 11.
1586 4486 1591 4497 “
2239 4485 2290 4536 Κ
2340 4485 2393 4537 Κ

2308 3339 2521 3403 Lectio
2553 3339 2645 3422 iij.
2734 3355 2745 3368 ·
