3117 4959
826 242 887 296 S.
938 241 1347 296 MAURJCJJ
1388 239 1513 294 ET
1552 240 1996 296 SOCIORUM.

695 349 823 403 571

148 451 286 516 Ad
310 462 514 517 matu.
559 453 806 519 Invita.
873 455 1197 520 Gaudete.
1273 455 1373 518 Et

147 551 366 604 cetera
425 542 505 604 de
548 544 877 606 communi
918 545 1369 625 plurimorum

148 639 547 708 martyrum.
1076 632 1293 696 Lectio
1301 633 1363 712 j.

144 719 265 848 I
266 719 445 799 gitur
474 719 925 784 maximianus
948 740 1133 782 cesar
1150 729 1363 783 trans-

266 806 479 869 censis
538 806 801 888 alpibus
858 809 1041 872 venit
1086 809 1361 872 octodo-

147 913 307 955 rum
357 915 373 957 :
426 895 649 976 ibique
714 895 909 959 idolis
954 896 1360 960 sacrificatu-

147 1001 309 1044 rus:
358 983 723 1046 exercitum
771 986 1119 1048 convenire
1144 985 1357 1066 jussit.

150 1069 383 1132 Erant
394 1081 617 1134 autem
634 1072 699 1134 in
713 1073 949 1136 eadem
963 1072 1223 1154 legione
1235 1093 1361 1136 sex

146 1157 350 1220 milia
396 1160 695 1222 sexcenti
726 1180 805 1223 ac
850 1163 1207 1242 sexaginta
1236 1181 1360 1224 sex

143 1246 280 1309 viri
314 1267 329 1310 :
380 1266 468 1309 ex
510 1248 750 1329 quibus
780 1258 921 1312 erat
954 1250 1359 1332 primicerius

142 1335 548 1398 mauricius:
582 1345 649 1398 et
672 1336 943 1417 signifer
974 1339 1359 1420 exuperius:

139 1431 221 1483 et
268 1423 595 1486 candidus
642 1426 949 1488 senator.¹
1053 1426 1357 1507 Cumque

142 1511 345 1572 missi
368 1511 685 1575 satellites
714 1512 800 1575 ad
822 1513 1147 1595 legionem
1170 1534 1359 1576 sanc-

140 1608 301 1660 tam
314 1599 649 1662 venissent
666 1622 681 1664 :
701 1609 771 1664 et
784 1603 877 1664 eis
896 1601 1098 1664 verba
1117 1602 1356 1666 cesaris

138 1686 493 1758 dixissent
528 1707 543 1748 :
593 1689 1089 1769 responderunt.
1212 1690 1356 1753 Nos

136 1793 319 1836 vero
383 1794 677 1855 pugnare
738 1778 1053 1841 adversus
1115 1778 1357 1860 impios

136 1863 425 1924 scimus,
482 1862 729 1927 laniare
779 1865 925 1946 pios
958 1875 1025 1929 et
1056 1868 1361 1930 concives

135 1951 430 2031 penitus
462 1951 880 2031 ignoramus:
912 1955 1069 2036 quia
1101 1954 1357 2018 christi-

132 2037 271 2100 ani
303 2058 551 2102 sumus,
1038 2042 1255 2106 Lectio
1285 2043 1357 2125 ij.

146 2127 411 2260 Cum
472 2146 630 2208 ergo
684 2129 1129 2193 maximianus
1178 2151 1363 2194 cesar

296 2234 613 2296 responsa
685 2227 1061 2281 sanctorum
1125 2217 1357 2282 thebo·

130 2321 305 2365 rum
332 2303 359 2338 ²
388 2303 717 2368 audisset:
766 2306 973 2368 nimio
1006 2306 1221 2370 surore
1251 2327 1358 2370 ac-

128 2411 399 2454 census
428 2392 605 2454 dixit
638 2394 958 2457 militibus
988 2395 1139 2458 suis,
1200 2395 1355 2476 Jam

128 2497 337 2542 nunc
432 2478 967 2546 fidelissimorum
1056 2503 1355 2546 meorum

126 2566 361 2630 turba
436 2566 700 2631 festinet
748 2590 767 2633 τ
859 2579 926 2634 et
1020 2571 1355 2634 decimum

126 2675 495 2737 quemque
526 2659 721 2720 morti
746 2657 1009 2721 funesta
1038 2679 1179 2722 sors
1210 2680 1356 2741 pre-

125 2744 331 2806 beat.
428 2744 585 2807 Post
616 2743 787 2809 hanc
814 2766 1049 2810 vocem
1096 2749 1356 2829 appari-

126 2830 319 2895 toris
365 2829 574 2910 jussio
622 2834 909 2897 infausta
955 2828 1357 2917 porrigitur:

128 2930 213 2983 et
252 2919 347 2981 ad
372 2918 701 3000 legionem
723 2931 1023 2986 sanctam
1044 2924 1361 2988 velociter

124 3017 567 3090 properatur.
701 3009 1087 3074 Traduntur
1176 3014 1353 3075 enim

126 3095 341 3158 neci:
399 3115 565 3178 quos
598 3097 763 3161 ordo
794 3099 1077 3180 reperit³
1126 3120 1354 3163 nume-

122 3182 364 3246 randi.
1015 3186 1231 3250 Lectio
1261 3189 1355 3271 iij.

118 3270 559 3402 Perfecto
637 3273 863 3356 itaque
923 3275 1218 3339 scelere:
1282 3286 1357 3339 ut

306 3359 705 3424 octodorum
756 3362 928 3443 legio
978 3365 1203 3427 redeat
1250 3365 1355 3445 ju·

120 3449 368 3511 betur.
462 3447 712 3513 Sancta
760 3451 933 3532 legio
982 3451 1158 3516 dixit
1214 3453 1356 3515 Nos

117 3555 393 3598 omnes
420 3536 813 3602 christianos
832 3559 974 3602 esse
994 3559 1353 3622 cognosce:

116 3623 569 3706 habebisque
593 3628 909 3707 potestati
944 3636 1056 3689 tue
1088 3627 1357 3691 subdita

116 3712 461 3777 omnium
534 3733 809 3795 corpora
860 3735 875 3778 :
967 3715 1356 3780 christianas

116 3820 309 3865 vero
343 3800 607 3863 animas
660 3810 997 3865 auctorem
1031 3825 1223 3867 suum
1256 3825 1355 3867 re-

114 3888 518 3972 spicientes
592 3910 723 3952 non
801 3891 1071 3954 tenebis,
1170 3893 1355 3956 Post-

116 3996 359 4060 quam
409 3996 567 4057 ergo
611 3978 733 4040 hec
774 3980 1158 4044 renunciata
1202 3990 1357 4044 sunt

118 4064 571 4129 maximiano
620 4067 865 4130 cesari:
928 4069 1164 4132 iterum
1212 4089 1361 4152 pre-

1978 350 2126 402 572

1468 452 1763 517 delitatis
1817 455 1983 518 ordo
2041 466 2460 519 consumeret
2508 456 2667 520 Post

1468 541 1642 604 hanc
1672 562 1904 606 vocem
1937 543 2022 606 ad
2065 543 2396 625 legionem
2426 546 2664 608 iterum

1470 640 1895 712 properatur:
1943 641 2012 694 et
2058 631 2322 714 reliquis
2357 642 2432 695 ut
2481 642 2666 696 octo-

1467 719 1702 782 dorum
1727 720 2002 782 redeant
2027 719 2310 799 jubetur.
2377 720 2514 783 Lec.
2537 720 2665 802 iiij.

1465 809 1793 939 Sancta
1824 827 1981 870 vero
2026 806 2202 889 legio
2243 808 2435 872 dixit.
2527 808 2664 872 Oc-

1592 895 1742 958 cide
1764 902 2106 977 prosterne
2125 897 2315 977 :quia
2337 897 2658 960 secandas

1463 982 1705 1064 gladiis
1748 985 2030 1047 cervices
2075 984 2429 1065 prebemus
2461 985 2663 1048 intre-

1462 1071 1620 1152 pidi.
1714 1071 1908 1136 Tunc
1967 1072 2418 1135 maximianus
2477 1093 2664 1136 cesar

1462 1179 1812 1241 preparare
1852 1161 1875 1197 ⁴
1952 1161 2320 1223 exercitum
2398 1161 2597 1242 jussit
2647 1181 2664 1225 :

1462 1247 1851 1329 nullumque
1901 1247 1985 1310 de
2034 1257 2224 1311 tanto
2277 1259 2656 1312 sanctorum

1461 1337 1756 1399 exercitu
1851 1338 2147 1418 precepit
2243 1337 2660 1419 derelinqui.⁵

1464 1423 1835 1486 Laniantur
1881 1424 2080 1505 igitur
2133 1424 2332 1487 beata
2383 1424 2661 1488 thebeo-

1462 1531 1608 1574 rum
1685 1531 1960 1594 corpora
2035 1520 2104 1574 et
2179 1513 2458 1576 devotas
2530 1514 2660 1577 deo

1460 1601 1718 1662 animas
1749 1597 1927 1662 fideli
1977 1601 2208 1662 mortis
2255 1600 2661 1682 professione

1461 1689 1954 1751 commendant.
2049 1688 2323 1752 Peracta
2384 1691 2658 1752 tandem

1462 1775 1624 1838 cede
1687 1776 1859 1838 inter
1919 1777 2216 1838 omnium
2279 1786 2659 1841 sanctorum

1462 1883 1879 1945 percussores
1911 1864 2118 1945 preda
2147 1864 2476 1928 dividitur.
2543 1865 2662 1928 Di-

1462 1952 1734 2032 visaque
1766 1952 1972 2033 preda
1999 1951 2174 2016 male
2197 1954 2435 2016 victrix
2467 1953 2662 2018 turba

1462 2039 1548 2102 ad
1583 2039 1990 2121 epulandum
2022 2041 2368 2104 consedit.⁶
2433 2042 2571 2106 Lec.
2599 2062 2658 2106 v.

1460 2131 1560 2260 l
1570 2137 1798 2190 nterea
1842 2138 2193 2191 veteranus
2238 2129 2510 2211 quidam
2545 2149 2662 2192 no-

1572 2216 1750 2279 mine
1768 2217 1980 2280 victor
1997 2217 2249 2279 itineris
2271 2219 2662 2281 necessitate

1464 2303 1549 2366 ad
1601 2304 1785 2366 illum
1836 2303 2426 2386 locum-passionis
2473 2327 2662 2370 sanc-

1462 2401 1682 2455 torum
1715 2394 2050 2474 pervenit:
2082 2395 2502 2475 graviterque
2521 2415 2664 2457 sus-

1460 2481 1685 2562 pirans
1730 2482 1840 2544 ait.
1936 2481 2093 2543 Heu
2128 2502 2234 2543 me
2265 2483 2377 2562 qui
2411 2501 2529 2563 per
2557 2491 2661 2545 tot

1460 2588 1787 2631 annorum
1819 2568 2123 2632 militiam
2157 2571 2240 2632 ad
2264 2569 2434 2633 hanc
2455 2569 2662 2651 legio-

1463 2675 1617 2718 nem
1652 2656 1932 2720 militare
1965 2677 2099 2719 non
2132 2659 2356 2720 merui.
2409 2657 2558 2720 Hec
2576 2677 2658 2721 eo

1461 2743 1778 2826 loquente
1811 2761 1838 2808 τ
1917 2744 2139 2807 subito
2199 2765 2656 2827 percussorum

1461 2833 1718 2895 insania
1776 2831 1918 2912 ejus
1979 2842 2180 2914 caput
2253 2833 2608 2896 obtruncat
2643 2856 2658 2898 :

1462 2929 1666 3003 atque
1698 2921 1790 2982 ita
1820 2921 1920 2982 vir
1949 2930 2218 2983 sanctus
2249 2923 2654 2984 consortium

1460 3018 1839 3071 sanctorum
1881 3017 2248 3089 martyrum
2280 3009 2472 3072 celeri
2506 3030 2658 3091 pro-

1460 3096 1745 3158 fessione
1776 3097 2153 3176 promeruit.
2325 3097 2537 3160 Lectio
2567 3099 2655 3179 vj.

1459 3185 2038 3316 Maximianus
2097 3204 2253 3247 vero
2312 3205 2463 3247 cum
2519 3186 2656 3248 dis-

1667 3273 1900 3353 positis
1933 3273 2185 3335 insidiis
2233 3292 2480 3354 genero
2533 3293 2654 3336 suo

1456 3361 1883 3424 constantino
1915 3369 2072 3422 tunc
2091 3381 2370 3442 regnum
2397 3363 2653 3426 tenenti

1459 3457 1742 3512 mortem
1799 3448 2179 3512 moliretur:
2241 3449 2656 3532 deprehenso

1458 3537 1614 3599 dolo
1641 3537 1813 3599 illius
1839 3538 2015 3618 apud
2054 3538 2411 3601 massiliam
2444 3535 2469 3576 ⁷
2501 3559 2654 3624 cap-

1458 3635 1566 3688 tus
1592 3644 1745 3688 :nec
1767 3625 1978 3688 multo
2001 3635 2154 3707 post
2175 3627 2656 3708 strangulatus:

1456 3713 1930 3795 teterrimoque
1959 3713 2085 3776 hoc
2111 3715 2434 3796 supplicio
2464 3714 2658 3778 affec-

1456 3809 1566 3863 tus
1603 3823 1616 3864 :
1652 3802 1926 3883 impiam
1959 3802 2165 3865 vitam
2200 3804 2402 3883 digna
2447 3811 2660 3867 morte

1458 3888 1689 3952 finivit.
1739 3889 2032 3971 Septima
2054 3889 2232 3952 lectio
2253 3901 2508 3954 tantum
2529 3893 2554 3928 ⁸
2583 3891 2664 3954 de

1456 3977 1848 4059 expositione
1877 3978 2200 4058 evangelii
2230 3979 2660 4040 Descendens

1457 4066 1654 4148 Jesus
1703 4067 1786 4128 de
1842 4074 2085 4128 monte.
2183 4065 2436 4128 Omelia
2483 4075 2560 4128 ut
2588 4067 2658 4128 in

112 4153 325 4235 cepit
376 4162 453 4215 ut
486 4153 817 4218 decimum
862 4166 1179 4220 renovate
1210 4179 1359 4221 cru·
1456 4155 1798 4218 communi.
2271 4152 2487 4216 Lectio
2518 4155 2659 4237 viij.

275 4313 291 4344 ¹
332 4319 575 4362 sanator:
612 4313 678 4365 N.
1041 4301 1049 4308 ⁸
1151 4319 1173 4348 ¹
1204 4317 1497 4367 thebeorum
1524 4334 1537 4365 ε
1571 4312 1866 4364 W.R.N.S.
2124 4313 2144 4342 ⁸
2176 4313 2393 4376 repperit
2419 4333 2430 4363 ε
2465 4315 2546 4365 W.
2559 4317 2610 4368 S.

274 4381 295 4410 ⁴
332 4393 642 4444 properare:
678 4381 969 4433 W.R.N.S.
1158 4387 1179 4414 ⁵
1212 4383 1493 4448 dereliqui:
1534 4381 1761 4432 W.R.N.
2126 4381 2146 4408 ⁶
2177 4379 2392 4429 considit
2419 4400 2431 4430 =
2469 4382 2606 4433 ΚΝ.

523 4447 541 4474 “’
577 4446 885 4499 marsiliam:
921 4449 1219 4500 W.R.N.S.

282 4526 455 4577 VOL.
508 4527 581 4577 11.

1689 4449 1708 4477 ⁸
1747 4450 1761 4474 ‘
1781 4443 2014 4494 tantum'
2039 4461 2132 4495 om.
2159 4459 2177 4493 .·
2213 4445 2286 4496 Ν.

2273 4528 2312 4576 Ρ
2361 4527 2400 4576 Ρ
