3117 4959
1480 227 1583 284 IN
1625 225 1898 283 FESTO

961 335 1115 390 759

428 438 697 519 apparuit
714 437 827 500 illis
841 457 1078 516 ‚moyses
1090 449 1149 499 et
1164 439 1367 516 helyas
1380 456 1518 498 cum
1529 435 1635 498 illo

430 523 759 596 loquentes,
848 521 927 578 Et
954 517 1017 578 in
1044 517 1162 578 alio
1188 519 1433 578 refertur
1460 535 1638 577 evan-

429 599 586 676 gelio
620 621 633 658 z
682 597 891 674 quod¹
938 595 1323 656 nunciassent
1366 595 1421 656 ei
1468 595 1636 672 quod

431 675 839 754 hierosolymis
866 695 1143 752 passurus
1176 684 1331 734 esset
1360 699 1372 734 :
1400 676 1497 734 lex
1536 691 1633 733 os-

432 756 623 816 tendit
650 767 713 817 et
739 755 1029 832 prophete
1057 753 1197 830 quia
1214 765 1273 812 et
1291 752 1636 828 passionem

431 834 661 894 domini
730 845 788 894 et
854 832 1345 892 resurrectionem
1413 830 1636 891 crebris

430 913 677 973 vocibus
718 910 1087 970 nunciarunt.
1170 913 1276 969 Re.
1323 910 1531 970 Hodie
1571 909 1636 969 in

432 1003 638 1050 monte
691 991 1098 1068 transfigurato
1157 989 1406 1050 domino
1446 989 1636 1065 aperti

433 1079 569 1130 sunt
622 1068 731 1128 celi
790 1081 849 1128 et
904 1070 1097 1128 nubes
1149 1069 1413 1145 preclara
1458 1087 1638 1144 super

434 1167 573 1208 eum
601 1146 913 1208 descendit
942 1171 957 1208 z
998 1159 1058 1208 et
1097 1167 1215 1207 vox
1254 1145 1434 1224 patris
1476 1145 1634 1207 into-

431 1228 578 1287 nuit.
666 1225 790 1286 Hic
836 1237 928 1286 est
972 1225 1126 1286 filius
1168 1245 1339 1286 meus
1381 1224 1636 1286 dilectus

432 1306 496 1364 in
540 1325 661 1382 quo
710 1304 893 1364 michi
936 1305 1287 1380 complacui.
1372 1305 1425 1380 Ῡ
1466 1306 1634 1364 Into·

434 1384 565 1444 nuit
593 1386 669 1444 de
698 1386 829 1444 celo
850 1383 1129 1444 dominus
1157 1405 1170 1443 ε
1213 1393 1273 1443 et
1313 1382 1634 1443 altissimus

433 1483 611 1540 super
662 1460 946 1523 attonitos
1000 1461 1167 1522 dedit
1209 1481 1422 1522 vocem
1464 1479 1634 1521 suam

431 1542 491 1600 in
520 1542 681 1602 nube
708 1541 1061 1601 tonantem!
1345 1542 1529 1598 Lectio
1550 1541 1631 1615 vj.

433 1619 886 1728 Respondens
912 1631 1114 1678 autem
1140 1629 1338 1696 petrus
1367 1618 1515 1679 dixit
1554 1620 1633 1678 ad

544 1701 765 1775 Jesum.
856 1698 1117 1757 Domine
1145 1699 1371 1756 bonum
1402 1707 1492 1757 est
1520 1715 1632 1757 nos

438 1777 535 1836 hic
564 1796 709 1837 esse.
772 1775 892 1852 Qui
920 1777 1001 1836 ad
1028 1787 1315 1836 montana
1342 1795 1632 1836 conscen-

434 1857 602 1916 derat
631 1878 644 1916 :
688 1874 813 1913 non
842 1857 967 1914 vult
1006 1855 1087 1914 ad
1129 1865 1359 1914 terrena
1387 1855 1634 1914 descen-

433 1936 575 1994 dere
606 1957 618 1992 :
690 1934 797 1994 sed
853 1951 1086 2009 semper
1150 1934 1215 1991 in
1282 1933 1633 1992 sublimibus

433 2030 822 2088 perseverare.
908 2010 970 2070 Si
1036 2010 1125 2070 vis
1192 2010 1475 2070 faciamus
1535 2012 1634 2070 hic

432 2091 542 2150 tria
586 2091 1005 2150 tabernacula:
1048 2089 1156 2148 tibi
1200 2109 1385 2148 unum
1443 2088 1636 2166 moysi

432 2187 619 2227 unum
649 2179 707 2227 et
736 2169 907 2243 helye
934 2187 1139 2226 unum.
1226 2169 1401 2227 Erras
1428 2181 1632 2244 petre:

432 2247 585 2305 sicut
639 2257 699 2305 et
744 2245 893 2304 alius
939 2244 1298 2322 evangelista
1338 2257 1632 2307 testatur:

430 2324 744 2399 nescisque
799 2323 945 2398 quid
1006 2324 1185 2384 dicas,
1311 2325 1457 2384 Noli
1523 2325 1635 2384 tria

430 2403 810 2462 tabernacula
850 2420 1093 2478 querere
1122 2426 1135 2462 :
1176 2422 1313 2462 cum
1340 2422 1528 2463 unum
1558 2404 1634 2464 sit

432 2482 875 2540 tabernaculum
934 2480 1221 2558 evangelii
1264 2481 1325 2541 in
1370 2501 1493 2558 quo
1535 2484 1635 2542 lex

434 2571 494 2620 et
522 2561 809 2637 prophete
854 2559 1282 2636 recapitulandi
1330 2571 1481 2620 sunt.
1569 2561 1632 2622 Si

432 2651 633 2699 autem
678 2637 872 2715 queris
913 2637 1022 2697 tria
1064 2639 1482 2699 tabernacula:
1526 2657 1631 2699 ne-

435 2736 735 2794 quaquam
774 2735 975 2777 servos
1018 2736 1154 2776 cum
1197 2717 1447 2777 domino
1488 2737 1631 2776 con-

433 2797 583 2856 seras
608 2818 622 2855 t
668 2797 775 2856 sed
801 2797 896 2855 fac
924 2795 1034 2855 tria
1060 2797 1439 2856 tabernacula
1470 2819 1483 2856 ε
1522 2795 1632 2855 im-

434 2893 535 2934 mo
575 2893 761 2935 unum
817 2873 967 2951 patri
1022 2885 1080 2934 et
1134 2875 1255 2933 filio
1301 2886 1363 2934 et
1404 2873 1632 2951 spiritui

436 2965 644 3014 sancto
674 2974 687 3013 z
731 2965 797 3013 ut
824 2973 1073 3030 quorum
1118 2964 1209 3013 est
1254 2971 1374 3012 una
1416 2953 1630 3013 divini-

434 3043 567 3092 tas:
635 3049 819 3091 unum
872 3031 948 3091 sit
1002 3042 1061 3090 et
1114 3031 1175 3090 in
1230 3042 1469 3106 pectore
1524 3043 1632 3092 tuo

435 3111 896 3169 tabernaculum.
954 3112 1057 3168 Re.
1093 3109 1385 3186 Discipuli
1413 3109 1634 3170 Christi

434 3187 609 3248 nubis
650 3188 848 3248 lucide
890 3188 1207 3265 splendore
1248 3188 1586 3249 obumbrati
1618 3211 1632 3249 ε

433 3286 703 3342 voceque
726 3267 751 3304 ³
793 3265 891 3326 dei
948 3268 1127 3343 patris
1175 3267 1253 3326 de
1296 3270 1457 3327 nube
1511 3269 1631 3326 cla-

436 3345 655 3404 mantis
689 3345 1021 3421 perturbati.
1110 3347 1185 3404 In
1227 3344 1439 3405 faciem
1484 3346 1634 3406 ceci-

438 3425 591 3482 dere.
680 3425 733 3500 Ῡ
772 3425 969 3482 Tante
1016 3433 1258 3501 tamque
1311 3426 1635 3485 reverende

430 3500 675 3560 visionis
701 3501 1023 3561 novitatem
1051 3521 1173 3560 non
1201 3505 1500 3564 ferentes⁴
1555 3506 1636 3564 In

436 3581 598 3638 tertio
639 3587 907 3639 nocturno
944 3581 1039 3639 αὴ.
1087 3581 1218 3642 Celi
1260 3582 1447 3658 aperti
1496 3593 1636 3660 sunt

438 3677 613 3734 super
640 3677 778 3718 eum
807 3680 819 3717 :
850 3669 908 3718 et
934 3677 1051 3717 vox
1078 3659 1257 3736 patris
1284 3660 1489 3720 audita
1518 3673 1633 3722 est:

436 3736 534 3795 hic
580 3749 669 3796 est
716 3735 867 3795 filius
910 3754 1082 3796 meus
1136 3737 1386 3798 dilectus
1418 3761 1430 3798 :
1473 3741 1635 3799 hunc

438 3815 653 3876 audite.
724 3819 817 3892 pi.
865 3815 1160 3875 Dominus
1186 3816 1449 3893 regnavit
1477 3820 1636 3877 exul-

438 3905 537 3953 tet.
622 3899 721 3953 αὴ.
770 3898 907 3954 Vox
962 3897 1041 3954 de
1094 3896 1225 3954 celo
1280 3896 1517 3956 sonuit:
1573 3907 1634 3956 et

438 3992 553 4031 vox
581 3973 760 4050 patris
788 3973 990 4034 audita
1016 3984 1119 4034 est.
1168 3973 1291 4032 Hic
1310 3974 1334 4010 ⁶
1364 3986 1453 4034 est
1480 3975 1633 4034 filius

546 4126 559 4154 ¹
603 4129 616 4153 ⁸
634 4125 687 4174 hi
706 4125 719 4149 '
744 4126 843 4174 add
880 4127 932 4176 S.

541 4193 561 4220 ²
598 4195 611 4219 ⁸
629 4191 731 4239 Hic
750 4193 763 4214 ’
787 4191 887 4240 add
922 4191 990 4240 N.

443 4254 679 4304 dilectus’
705 4257 805 4306 add
830 4255 881 4306 S.
982 4319 995 4343 ,
1193 4320 1205 4333 .

543 4323 564 4414 i
594 4326 969 4436 32:135?qu
1018 4320 1340 4436 siriefasizissms'·
1364 4387 1463 4436 add
1500 4387 1555 4437 S.

1066 4195 1081 4218 ⁸
1098 4191 1202 4240 Hic
1235 4197 1310 4240 est
1344 4187 1475 4241 filius
1496 4207 1638 4242 meus

2242 335 2401 390 760

1737 455 1930 497 meus:
1962 437 2024 498 in
2043 457 2166 515 quo
2193 438 2378 498 miehi
2403 441 2566 500 bene
2592 440 2929 517 complacui.

1737 515 1936 592 ipsum
1961 518 2183 578 audite.
2233 521 2328 594 pi.
2373 519 2638 579 Cantate
2663 519 2780 594 (j.)
2805 522 2936 578 aad.

1736 594 2048 656 Visionem
2077 615 2255 672 quam
2285 596 2516 657 vidistis
2545 597 2778 657 nemini
2795 598 2942 658 dixe·

1736 673 1862 734 ritis
1894 697 1908 734 ε
1950 676 2148 734 donec
2193 674 2344 734 filius
2392 675 2662 734 hominis
2689 689 2944 754 resurgat

1738 771 1775 812 a
1829 752 2090 813 mortuis.
2161 759 2253 829 pi.
2327 753 2634 814 Dominus
2688 755 2946 832 regnavit

1737 829 2073 892 irascantur.
2121 833 2174 908 Ϋ
2215 832 2481 892 Domine
2505 831 2793 893 miserere
2819 853 2944 893 nos-

1737 909 1823 970 tri.
1927 913 2033 969 Re.
2105 909 2378 970 Intonuit
2429 912 2508 971 de
2563 913 2704 972 celo
2761 912 2946 971 domi·

1737 1007 1868 1048 nus.
1951 991 2108 1048 lectio
2155 991 2256 1064 vij,
2285 991 2595 1049 secundum
2639 993 2942 1050 matheum.

1737 1069 1850 1173 In
1903 1066 2008 1127 illo
2062 1078 2331 1144 tempore
2378 1068 2729 1144 Assumpsit
2775 1072 2948 1145 Jesus

1807 1157 2040 1223 petrum
2081 1157 2144 1206 et
2193 1148 2520 1223 j0hannem
2559 1157 2624 1206 et
2660 1149 2946 1224 jacobum

1735 1225 1974 1285 fratrem
2003 1227 2130 1302 ejus
2169 1237 2228 1285 et
2269 1225 2442 1285 duxit
2491 1225 2626 1285 illos
2669 1227 2738 1284 in
2787 1245 2948 1286 mon·

1735 1315 1858 1364 tem
1887 1306 2186 1364 excelsum
2215 1322 2498 1364 seorsum.
2589 1306 2673 1365 Et
2700 1304 2944 1382 reliqua.

1744 1384 1972 1442 Omelia
1999 1384 2148 1441 beati
2162 1384 2337 1441 leomk
2355 1391 2519 1460 pape.
2775 1385 2820 1443 l.
2847 1386 2944 1460 vij.

1745 1460 2084 1597 Quoniam
2115 1461 2455 1537 evangelica
2481 1460 2666 1521 lectio
2689 1461 2950 1522 dilect1s-‘

1841 1539 1975 1599 simi
1985 1559 2104 1616 que
2115 1559 2220 1616 per
2229 1558 2406 1599 aures
2418 1539 2693 1616 corporis
2709 1539 2952 1602 introiit:

1735 1617 1798 1676 in
1854 1617 2192 1678 interiorem
2247 1618 2542 1678 mentium
2614 1631 2952 1678 nostrarum

1734 1695 2008 1756 auditum
2048 1697 2126 1757 ad
2169 1696 2370 1772 magni
2398 1697 2768 1757 sacramenti
2795 1698 2950 1758 ιιοε8

1734 1774 2184 1851 intelligentiam
2227 1787 2444 1835 vocat:
2491 1775 2796 1836 subtiliter
2821 1796 2952 1838 mm

1734 1853 2016 1930 indagare
2048 1854 2403 1913 laboremus
2487 1856 2696 1930 Quam
2727 1855 2836 1916 ut⁷
2865 1875 2954 1916 as·

1733 1931 1964 2008 pirante
2007 1931 2194 2009 gratia
2237 1932 2338 1991 dei
2382 1931 2618 1992 facilius
2673 1953 2955 2012 assequa-

1735 2029 1888 2070 mur:
1929 2010 2077 2071 n0s⁸
2106 2009 2658 2072 considerationem
2685 2025 2955 2073 nostram

1734 2089 1814 2149 ad
1843 2107 1916 2149 ea
1943 2107 2060 2165 que
2089 2090 2268 2166 paulo
2315 2089 2587 2165 superius
2633 2102 2785 2150 sunt
2825 2111 2958 2150 nar-

1733 2179 1863 2226 rata
1903 2170 2236 2227 referamus
2321 2169 2596 2228 Salvator
2636 2169 2812 2228 enim
2853 2172 2956 2230 hu·

1733 2245 1897 2305 mani
1920 2245 2150 2322 generis
2180 2245 2454 2306 Christus
2495 2247 2653 2306 deus
2679 2249 2958 2308 condens

1735 2343 1869 2384 eam
1899 2327 2080 2384 fidem
2109 2342 2227 2400 que
2268 2323 2485 2400 impios
2521 2326 2604 2384 ad
2649 2327 2958 2401 justiciam

1733 2417 1975 2463 revocat
2042 2415 2103 2462 et
2169 2413 2441 2463 mortuos
2507 2417 2814 2479 provocat
2879 2407 2958 2467 ad

1733 2481 1916 2541 vitam
1961 2483 2042 2541 ad
2087 2482 2207 2540 hoc
2253 2480 2586 2558 discipulos
2629 2503 2780 2544 suos
2811 2487 2960 2544 doe·
3069 2465 3071 2496 ³

1735 2559 1886 2620 trine
1931 2557 2174 2619 monitis
2223 2571 2284 2619 et
2337 2579 2592 2636 operum
2649 2561 2960 2624 miraculis

1733 2638 2041 2698 imbuebat
2068 2648 2134 2697 ut
2161 2637 2322 2698 idem
2369 2649 2431 2699 et
2475 2639 2838 2716 unigenitus
2865 2642 2964 2702 dei
3069 2639 3071 2644 ’

1733 2727 1796 2776 et
1861 2717 2015 2776 filius
2082 2716 2341 2776 hominis
2407 2719 2787 2780 crederetur.
2841 2741 2964 2781 non

1733 2815 1920 2854 unum
1949 2795 2162 2854 horum
2201 2794 2332 2854 sine
2380 2794 2500 2856 alio
2543 2798 2848 2873 proderat
2886 2802 2965 2860 ad

1735 2875 2001 2934 salutem.
2097 2875 2177 2932 Et
2232 2873 2462 2949 equalis
2516 2887 2650 2935 erat
2703 2878 2964 2954 periculi

1735 2953 2048 3012 dominum
2076 2955 2284 3029 Jesum
2328 2952 2638 3014 Christum
2679 2968 2797 3016 aut
2839 2970 2964 3018 tan-

1735 3032 2051 3090 tummodo
2101 3030 2228 3090 sine
2283 3031 2530 3092 homine
2599 3034 2800 3094 deum
2865 3049 2964 3096 aut

1736 3109 1864 3169 sine
1931 3111 2051 3170 deo
2119 3110 2326 3168 solum·
2383 3109 2704 3171 hominem
2773 3114 2962 3175 credi·

1735 3187 1895 3247 disse
1950 3207 2084 3247 cum
2139 3199 2458 3264 utrumque
2513 3203 2678 3250 esset
2743 3195 2966 3270 pariter
3069 3207 3071 3214 ²

1735 3268 2160 3327 confitendum.
2245 3267 2406 3342 Quia
2449 3266 2606 3328 sicut
2649 3270 2783 3331 deo
2829 3292 2963 3333 vera
3069 3313 3071 3334 ε

1735 3345 2072 3405 humanitas
2139 3345 2220 3405 ita
2273 3345 2505 3404 homini
2567 3347 2778 3410 inerat
2833 3370 2964 3412 ven

1734 3423 2028 3484 divinitas
2111 3427 2214 3484 Re.
2263 3425 2471 3484 Hodie
2513 3438 2688 3500 pater
2739 3431 2830 3490 de
2877 3451 2946 3492 oe

1733 3503 1806 3562 lis
1833 3503 2180 3563 testificatus
2219 3514 2310 3563 est
2335 3502 2539 3564 filium.
2589 3524 2720 3582 quo
2751 3511 2966 3570 audito
3069 3577 3071 3580 Α

1737 3580 2011 3658 discipuli
2070 3581 2394 3641 timuerunt
2446 3585 2630 3644 valde
2701 3601 2966 3663 prosua-

1735 3659 1902 3736 tique
1989 3671 2126 3720 sunt
2205 3661 2286 3721 ad
2357 3679 2574 3721 vocem
2645 3664 2965 3728 dicentem

1740 3737 1866 3797 Hic
1919 3750 2011 3798 est
2060 3738 2213 3798 filius
2267 3757 2438 3800 meus
2489 3740 2556 3800 in
2598 3761 2729 3819 quo
2779 3745 2965 3806 michi

1735 3817 1892 3876 bene
1920 3818 2270 3893 complacui.
2342 3820 2396 3894 Ῠ
2437 3820 2572 3880 Celi
2599 3824 2806 3899 aperti
2827 3837 2964 3884 sum
3069 3833 3071 3882 ἶ

1737 3915 1915 3972 super
1955 3915 2094 3956 eum
2147 3909 2208 3956 et
2251 3915 2370 3956 vox
2395 3899 2582 3974 patris
2607 3901 2830 3962 audita
2855 3915 2962 3963 est.

1737 3975 1875 4035 Hie.
2749 3984 2796 4040 l.
2837 3985 2962 4058 viij.

2035 4125 2056 4153 ⁸
2087 4141 2181 4183 pro
2205 4127 2340 4182 ‘Hic
2358 4125 2474 4178 ’hic
2496 4147 2510 4178 ε
2535 4131 2608 4180 N.

2037 4187 2062 4222 ⁸
2101 4192 2250 4241 ‘nos'
2276 4208 2377 4242 om.
2419 4194 2474 4244 S.

2039 4261 2058 4287 ⁷
2093 4272 2186 4322 pro
2225 4262 2239 4286 ⁴
2257 4265 2310 4306 ut
2331 4258 2344 4280 ’
2365 4259 2650 4323 quoniam:
2679 4263 2735 4314 S.

2039 4327 2060 4355 ⁸
2093 4337 2186 4386 pro
2215 4325 2338 4372 ‘nos
2359 4323 2372 4346 ’
2394 4324 2462 4375 si:
2487 4326 2543 4376 S.
