3117 4959
1248 294 1419 352 REG
1427 293 1592 351 ULE
1641 295 2160 354 GENERALES.
2231 273 2238 280 ’
3054 266 3068 558 Ι

988 367 1139 458 τεὲ
2271 403 2418 459 734

3039 619 3068 848 ι’

452 501 628 564 fuerit
653 501 733 564 de
759 501 909 563 illis:
938 501 1024 563 sic
1052 504 1131 564 de
1156 501 1315 564 illis
1298 523 1363 564 ιιι
1388 505 1654 565 adventu
1753 525 1894 566 eum
1918 504 2247 583 antiphona
2284 503 2576 567 versiculo
2603 516 2666 566 et
2695 504 2950 568 oratione

451 584 571 643 fiat.
658 583 736 642 Et
802 583 1048 659 quando
1098 582 1314 644 dicitur
1366 585 1447 646 de
1500 584 1655 644 festo
1753 585 1836 646 ad
1863 585 2025 646 illam
2053 584 2420 647 dominicam
2447 584 2906 662 pertinentibus.

452 659 722 754 duplici
702 680 767 721 ιιι
794 661 1043 722 sabbato
1069 661 1185 723 isto
1212 673 1520 739 tempore.
1557 664 1656 723 vel

455 740 519 800 in
547 741 648 801 die
686 742 830 801 lune
857 741 935 801 de
963 742 1115 801 festo
1144 741 1317 819 quasi
1362 741 1425 801 ix
1448 739 1654 802 lectio·
1918 721 1963 772 ¹
1999 712 2277 792 Desaem
2301 713 2483 772 ΨΜ
2507 713 2840 772 “mmm'’

454 839 603 880 num
640 829 787 879 tune
828 819 891 879 in
932 820 1181 910 sabbato
1222 820 1346 881 sive
1373 821 1434 880 in
1463 820 1656 881 domi-
1759 826 1804 877 ί
1843 817 2346 894 Quandocunque
2409 818 2631 877 festum
2717 815 2964 893 alicujus
3055 883 3062 890 .

454 897 592 958 nica
617 900 781 958 nulla
806 899 907 959 fiet
933 899 1222 959 memoria
1261 902 1343 960 ad
1382 919 1657 977 vesperas
1758 896 1949 957 sancti
1989 896 2165 956 trium
2202 895 2530 957 lectionum
2571 897 2894 956 evenerit:
2921 897 2966 956 si

454 979 533 1038 de
586 975 823 1037 servitio
877 977 1261 1038 dominicali:
1316 978 1459 1055 quia
1508 991 1657 1038 tune
1758 978 1838 1036 de
1883 994 1958 1036 eo
2001 975 2122 1037 dici
2165 975 2400 1052 possit.
2439 977 2542 1035 fiat
2569 975 2650 1036 de
2675 994 2816 1036 eo·
2855 995 2962 1035 me-

454 1056 741 1117 memoria
806 1057 885 1116 de
951 1057 1377 1118 resurrectione
1444 1056 1658 1118 sufficit
1756 1054 1946 1116 moria
1969 1056 2051 1115 ad
2076 1073 2351 1145 vesperas
2391 1064 2452 1114 et
2491 1055 2570 1114 ad
2596 1055 2966 1115 matutinas:

454 1154 596 1194 cum
649 1135 935 1196 memoria
974 1138 1053 1197 de
1099 1135 1395 1197 domina.
1465 1147 1524 1197 et
1580 1137 1658 1198 de
1757 1146 2135 1212 preterquam
2183 1152 2246 1194 ιιι
2299 1153 2453 1194 cena
2492 1133 2788 1194 domini:
2833 1145 2892 1194 et
2937 1155 2968 1193 a
3064 1165 3068 1172 ·

457 1213 739 1275 omnibus
765 1215 985 1275 sanctis
1026 1225 1093 1275 ut
1138 1235 1315 1294 supra
1341 1227 1653 1306 notantur.
1759 1213 1858 1276 die
1901 1213 2006 1273 illo
2051 1232 2242 1290 usque
2295 1215 2377 1273 ad
2419 1232 2696 1290 vesperas
2759 1212 2829 1272 in
2880 1213 2970 1272 die
3064 1263 3068 1282 ‚

460 1294 581 1354 Sed
628 1291 757 1354 aliis
802 1294 1169 1372 temporibus
1214 1293 1357 1354 anni
1412 1297 1659 1372 quando
1759 1292 2035 1354 sabbati
2017 1311 2082 1352 ιιι
2107 1291 2442 1370 septimana
2481 1293 2728 1369 pasche.
2757 1303 2828 1352 et
2851 1311 2968 1369 pre-
3064 1287 3066 1316 Ι

460 1372 707 1450 aliquod
760 1375 977 1434 festum
1022 1374 1245 1450 duplex
1291 1373 1354 1433 in
1408 1376 1661 1434 sabbato
1761 1383 2036 1450 terquam
2087 1371 2152 1432 in
2207 1371 2308 1433 die
2359 1373 2795 1448 penthecostes
2841 1391 2970 1430 cum
3063 1351 3068 1406 ἶ

459 1451 723 1514 evenerit
770 1451 895 1515 sive
941 1451 1041 1514 die
1080 1455 1220 1514 lune
1260 1462 1406 1512 tunc
1428 1451 1493 1512 in
1534 1454 1666 1513 sab·
1763 1471 1870 1512 sex
1896 1450 2107 1513 diebus
2136 1450 2526 1528 sequentibus
2565 1461 2630 1510 et
2667 1451 2848 1511 festis
2881 1469 2968 1510 as-

458 1532 607 1594 bato
643 1531 767 1594 sive
808 1531 873 1593 in
916 1531 1219 1594 dominica
1246 1532 1350 1592 fiat
1376 1531 1664 1594 memoria
1763 1530 2066 1594 censionis
2093 1541 2154 1592 et
2180 1529 2446 1609 corporis
2473 1528 2718 1593 Christi.
