3117 4959
1489 217 1593 270 IN
1632 217 1901 275 FESTO

999 325 1158 381 305

459 431 678 516 angeli
711 432 864 496 dei:
910 432 1024 514 qui
1078 452 1210 495 non
1263 429 1659 512 permittunt

460 543 615 586 eum
655 521 918 603 fatigari
965 539 1088 582 nec
1133 519 1394 582 esurire.
1487 517 1656 582 Om-

463 611 529 672 ni
591 608 754 672 hora
825 608 997 670 letus
1059 617 1128 670 et
1197 606 1444 688 hylaris
1505 626 1657 686 per-

461 707 706 760 manet.
799 695 1048 760 Omnia
1137 695 1362 757 novit:
1433 692 1661 775 lingua

461 783 762 848 omnium
808 784 1106 864 gentium
1139 782 1432 864 loquitur
1461 791 1528 842 et
1559 782 1659 843 in-

459 871 716 952 telligit.
1357 869 1571 932 Lectio
1599 889 1657 931 v.

475 961 730 1091 Cum
806 966 1030 1020 autem
1125 957 1408 1020 cultores
1497 957 1656 1019 idoli

581 1045 956 1127 apostolum
989 1053 1338 1127 quererent
1365 1065 1380 1106 ε
1440 1054 1508 1107 et
1539 1065 1659 1127 per

461 1134 630 1197 duos
677 1135 818 1196 dies
865 1153 998 1195 non
1045 1133 1454 1196 invenirent:
1509 1133 1653 1213 qui-

461 1222 619 1284 dam
699 1221 1011 1283 demonio
1102 1220 1336 1301 plenus
1412 1220 1658 1283 clama-

463 1311 559 1372 vit
607 1309 834 1372 dicens
880 1307 1212 1389 Apostole
1243 1309 1350 1370 dei
1383 1308 1656 1370 bartho-

465 1397 727 1461 lomee:
781 1397 1144 1460 incendunt
1176 1415 1284 1458 me
1321 1396 1655 1458 orationes

461 1495 592 1550 tue.
684 1484 879 1548 Dixit
939 1485 998 1546 ei
1061 1483 1418 1564 apostolus,
1511 1483 1652 1548 Ob-

462 1582 756 1636 mutesee
785 1572 883 1636 et¹
916 1571 1027 1633 exi
1059 1572 1146 1633 ab
1179 1591 1293 1634 eo:
1325 1581 1393 1632 et
1422 1573 1652 1634 statim

458 1660 774 1724 liberatus
804 1669 906 1722 est
927 1659 1147 1723 hom0.
1218 1658 1500 1740 Cunque
1532 1679 1654 1722 rex

459 1749 770 1831 polimius
813 1747 936 1810 hec
978 1746 1306 1810 audisset:
1355 1746 1534 1809 misit
1564 1747 1651 1809 ad

460 1857 610 1899 eam
687 1835 891 1898 filiam
967 1855 1156 1897 suam
1250 1834 1651 1898 lunaticam:

460 1944 660 2004 quam
705 1921 1044 2004 apostolus
1094 1923 1320 1985 statim
1373 1923 1653 1986 sanavit.

457 2011 650 2074 Tunc
703 2012 844 2091 ipse
891 2009 1201 2091 polimius
1249 2029 1398 2073 cum
1441 2029 1653 2074 uxore

457 2107 527 2161 et
560 2097 710 2160 filiis
742 2107 810 2160 et
842 2100 1022 2161 omni
1055 2096 1305 2180 populo
1335 2119 1457 2160 suo
1487 2099 1651 2180 bap-

456 2186 700 2250 tizatus
760 2195 908 2250 est:
983 2195 1053 2249 et
1109 2185 1288 2267 cepit
1348 2186 1652 2267 apostolo

457 2274 792 2338 adherere.
1314 2273 1533 2336 Lectio
1562 2274 1649 2354 vj.

454 2359 912 2494 Pontifices
999 2379 1157 2422 vero
1245 2360 1648 2442 templorum

611 2449 912 2512 abierunt
941 2448 1027 2512 ad
1055 2445 1367 2528 astrigem
1381 2449 1406 2484 ²
1424 2468 1649 2528 regem

455 2535 724 2600 fratrem
759 2535 1053 2618 pollemii
1083 2537 1255 2616 regis
1289 2535 1607 2615 majorem
1633 2557 1648 2600 ε

455 2633 525 2688 et
556 2625 870 2687 dixerunt
900 2625 978 2687 ei.
1071 2623 1303 2685 Frater
1331 2633 1483 2687 tuus
1515 2623 1649 2686 dis-

347 2771 356 2780 .
457 2711 713 2794 cipulus
768 2710 980 2775 sactus
1041 2719 1141 2774 est
1202 2709 1376 2774 illius
1429 2712 1647 2792 magi:

455 2802 568 2882 qui
601 2799 854 2881 templa
873 2808 1096 2862 nostra
1115 2807 1184 2861 et
1206 2798 1368 2861 deos
1389 2809 1647 2862 nostros

453 2888 804 2951 destruxit.
923 2887 1113 2949 Tunc
1190 2906 1310 2948 rex
1371 2887 1649 2967 astriges

453 2975 837 3057 indignatus
884 2975 1064 3037 misit
1109 2973 1290 3036 mille
1337 2975 1512 3037 viros
1545 2995 1648 3037 ar-

455 3074 672 3127 matos
713 3083 863 3125 cum
911 3061 1332 3144 pontificibus
1363 3071 1436 3124 ut
1467 3063 1646 3126 vinc-

453 3159 597 3213 tum
648 3152 1021 3232 apostolum
1077 3149 1510 3231 perducerent
1557 3151 1643 3212 ad

451 3239 653 3301 illum.
776 3237 975 3319 Quod
1061 3257 1210 3300 cum
1287 3236 1595 3300 fecissent
1632 3259 1647 3301 :

450 3325 627 3389 dixit
688 3325 747 3388 ei
809 3325 1084 3405 astriges
1147 3344 1283 3387 rex.
1404 3324 1508 3387 Tu
1574 3345 1643 3388 es

451 3411 990 3476 bartholomeus:
1036 3412 1148 3493 qui
1191 3412 1482 3474 evertisti
1515 3410 1645 3474 sra-

451 3509 623 3563 trem
655 3518 892 3561 meum.
974 3497 1343 3578 Apostolus
1375 3519 1642 3579 respon-

451 3587 591 3650 dit:
651 3585 805 3648 Non
855 3586 1058 3647 everti
1109 3605 1260 3649 eum
1311 3586 1428 3648 sed
1481 3607 1641 3648 con·-

449 3674 632 3737 verti.
728 3671 1021 3752 Septima
1063 3673 1236 3735 lectio
1282 3681 1534 3735 tantum
1566 3673 1646 3736 de

447 3759 824 3842 expositione
894 3759 1215 3842 evangelii
1295 3761 1639 3824 secundum

445 3849 676 3912 lucam.
797 3847 1006 3910 Facta
1097 3856 1199 3910 est
1279 3849 1638 3914 contentio.

451 3935 706 4002 Omelia
735 3945 811 3999 ut
839 3935 908 3998 in
938 3935 1272 3998 communi.
1327 3935 1464 4001 Lec.
1495 3936 1638 4019 viij.

442 4025 729 4158 Dixit
759 4034 985 4090 autem
1017 4045 1136 4087 rex
1183 4025 1460 4106 astriges
1491 4023 1641 4090 bar-

601 4113 954 4178 tholomeo,
1059 4111 1247 4178 Sicut
1299 4121 1376 4177 tu
1427 4113 1639 4178 fecisti

545 4273 558 4303 ¹
603 4277 683 4322 ‘et
705 4272 718 4296 ’
741 4287 840 4322 om.
867 4291 878 4322 :
915 4271 981 4320 N.

546 4341 565 4369 ⁴
597 4337 772 4387 incidit
803 4357 815 4386 :
852 4337 1054 4386 R.N.S.

809 4407 828 4431 ’
860 4407 1234 4450 construxerunt
1260 4419 1273 4449 :
1312 4401 1512 4452 R.N.S.

1407 4271 1428 4300 ²
1460 4273 1951 4338 astiagem‚.(passim)
1982 4293 1994 4324 ε
2032 4274 2099 4328 N.

1404 4339 1425 4366 ⁸
1457 4337 1707 4392 decolari:
1747 4341 1807 4390 R.

2268 321 2425 378 506

1764 429 2031 493 fratrem
2078 447 2301 492 meum
2351 427 2727 511 relinquere
2758 428 2968 492 deum

1762 537 1999 582 suurn:
2046 516 2143 580 ita
2184 516 2421 580 faciam
2472 527 2543 580 te
2592 515 2971 598 relinquere

1762 605 1965 669 deum
1995 615 2205 668 tuum.
2278 605 2655 686 Respondit
2678 606 2738 668 ei
2766 625 2975 688 apos·

1763 694 1955 756 tolusu
2066 693 2217 774 Ego
2264 693 2439 756 enim
2494 695 2699 756 deum
2759 713 2973 775 quem

1763 781 1963 845 frater
2036 790 2189 844 tuus
2265 780 2526 844 colebat
2604 779 2975 862 religatum

1760 879 1995 932 teneo:
2040 877 2108 932 et
2140 871 2355 950 ipsum
2376 869 2499 932 feci
2534 877 2606 930 ut
2626 868 2980 950 frangeret

1762 956 2232 1020 simulachrum
2278 976 2509 1018 suum:
2556 957 2612 1019 si
2662 955 2796 1018 hoc
2850 977 2979 1037 po-

1759 1045 1958 1107 teris³
1988 1044 2201 1108 facere
2254 1044 2382 1106 deo
2436 1063 2627 1108 meo:
2672 1045 2983 1124 poteris⁸

1764 1153 1872 1194 me
1904 1134 1989 1195 ad
2022 1133 2164 1213 ejus
2206 1131 2597 1196 sacrificium
2632 1152 2975 1197 revocare.

1766 1221 1914 1282 Hec
1946 1240 2097 1284 cum
2129 1220 2410 1283 dixisset
2432 1218 2831 1282 nunciatum
2868 1231 2979 1284 αεὶ

1760 1309 1942 1390 regi:
2011 1308 2190 1389 quod
2242 1307 2405 1370 deus
2466 1306 2609 1388 ejus
2670 1305 2977 1372 baldach

1759 1397 2102 1459 cecidisset
2132 1416 2145 1459 :
2179 1405 2247 1458 et
2266 1395 2645 1458 minutatim
2666 1396 2975 1462 abiisset.

1758 1484 1951 1547 Tunc
2025 1484 2250 1547 scidit⁴
2342 1501 2463 1546 rex
2553 1503 2975 1566 purpuream

1758 1581 2009 1634 vestem
2042 1592 2177 1653 qua
2224 1569 2495 1635 indutus
2525 1580 2668 1634 erat
2701 1581 2770 1634 et
2806 1571 2975 1635 fecit

1758 1659 2039 1722 fustibus
2084 1659 2231 1722 cedi
2284 1659 2703 1741 apostolum:
2750 1669 2829 1722 et
2858 1681 2973 1722 ce·-

1756 1767 1905 1810 sum
1936 1745 2291 1811 decollari.⁸
2620 1746 2849 1812 Lectio
2878 1748 2972 1812 ix.

1776 1837 2222 1966 Venientes
2251 1853 2407 1897 vero
2438 1833 2667 1916 populi
2698 1835 2975 1900 duode-

1924 1923 2053 1986 cim
2086 1923 2429 1986 civitatum
2456 1943 2471 1985 :
2516 1923 2629 2003 qui
2654 1941 2776 2003 per
2800 1943 2971 1988 eum

1758 2011 2216 2074 crediderunt:
2264 2029 2398 2072 una
2444 2028 2595 2072 cum
2642 2029 2804 2091 rege
2836 2031 2973 2092 po-

1756 2097 1979 2162 limio⁶
2009 2098 2426 2161 abstulerunt
2475 2116 2715 2178 corpus
2762 2098 2921 2179 ejus
2952 2121 2973 2163 :

1758 2195 1827 2248 et
1878 2183 2301 2250 struxerunt⁷
2338 2185 2398 2248 ei
2446 2183 2843 2250 basilicam:
2890 2196 2971 2252 et

1756 2272 1823 2336 in
1886 2295 1965 2337 ea
2026 2283 2389 2355 posuerunt
2468 2292 2707 2354 corpus
2788 2274 2967 2355 ejus,

1755 2361 2121 2424 Tricesimo
2168 2382 2326 2424 vero
2375 2360 2481 2424 die
2513 2361 2973 2442 depositionis

1755 2449 1899 2529 ejus
1930 2458 2229 2531 arreptus
2262 2469 2302 2512 a
2324 2448 2638 2510 demonio
2670 2451 2971 2531 astriges

1756 2557 1876 2599 rex
1938 2545 2006 2599 et
2066 2556 2299 2600 omnes
2360 2534 2707 2618 pontifices
2764 2537 2967 2619 pleni

1754 2624 2149 2688 demonibus
2209 2629 2531 2688 venerunt
2578 2623 2661 2686 ad
2724 2633 2969 2690 tumu-

1754 2710 1893 2775 lum
1940 2711 2152 2776 sancti
2207 2712 2492 2795 apostoli
2552 2709 2967 2776 confitentes

1752 2801 2201 2882 apostolatum
2252 2801 2432 2881 ejus:
2478 2809 2547 2863 et
2577 2799 2669 2862 sic
2704 2803 2967 2865 mortui

1751 2897 1922 2951 sunt.
2017 2888 2269 2951 Omnes
2300 2908 2455 2950 vero
2485 2886 2807 2950 increduli
2836 2910 2967 2970 pa-

1752 2995 1909 3038 vore
1939 2975 2199 3037 excussi
2232 2975 2649 3038 crediderunt
2680 2983 2750 3039 et
2782 2977 2966 3060 bap-

1752 3062 1937 3125 tizati
1968 3071 2140 3126 sunt.
2233 3063 2387 3125 Rex
2437 3082 2591 3126 vero
2632 3063 2965 3143 polimius

1750 3170 1870 3230 per
1900 3148 2369 3214 revelationem
2416 3151 2627 3212 sancti
2656 3153 2965 3232 apostoli

1749 3238 2093 3301 ordinatus
2144 3247 2249 3300 est
2300 3238 2692 3318 episcopus:
2754 3249 2831 3302 et
2882 3241 2962 3306 in

1750 3327 2018 3388 nomine
2092 3324 2377 3407 apostoli
2470 3326 2645 3408 cepit
2728 3326 2963 3392 multa

1748 3414 1944 3493 signa
2002 3413 2229 3476 facere.
2355 3414 2509 3488 Fuit
2584 3421 2813 3477 autem
2880 3416 2955 3479 in

1747 3501 2133 3582 episcopatu
2164 3521 2287 3564 suo
2316 3501 2549 3582 viginti
2591 3503 2781 3564 annis
2813 3523 2830 3564 ε
2878 3515 2959 3567 et

1745 3587 2053 3668 perfectis
2126 3589 2437 3651 omnibus
2498 3596 2699 3669 atque
2756 3609 2955 3652 corn-

1747 3675 2017 3755 positis:
2066 3676 2413 3756 migravit⁸
2436 3677 2520 3739 ad
2548 3676 2901 3740 dominum
2934 3701 2953 3742 :

1722 3759 1848 3826 ‘cui
1881 3771 1983 3826 est
2014 3763 2229 3826 honor
2262 3771 2331 3826 et
2373 3764 2585 3846 gloria
2615 3763 2683 3826 in
2714 3765 2955 3829 secula

1746 3849 2115 3914 seculorum
2147 3870 2361 3914 amen.
2422 3860 2520 3932 pf.
2596 3852 2696 3914 Te
2716 3852 2951 3918 deum.

1751 3937 1974 4004 Cetera
2000 3939 2101 4002 ad
2140 3938 2501 4002 matutinas
2528 3948 2591 4000 et
2630 3937 2830 4003 horas
2868 3941 2959 4006 de

1742 4027 2067 4090 communi
2120 4027 2544 4108 apostolorum
2594 4047 2739 4090 cum
2792 4049 2952 4091 ora-

1742 4114 1911 4178 tione
1936 4115 2355 4197 subsequente.
2689 4115 2949 4182 Oratio.

2301 4275 2321 4304 ⁸
2354 4273 2576 4338 poterit:
2615 4275 2822 4328 R.N.S.

2299 4343 2319 4370 ⁸
2352 4340 2611 4404 polemio:
2648 4341 2709 4390 R.
2722 4341 2771 4392 S.

2097 4407 2116 4436 ⁸
2150 4405 2282 4454 misit
2309 4423 2321 4454 :
2366 4405 2433 4454 N.
