3117 4959
1154 224 1439 282 INDEX
1476 225 2254 282 RESPONSORIORUM

1010 333 1137 388 871

457 431 599 482 Dixit
622 433 829 499 angelus
848 436 913 484 ad
934 435 1101 498 jacob,
1130 449 1225 500 302

455 499 616 548 Dixit
635 501 841 564 angelus
861 502 933 548 ad
950 503 1185 560 mariam,
1213 515 1241 550 2
1246 501 1311 565 38

456 564 599 614 Dixit
622 575 791 616 autem
811 566 907 615 dns
928 567 993 615 ad
1017 567 1271 627 abraham,
1301 577 1396 631 257

455 631 615 680 Dixit
634 639 801 681 autem
824 633 993 681 maria
1013 634 1084 682 ad
1099 635 1331 698 angelum
1354 634 1495 694 Ecce,
1522 645 1626 694 240

456 695 601 746 Dixit
622 697 855 746 dominus
876 699 941 747 ad
964 699 1131 760 adam,
1159 711 1257 762 234

455 762 598 812 Dixit
620 763 854 812 dominus
874 763 940 812 ad
962 779 1077 824 noe,
1105 775 1200 828 245

455 827 600 877 Dixit
622 829 717 878 diis
739 829 863 878 deus
885 844 987 879 non
1010 836 1085 879 est
1107 831 1313 891 bonum,
1341 839 1441 894 235

454 891 595 943 Dixit
614 893 794 958 joseph
816 895 1065 955 undecim,
1092 905 1189 959 317

457 958 599 1009 Dixit
618 959 765 1023 judas
789 960 1017 1010 fratribus
1038 961 1155 1020 suis,
1184 973 1281 1024 312

456 1023 600 1074 Dixit
623 1026 778 1074 ruben
802 1025 1033 1075 fratribus
1054 1027 1170 1085 suis,
1202 1026 1305 1090 316

456 1089 680 1140 Doceam
703 1091 901 1156 iniquos
923 1091 1029 1142 vias
1052 1100 1177 1152 tuas,
1206 1091 1307 1155 348

455 1154 673 1206 Docebit
696 1171 788 1206 nos
809 1157 903 1206 dns
924 1158 1047 1216 vias,
1076 1168 1140 1220 32

454 1221 648 1270 Docete
672 1221 803 1272 filios
820 1229 1011 1272 vestros
1030 1223 1161 1284 alva,
1190 1235 1293 1286 433

454 1287 628 1336 Docili
644 1304 833 1352 quoque
842 1297 1003 1352 puero
1015 1289 1188 1353 gratia
1208 1287 1303 1348 dei,
1336 1298 1433 1352 525

454 1353 642 1402 Doctor
660 1353 813 1402 bonus
832 1361 879 1403 et
898 1356 1091 1404 amicus
1110 1355 1205 1414 dei,
1234 1367 1294 1416 91

455 1417 753 1468 Dominator
775 1420 979 1469 domine
1000 1421 1219 1469 celorum
1242 1428 1294 1468 et
1316 1429 1463 1477 terre,
1491 1419 1590 1482 598

452 1483 672 1534 Domine
694 1485 817 1534 deus
839 1485 925 1550 qui
948 1485 1161 1535 conteris
1182 1485 1333 1544 bella,
1361 1495 1457 1549 599

455 1548 675 1600 Domine
696 1551 873 1600 exaudi
898 1551 1189 1610 orationem,
1220 1563 1317 1600 212

452 1615 669 1666 Domine
688 1615 813 1680 Jesu
826 1623 1003 1681 pastor
1020 1617 1148 1677 bone,
1181 1626 1279 1677 710

454 1681 674 1731 Domine
698 1697 763 1730 ne
782 1681 835 1731 in
858 1682 945 1741 ira,
976 1695 1074 1732 202

454 1747 673 1796 Domine
696 1755 837 1812 pater
858 1755 908 1797 et
932 1748 1055 1798 deus
1078 1747 1193 1807 vite,
1224 1757 1323 1811 577

452 1811 668 1863 Domine
677 1815 958 1877 prevenisti
976 1831 1107 1874 eum,
1135 1825 1201 1863 20

453 1879 674 1929 Domine
696 1894 819 1943 puer
841 1895 981 1930 meus
997 1880 1146 1944 jacet,
1176 1879 1274 1943 267

450 1944 671 1994 Domine
690 1946 889 2010 quanclo
910 1947 1117 2007 veneris,
1148 1945 1240 1995 661

453 2009 674 2060 Domine
699 2026 784 2060 rex
806 2011 1126 2076 omnipotens
1146 2012 1197 2060 in
1221 2011 1428 2071 ditione,
1460 2019 1559 2074 599

450 2076 669 2126 Domine
684 2078 730 2125 si
746 2078 911 2126 adleuc
922 2079 1107 2142 populo
1126 2084 1226 2136 tuo,
1254 2075 1353 2126 682

452 2141 673 2192 Domine
697 2142 739 2192 si
762 2157 1028 2192 conversus
1050 2143 1213 2202 fuerit,
1244 2143 1343 2205 564

449 2207 669 2257 Domine
688 2209 739 2256 si
756 2215 815 2256 tu
836 2225 884 2258 es
888 2209 1033 2271 jube,
1058 2219 1209 2270 203n,
1237 2218 1329 2271 351

452 2272 659 2321 Domini
682 2281 755 2322 est
780 2281 927 2332 terra,
956 2285 1055 2334 204

451 2337 701 2387 Dominus
717 2338 863 2403 Jesus
886 2346 1001 2388 ante
1024 2353 1109 2388 sex
1133 2337 1257 2398 dies,
1288 2338 1385 2401 365

449 2403 698 2452 Dominus
720 2419 915 2454 mecum
938 2411 1013 2454 est
1038 2413 1291 2470 tanquam,
1322 2403 1423 2467 368

452 2469 701 2518 Dominus
723 2469 809 2535 qui
832 2469 1013 2534 eripuit
1038 2486 1134 2529 me,
1166 2468 1256 2534 561

450 2535 673 2584 Domum
698 2543 835 2585 tuam
857 2535 1059 2586 domine
1082 2537 1242 2596 decet,
1270 2537 1371 2600 663

454 2600 649 2651 Domus
671 2617 785 2651 mea
804 2602 984 2652 domus
1004 2602 1259 2661 orationis„
1288 2603 1381 2652 661

453 2667 707 2716 Dormivit
728 2667 965 2717 abraham
988 2683 1103 2718 cum
1125 2669 1363 2734 patribus,
1394 2668 1493 2717 260

454 2733 649 2784 Ductus
672 2742 746 2784 est
765 2734 911 2799 Jesus
932 2734 985 2784 in
1006 2735 1275 2795 desertum,
1304 2734 1402 2796 278

454 2799 617 2848 Dulce
638 2799 837 2864 lignum
858 2800 1021 2849 dulces
1040 2802 1199 2850 clavos
1222 2804 1310 2862 (1),
1342 2811 1439 2862 272

455 2865 617 2914 Dulce
637 2865 835 2928 lignum
850 2880 868 2914 :
900 2867 1059 2916 dulces
1078 2867 1237 2916 clavos
1260 2870 1351 2928 (2),
1382 2875 1479 2930 554

458 2930 595 2980 Dum
618 2931 895 2980 ambularet
917 2931 1167 2992 dominus,
1196 2933 1293 2996 236

458 2997 603 3044 Dum
624 3013 813 3046 aurora
821 2997 982 3062 finem
1004 2999 1147 3048 daret
1158 3014 1177 3046 .·
1206 2999 1391 3058 cecilia,
1420 3007 1517 3060 712

458 3063 595 3112 Dum
618 3064 988 3129 complerentur
1007 3064 1129 3123 dies,
1162 3075 1259 3128 500

460 3129 597 3178 Dum
620 3129 775 3178 exiret
791 3128 943 3192 jacob
966 3130 1030 3178 de
1055 3138 1185 3179 terra
1205 3145 1311 3190 sua,
1340 3142 1439 3192 299

460 3197 597 3244 Dum
619 3194 713 3244 iret
732 3195 883 3258 jacob
903 3196 967 3244 de
990 3196 1245 3256 bersabee,
1274 3208 1374 3258 299

460 3263 605 3312 Dum
628 3268 789 3310 oraret
812 3262 869 3309 in
890 3262 1102 3321 obscuro,
1132 3271 1227 3322 217

458 3329 604 3378 Dum
617 3327 987 3390 perambularet
1004 3329 1249 3390 dominus,
1278 3326 1344 3378 86

458 3395 605 3444 Dum
626 3408 823 3442 sacrum
848 3396 1133 3454 mysterium
1154 3401 1369 3452 sanctus,
1396 3394 1493 3455 607

462 3460 607 3510 Dum
630 3474 829 3507 sacrum
850 3459 1043 3521 ‹fferret
1064 3461 1246 3518 beatus,
1274 3459 1372 3519 684

464 3527 601 3576 Dum
624 3531 775 3574 staret
798 3523 1036 3574 abraham
1058 3525 1123 3574 ad
1149 3525 1330 3586 ilicem,
1359 3525 1459 3575 260

460 3595 605 3643 Dum
626 3589 857 3640 steteritis
878 3596 993 3639 ante
1014 3607 1158 3654 reges,
1187 3605 1220 3652 4

462 3661 598 3710 Dum
623 3654 875 3706 transisset
896 3656 1176 3716 sabbatum,
1202 3667 1299 3721 405

465 3727 609 3777 Dum
632 3738 743 3773 vero
764 3720 925 3770 adhuc
935 3723 1166 3788 penderet
1187 3725 1267 3784 ad,
1296 3735 1362 3786 99

468 3925 601 3976 Ecce
624 3925 772 3976 adam
795 3924 934 3989 quasi
959 3939 1104 3984 unus,
1133 3923 1229 3987 236

470 3993 601 4042 Ecce
623 3993 899 4056 apparebit,
929 3991 993 4053 38

468 4059 594 4108 Ecce
612 4059 845 4122 concipies
866 4065 912 4106 et
922 4059 1093 4120 par-ies
1101 4056 1296 4121 filium,
1328 4055 1424 4119 238

469 4124 596 4173 Ecce
615 4124 854 4173 constitui
868 4132 915 4173 te
934 4125 1089 4182 hodie,
1117 4122 1217 4186 336

471 4191 605 4240 Ecce
626 4189 734 4240 dies
756 4189 973 4247 venient,
1004 4201 1033 4251 3

472 4257 604 4305 Ecce
627 4254 859 4306 dominus
880 4254 1063 4315 veniet,
1093 4267 1157 4316 29

470 4321 595 4371 Ecce
614 4337 695 4385 ego
718 4323 859 4372 mitto
879 4337 961 4370 vos
982 4323 1114 4370 sicut
1132 4335 1252 4379 oves,
1284 4332 1317 4382 3

470 4386 596 4438 Ecce
601 4387 719 4451 jam
742 4387 797 4437 in
820 4388 1025 4438 sublime
1045 4403 1179 4453 agor,
1213 4396 1304 4450 153

2252 335 2404 390 872

1757 436 1889 486 Ecce
1913 436 2059 486 mitto
2079 437 2313 500 angelum
2337 451 2504 486 meum
2527 435 2630 500 qui,
2659 449 2718 499 33
2721 449 2752 499 3

1757 502 1890 551 Eece
1913 517 2044 552 nunc
2059 503 2264 567 ‘tempus
2285 502 2612 566 acceptabile,
2639 513 2734 563 274

1757 567 1890 616 Ecce
1911 569 2037 618 odor
2059 568 2149 618 filii
2171 568 2270 618 mei
2294 568 2419 618 sicut
2443 569 2586 628 odor,
2615 567 2710 628 298

1757 633 1888 682 Ecce
1911 635 2166 699 quomodo
2189 635 2395 684 moritur
2413 634 2590 698 justus,
2621 633 2720 695 398

1758 699 1880 748 Ecce
1897 701 2112 750 sacerdos
2134 713 2347 764 magnus
2367 701 2462 765 qui
2481 701 2536 748 in
2561 699 2657 762 (1),
2682 711 2750 759 40

1756 765 1881 813 Ecce
1901 767 2118 814 sacerdos
2140 781 2351 830 magnus
2371 767 2465 830 qui
2485 765 2544 814 in
2567 767 2662 826 (2),
2686 773 2750 824 47

1757 829 1890 880 Ecce
1912 830 2078 880 veniet
2099 832 2197 880 dns
2218 839 2483 895 protector,
2511 843 2583 893 30

1759 895 1891 944 Ecce
1915 896 2032 946 vicit
2055 897 2136 946 leo
2157 897 2222 946 de
2247 897 2397 956 tribu,
2422 895 2522 956 418

1759 959 1890 1010 Ecce
1913 961 2127 1011 vidimus
2147 977 2263 1011 eum
2287 977 2406 1020 non,
2433 960 2536 1024 378

1757 1026 1890 1076 Eece
1913 1027 2053 1090 virgo
2071 1027 2338 1092 concipiet,
2373 1039 2435 1090 13

1758 1091 2022 1142 Edifieavit
2047 1109 2144 1142 noe
2165 1094 2340 1151 211210,
2367 1105 2467 1154 249

1757 1157 1901 1207 Educ
1924 1158 1989 1207 de
2009 1173 2206 1209 camere
2227 1159 2462 1218 2111111201,
2493 1169 2591 1221 319

1757 1221 1958 1272 Educas
2080 1239 2160 1273 em
2183 1225 2249 1274 de
2271 1233 2402 1274 terra
2426 1224 2577 1284 All'a,
2609 1233 2710 1288 539

1757 1287 1947 1338 Eduxit
1967 1239 2078 1338 gg?

1759 1353 2052 1405 Effuderunt
2075 1356 2368 1419 sanguinem
2389 1363 2694 1416 sanctorum,
2725 1365 2816 1416 113

1759 1419 1871 1484 Ego
1891 1420 1998 1470 dixi
2019 1422 2118 1470 dne
2139 1422 2388 1482 miserere,
2419 1433 2517 1482 209

1759 1485 1872 1549 Ego
1893 1493 1943 1535 et
1968 1487 2058 1536 tuli
2080 1488 2145 1537 de
2166 1487 2322 1536 domo
2343 1487 2516 1551 panis,
2546 1485 2642 1550 562

1755 1551 1868 1614 Ego
1877 1559 1976 1614 pro
1997 1559 2044 1601 te
2064 1553 2240 1617 rogavi
2245 1559 2388 1617 petro
2408 1559 2468 1600 ut
2491 1568 2610 1610 non,
2637 1563 2788 1612 20411,
2813 1559 2899 1611 352

1757 1615 1871 1680 Ego
1893 1619 2080 1681 rogabo
2103 1627 2296 1696 patrem
2318 1625 2372 1668 et
2391 1617 2564 1676 alium,
2589 1629 2694 1678 490

1757 1681 1869 1746 Ego
1891 1683 2017 1732 sicut
2037 1684 2154 1733 vitis
2175 1682 2483 1741 fructificavi,
2509 1695 2614 1745 430

1757 1747 2056 1811 Egredietur
2075 1750 2171 1799 dfis
2191 1750 2258 1799 de
2280 1749 2508 1808 samaria,
2535 1761 2605 1811 32

1755 1813 2052 1876 Egredietur
2073 1816 2170 1864 dns
2191 1824 2242 1864 et
2263 1815 2570 1879 preliabitur,
2601 1823 2668 1876 52

1754 1879 1966 1944 Egregie
1986 1881 2069 1929 dei
2087 1888 2286 1944 martyr
2303 1881 2590 1938 sebastiane,
2625 1890 2724 1941 139

1752 1944 1894 2008 Egra
1915 1946 2080 2009 ibitur
2098 1947 2299 1996 cuz‘clam
2323 1945 2638 2005 mendicanti,
2669 1943 2766 2008 526

1753 2010 1952 2074 Egypte
1973 2013 2078 2060 noli
2099 2011 2237 2072 flere,
2262 2025 2330 2073 40

1753 2075 1924 2140 Elegit
1943 2077 2038 2126 dns
2057 2079 2236 2127 vivum
2255 2079 2315 2126 de
2325 2077 2476 2141 plebe,
2509 2088 2603 2136 140

1753 2141 1978 2191 Eli-tabet
1997 2144 2224 2192 zacharie
2243 2157 2482 2207 magnum
2503 2142 2692 2200 virum,
2721 2153 2750 2202 3
2753 2151 2816 2202 34

1755 2207 2098 2258 Emendemus
2117 2209 2170 2257 in
2191 2209 2372 2258 melius
2392 2223 2510 2273 que,
2536 2216 2635 2271 275

1757 2273 1946 2322 Emitte
1968 2289 2153 2337 agnum
2175 2275 2290 2334 diae,
2322 2283 2387 2338 54

1755 2338 1945 2389 Emitte
1967 2341 2171 2388 domine
2193 2339 2504 2404 sapientiam,
2535 2347 2632 2401 577

1757 2405 1910 2454 Eram
1933 2407 2072 2470 quasi
2095 2421 2252 2470 agnus
2274 2407 2530 2464 innocenS,
2559 2414 2658 2468 379

1755 2471 1893 2520 Erat
1915 2487 2117 2536 nanque
2137 2473 2194 2522 in
2216 2487 2436 2521 sermone
2451 2486 2625 2529 verax,
2659 2468 2754 2534 136

1757 2537 1867 2586 Erit
1890 2537 2014 2586 mihi
2036 2538 2268 2587 dominus
2291 2537 2344 2586 in
2365 2537 2538 2598 deum,
2564 2547 2655 2599 301

1760 2603 1892 2652 Erue
1913 2619 1944 2652 a
1967 2603 2154 2652 framea
2177 2618 2304 2665 mea,
2336 2613 2434 2667 352

1759 2669 2038 2733 Erumpant
2063 2679 2274 2728 montes,
2309 2681 2369 2729 14

1758 2734 2032 2784 Estimatus
2058 2751 2168 2784 sum
2191 2749 2306 2784 cum
2328 2733 2762 2790 descendentibnS,
2784 2742 2878 2793 399

1759 2801 1884 2849 Esto
1905 2800 2052 2849 nobis
2073 2801 2293 2861 domine,
2321 2800 2414 2850 281

1759 2867 1828 2914 Et
1849 2866 2016 2919 anima
2039 2882 2152 2915 mea
2173 2882 2322 2930 quam
2347 2865 2617 2925 redemisti,
2645 2864 2742 2924 827

1758 2932 1904 2996 Euge
1925 2948 2057 2982 serve
2075 2933 2192 2982 bone
2211 2939 2258 2981 et
2265 2933 2436 2998 fidelis
2457 2932 2596 2995 quia,
2625 2943 2688 2993 39

1759 2997 1850 3046 Ex
1871 2999 1973 3062 ejus
1993 2999 2165 3046 tumba
2189 3013 2465 3048 marmorea
2485 3013 2700 3056 sacrum,
2730 3003 2812 3056 105

1761 3063 1840 3112 Ex
1863 3079 2058 3113 summa
2079 3079 2242 3112 rerum
2266 3065 2448 3122 leticia,
2483 3075 2576 3123 124

1761 3129 1995 3179 Exaltare
2019 3130 2119 3180 (11·10
2141 3130 2258 3179 211’2
2285 3131 2344 3179 111
2369 3130 2570 3188 virtute,
2595 3127 2692 3191 485

1760 3195 2007 3244 Exaltata
2028 3202 2098 3244 est
2115 3201 2288 3244 sancta
2307 3197 2390 3246 dei
2401 3196 2627 3260 genitr&
2645 3193 2742 3256 485

1763 3261 2010 3310 Exaudiat
2032 3261 2264 3310 dominus
2287 3263 2556 3320 orationes,
2581 3261 2673 3309 601

1763 3327 1958 3375 Exaudi
1981 3327 2104 3376 deus
2126 3327 2549 3391 deprecationem,
2579 3338 2680 3375 210

1765 3392 2024 3443 Exaudisti
2045 3392 2250 3441 domine
2273 3393 2569 3453 orationem,
2597 3392 2694 3456 563

1763 3459 2096 3508 Extrahentes
2113 3458 2294 3522 joseph
2316 3460 2381 3509 de
2405 3460 2532 3517 lacu,
2564 3469 2660 3521 3¹3

1765 3523 2018 3575 Exultent
2025 3525 2176 3589 justi.
2251 3526 2320 3576 In
2342 3531 2593 3590 conspectu
2615 3523 2711 3583 dei,
2735 3520 2798 3584 36

2084 1291 2324 1339 abraham
2347 1289 2494 1348 som,
2523 1299 2622 1352 257

1765 3723 1933 3775 Facies
1953 3729 2206 3788 etpennas
2219 3735 2318 3791 per
2333 3733 2563 3790 quantor,
2600 3735 2658 3786 13

1769 3791 1928 3840 Facto
1947 3789 2139 3840 diluvio
2161 3807 2309 3856 super
2330 3800 2531 3850 teriam,
2559 3789 2660 3850 246

1767 3857 1978 3905 Factum
2001 3863 2069 3906 est
2083 3857 2344 3907 silentium
2369 3857 2426 3906 in
2447 3859 2560 3918 celo,
2591 3855 2687 3920 582

1769 3923 1954 3971 Faetus
1977 3932 2050 3972 est
2073 3924 2196 3974 mihi
2219 3925 2333 3983 dns,
2361 3937 2453 3974 211

1770 3989 1954 4038 Factus
1973 3988 2122 4053 jacob
2143 3991 2334 4054 vigilat,
2368 3991 2500 4041 1822:

1769 4055 1955 4104 Factus
1963 4055 2106 4120 jacob
2125 4059 2311 4121 vigilat
2331 4065 2490 4116 extra,
2519 4067 2619 4119 300

1773 4121 2000 4172 Feliciter
2017 4123 2242 4186 virgines
2261 4125 2476 4172 vincunt
2497 4123 2760 4182 mundum,
2787 4129 2839 4180 71

1773 4186 1916 4235 Felix
1937 4203 2152 4252 namque
2163 4205 2211 4238 es
2224 4206 2384 4250 sacra,
2409 4201 2428 4238 1
2443 4197 2557 4252 15η,
2586 4187 2702 4248 480,
2731 4197 2831 4250 541,
2855 4183 2940 4246 650

1772 4253 1927 4302 Ferro
1949 4269 2144 4318 pressos
2167 4256 2363 4306 thomas
2384 4260 2641 4314 exonerat,
2675 4263 2762 4316 127

1771 4319 1976 4370 Festina
1997 4335 2062 4369 ne
2085 4322 2372 4381 tardaveris,
2398 4333 2462 4384 43

1773 4382 1900 4436 Fide
1923 4385 2014 4436 suit
2039 4386 2230 4438 finees=
2269 4397 2323 4438 ut
2343 4388 2450 4452 job,
2483 4387 2616 4448 184n
