3117 4959
980 290 1041 348 S.
1080 290 1201 348 ΕΖ)
1213 289 1513 348 WARDI
1550 293 1820 351 REGIS.

1951 402 2114 458 620

136 507 211 581 ff
246 502 329 566 In
362 503 787 567 translatione
813 505 1029 570 sancti
1052 505 1350 570 edwardi
1447 506 1657 570 abbas
1719 507 1806 572 ad
1869 527 2140 590 regem:
2185 506 2300 592 qui
2361 515 2520 572 tunc
2582 508 2650 573 in

680 398 823 454 619

130 592 333 672 regis.

126 679 269 742 Ad
312 688 465 742 mat.
511 679 685 744 Invi.
786 681 1017 763 Justus
1065 681 1343 746 florebit.

124 778 244 830 etc.
1060 769 1271 832 Lectio
1280 771 1343 851 j.

304 855 635 920 residente
650 858 1341 921 westmonasteriensi¹

305 943 573 1008 ecclesie
624 944 981 1008 venerabili
1033 946 1175 1009 viro
1227 945 1344 1009 ab·

127 1030 298 1094 bate
330 1031 691 1096 laurentio:
724 1052 875 1096 cum
907 1052 1026 1116 per
1053 1033 1161 1096 dei
1191 1033 1345 1096 visi-

123 1120 466 1183 tationem
528 1120 753 1183 multis
804 1120 1041 1184 eadem
1102 1121 1342 1185 domus

120 1205 404 1270 floreret
434 1207 663 1272 bonis:
713 1209 878 1272 exiit
923 1228 1141 1273 sermo
1172 1209 1343 1272 inter

120 1294 374 1358 fratres
405 1295 491 1358 de
510 1295 799 1377 glorioso
824 1316 977 1378 rege
996 1297 1341 1360 edwardo:

116 1383 487 1465 indignum
520 1384 913 1447 arbitrantes
945 1384 1203 1448 celestis
1225 1405 1339 1448 cu-

117 1471 229 1533 rie
285 1472 499 1535 civem
552 1480 743 1534 tanto
796 1481 1097 1555 ternpore
1139 1472 1205 1535 in
1238 1482 1339 1536 ta-

112 1557 1339 1625 hernaculomortalitatisdelitescere.

117 1646 502 1729 Postquam
553 1648 636 1710 ad
682 1668 872 1712 aures
903 1648 1163 1712 abbatis
1193 1668 1337 1712 ver-

114 1733 297 1797 bum
361 1734 536 1798 istud
597 1737 949 1817 pervenit:
1024 1736 1337 1800 secretius

112 1843 334 1904 agere
383 1823 596 1906 cepit:
643 1824 996 1887 obsecrans
1044 1844 1159 1887 eos
1210 1824 1335 1888 sra-

112 1919 267 1973 tres
297 1932 313 1974 :
362 1921 435 1974 ut
473 1912 720 1974 nudam
754 1911 877 1973 sibi
910 1912 995 1974 de
1026 1913 1162 1975 vita
1192 1912 1337 1993 glo-

111 1999 287 2060 riosi
354 1999 525 2081 regis
578 2001 909 2081 aperirent
966 2001 1332 2064 veritatem.

104 2086 481 2218 Prolati
522 2096 677 2151 sunt
721 2086 923 2150 etiam
967 2087 1031 2149 in
1067 2087 1233 2170 [Lec.
1266 2088 1334 2169 ij.

286 2175 583 2238 medium
626 2185 695 2239 et
744 2176 1021 2258 inspecti
1064 2174 1212 2238 libri
1248 2177 1334 2239 de

110 2262 467 2326 miraculis
541 2263 684 2344 ejus
743 2284 783 2325 a
849 2263 1332 2345 probatissimis

104 2351 283 2413 viris
332 2351 728 2434 conscripti:
775 2351 841 2413 in
890 2351 1130 2432 quibus
1183 2371 1333 2433 pre-

107 2439 353 2502 ciosus
400 2439 736 2502 confessor
778 2447 959 2502 totus
1014 2439 1333 2504 mirabilis

102 2527 179 2589 in
209 2527 431 2590 oculis
445 2527 893 2590 universorum
909 2525 1332 2608 resplenduit.

108 2615 262 2678 His
326 2624 397 2678 et
454 2612 835 2697 hujusmodi
896 2615 997 2677 vir
1053 2615 1203 2696 pius
1266 2615 1331 2677 in

105 2721 431 2766 amorem
515 2711 581 2766 et
673 2702 1074 2766 desiderium
1151 2702 1329 2767 beati

104 2790 445 2874 principis
467 2790 825 2872 plurimum
857 2810 1211 2854 accensus:
1243 2791 1327 2854 ad

102 2880 328 2942 beate
448 2880 765 2942 memorie
891 2878 1330 2941 theobaldum

103 2965 699 3048 archiepiscopum
800 2966 1326 3029 cantuariensem

100 3076 183 3118 se
218 3054 559 3118 contulit:
606 3063 679 3117 ut
728 3055 1076 3134 negocium
1111 3053 1327 3136 ipsum

100 3143 297 3206 tanti
329 3143 451 3204 viri
475 3143 868 3206 auctoritate
894 3142 1325 3206 roboraretur.

96 3234 217 3362 J
236 3230 331 3294 lle
363 3251 519 3293 vero
550 3230 1080 3311 archiepiscopus
1108 3229 1209 3312 [L.
1229 3229 1325 3312 iij.

230 3338 585 3382 assensum
619 3339 737 3400 per
766 3318 990 3380 omnia
1034 3337 1327 3400 spopon-

97 3407 229 3472 dit.
381 3405 619 3469 Adiit²
674 3405 877 3468 etiam
940 3405 1325 3469 consulendi

96 3514 324 3560 causa
378 3493 825 3557 venerabilem
874 3493 1088 3556 virum
1138 3513 1327 3575 roge-

94 3603 264 3647 rum
284 3583 314 3620 ⁸
362 3581 927 3664 archiepiscopum
971 3581 1327 3646 eboracen-

95 3691 259 3735 sem
281 3691 297 3734 :
334 3668 709 3733 richardum
731 3689 997 3751 quoque
1018 3668 1325 3732 londoni-

92 3777 351 3823 ensem
416 3757 844 3840 episcopum:
920 3766 1325 3839 cunctosque

88 3849 244 3911 fere
278 3845 491 3910 totius
522 3846 705 3928 regni
745 3845 1092 3928 episcopos
1124 3846 1328 3909 abba-

89 3945 203 4000 tes
278 3933 579 4016 priores:
628 3933 922 4014 aliasque
984 3933 1326 4015 religiosas

94 4041 473 4106 personas:
499 4021 613 4104 qui
638 4041 871 4084 omnes
892 4021 1059 4084 miro
1082 4021 1322 4084 affectu

94 4111 561 4175 intentionem
593 4118 891 4172 sanctam
925 4129 1325 4192 persequen-

90 4201 267 4264 dam
294 4199 321 4234 ⁴
365 4197 845 4279 judicaverunt.
956 4197 1325 4279 Dictusque

203 4350 219 4379 ¹
258 4345 829 4396 westmonasteriensi:
864 4345 1002 4396 ΚΝ.
1032 4345 1233 4410 passim.

200 4416 223 4443 ⁸
260 4411 515 4474 rogerium
543 4431 555 4460 :
592 4411 658 4460 N.

148 4479 154 4484 ’
201 4482 224 4508 ⁸
258 4493 387 4542 sepe
409 4477 610 4526 dictus:
647 4477 699 4527 S.

238 4559 411 4610 vol..
448 4559 521 4608 11.

1030 4414 1051 4444 ⁴
1083 4409 1477 4477 prosequendam
1503 4428 1515 4458 ε
1552 4409 1605 4459 S.

1444 597 1902 660 transmarinis
1932 597 2230 679 partibus
2261 597 2504 680 agebat
2524 597 2652 662 iter

1444 683 1720 766 arripuit
1772 705 1787 748 ε
1878 684 2361 766 negociumque
2451 705 2646 748 suum

1444 771 1662 833 eidem
1707 772 2038 854 patefecit.
2127 771 2446 854 Acceptis
2491 793 2648 835 vero

1444 856 1679 922 litteris
1727 879 1768 922 a
1817 880 1970 942 rege
2023 879 2156 922 una
2201 880 2356 922 cum
2409 859 2646 924 litteris

1443 945 1890 1031 prelatorum:
1936 947 2347 1029 aliorumque
2406 947 2646 1011 diversi

1442 1035 1692 1097 ordinis
1751 1036 2039 1099 virorum
2098 1035 2449 1099 illustrium
2494 1057 2509 1098 :
2555 1035 2642 1099 ad

1442 1122 1670 1184 sedem
1734 1122 2170 1205 apostolicam
2233 1123 2492 1204 aliquos
2557 1124 2645 1186 de

1441 1209 1752 1273 fratribus
1783 1211 1918 1274 suis
1964 1211 2065 1274 vir
2106 1211 2388 1274 devotus
2441 1211 2644 1274 desti-

1443 1299 1643 1360 navit.

1577 1385 1720 1448 ibro
1751 1406 1908 1448 vero
1938 1385 2025 1450 de
2055 1386 2388 1449 miraculis
2433 1407 2474 1449 a
2518 1386 2639 1449 do·

1577 1472 1759 1536 mino
1788 1493 1966 1556 papa
1996 1473 2346 1555 diligenter
2385 1475 2644 1554 inspec-

1436 1569 1509 1623 to
1538 1581 1552 1624 :
1600 1581 1730 1644 que
1762 1581 1881 1642 per
1907 1571 2212 1624 sanctum
2258 1561 2639 1626 edwardum

1438 1649 1604 1711 deus
1650 1650 1904 1731 operari
1952 1650 2265 1730 dignatus
2297 1657 2441 1713 est:
2487 1670 2640 1731 pro·

1436 1736 1680 1800 cedens
1755 1737 1823 1799 in
1898 1737 2238 1818 publicum
2299 1738 2637 1800 communi

1437 1823 1712 1887 fratrum
1745 1825 2058 1887 consilio:
2089 1826 2174 1888 de
2206 1824 2382 1887 beati
2417 1825 2589 1906 regis
2611 1826 2638 1862 ⁶

1435 1911 1919 1992 glorificatione
1951 1913 2224 1994 dignam
2256 1912 2638 1994 promulga-

1432 2001 1530 2063 vit
1590 2001 2033 2065 sententiam:
2079 2000 2439 2064 decernens
2485 2020 2637 2064 eum

1433 2087 1501 2150 in
1548 2097 1928 2151 sanctorum
1978 2087 2334 2169 cathalogo
2381 2087 2638 2150 conses-

1432 2195 1657 2238 sorum
1741 2176 2218 2240 ascribendum.
2356 2176 2638 2240 Nunciis

1434 2264 1659 2345 itaque
1691 2264 1778 2327 ab
1809 2264 2176 2345 apostolica
2199 2264 2357 2326 sede
2387 2283 2640 2344 regres-

1432 2351 1520 2413 sis
1569 2351 1943 2432 sepedictus
1964 2351 1992 2390 ὅ
2019 2351 2228 2414 abbas
2259 2351 2638 2416 convocatis

1433 2447 1575 2502 tam
1607 2439 1935 2523 episcopis
1962 2459 2162 2521 quam
2189 2438 2544 2502 abbatibus
2567 2441 2634 2502 in

1433 2528 1710 2590 ecclesia
1740 2527 2404 2590 westmonasteriensi
2436 2548 2450 2590 :
2503 2527 2636 2608 pri-

1434 2634 1547 2678 mo
1578 2635 1803 2678 coram
1835 2614 2142 2678 omnibus
2189 2614 2444 2679 recitari
2479 2614 2636 2678 fecit

1432 2701 1686 2766 litteras
1718 2702 2115 2784 apostolicas
2145 2701 2230 2765 de
2249 2702 2428 2765 beati
2462 2702 2634 2783 regis

1431 2790 1946 2855 canonisatione.
1978 2789 2097 2852 sed
2124 2789 2327 2870 juxta
2359 2809 2631 2873 precep-

1432 2887 1576 2942 tum
1609 2879 1780 2960 regis
1811 2897 2020 2959 usque
2041 2879 2108 2939 in
2133 2877 2415 2940 reditum
2437 2897 2630 2940 suum

1431 2965 1640 3029 dilata
1672 2974 1774 3028 est
1802 2965 2014 3029 sancti
2045 2965 2166 3027 viri
2201 2966 2626 3030 consecratiO.

1432 3056 1697 3186 Post
1728 3053 1863 3116 fere
1891 3053 2269 3116 biennium:
2299 3052 2540 3135 [Lectio
2571 3074 2628 3117 v.

1590 3161 1744 3223 rege
1775 3161 1816 3204 a
1838 3140 2229 3204 normannia
2253 3141 2318 3202 in
2339 3140 2630 3221 angliam

1431 3249 1728 3311 regresso
1763 3250 1777 3293 :
1852 3228 2062 3291 abbas
2122 3227 2415 3311 prefatus
2476 3248 2629 3292 cum

1429 3318 1668 3381 eodem
1701 3336 1855 3398 rege
1899 3317 2288 3398 diligentem
2327 3316 2412 3379 de
2449 3315 2630 3380 beati

1429 3407 1602 3487 regis
1706 3404 2101 3468 celebranda
2196 3403 2630 3467 translatione

1429 3501 1786 3557 tractatum
1819 3492 2070 3555 habuit.
2131 3491 2398 3555 Annuit
2429 3493 2630 3574 igitur

1430 3582 1670 3645 devote
1724 3601 1844 3643 rex
1891 3581 2205 3662 diemque
2242 3590 2496 3644 certum
2531 3581 2628 3644 in-

1427 3669 1620 3732 dixit.
1715 3669 1989 3731 Interim
2020 3688 2177 3732 vero
2208 3677 2485 3750 accepto
2515 3669 2631 3731 ab-

1429 3757 1547 3820 bas
1581 3757 1895 3820 consilio:
1941 3756 2119 3819 beati
2166 3756 2459 3838 corporis
2490 3757 2629 3836 gle-

1427 3846 1586 3909 bam
1649 3846 1865 3928 primo
1924 3844 2238 3906 secretius
2307 3844 2628 3924 inspicere

1428 3933 1735 3997 decrevit.
1827 3931 2140 4014 Quadam
2188 3931 2388 4012 igitur
2433 3940 2627 3994 nocte

1429 4021 1738 4084 fratribus
1829 4028 1982 4102 post
2060 4018 2421 4080 matutinas
2495 4019 2581 4080 ad
2604 4018 2628 4056 ⁷

1426 4117 1638 4172 strata
1698 4108 2015 4171 reversis:
2071 4105 2293 4185 januis
2352 4105 2628 4169 ecclesie

1428 4197 1667 4262 clausis
1703 4216 1718 4259 :
1811 4195 2128 4258 remansit
2203 4193 2270 4255 in
2349 4192 2628 4257 ecclesia

1815 4343 1836 4372 ²
1867 4340 2010 4390 Abiit
2037 4359 2050 4390 :
2085 4340 2138 4392 S.

1817 4410 1838 4437 ⁸
1870 4407 1974 4470 regi
2000 4426 2012 4456 τ
2049 4407 2100 4456 S.

1815 4477 1832 4503 ²
1867 4483 1958 4536 pro
1986 4473 2108 4522 ‘ad’
2131 4487 2200 4522 a:
2238 4473 2300 4521 R.

2246 4553 2363 4603 SS
