3117 4959
744 243 804 298 S.
855 242 1224 299 FABIANI
1265 244 1389 299 ET
1430 245 1965 303 SEBASTIANJ.

639 352 782 407 139

163 476 350 522 sermo
377 456 492 519 oris
513 455 642 520 tui:
679 456 801 520 Per
827 456 1057 539 Jesum
1092 456 1314 522 Chris-

160 555 284 609 tum
305 545 625 607 dominum
657 555 974 609 nostrum.
1021 562 1068 631 7
1102 547 1316 609 Bene-

160 634 296 695 dicti
322 632 420 713 qui
462 632 526 694 in
556 632 864 695 omnibus
895 654 1025 715 que
1057 633 1315 697 locutus

159 741 220 782 es
245 720 508 783 credunt.
602 718 726 782 Per
753 720 1001 801 Jesum.
1072 720 1314 785 Gloria.

161 808 278 870 Per.
356 808 433 869 In
463 807 644 869 tertio
687 817 988 871 nocturno
1015 817 1122 871 aii.
1217 808 1316 873 Ut

153 895 298 957 vidit
325 894 542 957 beatus
570 894 985 958 sebastianus
1030 895 1315 959 athletas

156 982 249 1044 dei
277 982 580 1044 immenso
611 983 988 1045 certaminis
1021 984 1314 1064 pondere

152 1068 420 1150 fatigari:
463 1069 682 1133 dixit:
727 1090 770 1132 o
819 1070 1158 1133 fortissimi
1192 1072 1314 1133 mi-

153 1156 282 1218 lites
338 1156 570 1219 Christi
633 1157 840 1220 nolite
900 1177 1018 1239 per
1075 1159 1314 1221 misera

151 1242 573 1306 blandimenta
631 1264 908 1308 coronas
983 1244 1316 1327 deponere

148 1331 566 1411 sempiternas
684 1340 784 1412 pf.
866 1332 1137 1395 Domini
1213 1343 1314 1396 est

149 1426 314 1479 terra.
435 1419 496 1480 A
508 1426 567 1480 ἢ.
649 1418 1080 1483 Sebastianus
1139 1420 1316 1483 dixit

147 1503 536 1568 marcelliano
590 1513 660 1568 et
705 1526 970 1570 marco:
1017 1527 1152 1569 non
1198 1528 1317 1570 vos

146 1592 434 1655 seducant
463 1592 924 1657 blandimenta
950 1594 1314 1659 mulierum.

137 1688 218 1759 ρέ.
261 1680 438 1742 Beati
495 1700 798 1761 quorum.
909 1683 1040 1745 Αῆ.
1093 1682 1322 1745 Nolite

149 1767 396 1829 timere:
441 1787 575 1830 non
607 1770 1090 1850 separabuntur
1119 1789 1161 1831 a
1204 1790 1320 1831 vo-

143 1854 267 1918 bis:
309 1856 418 1917 sed
449 1855 703 1918 vadunt
735 1857 800 1919 in
843 1855 1058 1919 celum
1091 1876 1322 1938 parare

143 1942 310 2003 vobis
355 1943 664 2023 sydereas
686 1942 704 1979 ¹
751 1944 1142 2007 mansiones,
1218 1952 1319 2025 pf.

145 2028 312 2091 Deus
380 2039 720 2093 venerunt.
842 2047 891 2115 7
977 2031 1320 2112 Justorum

143 2116 356 2179 anime.
443 2117 798 2198 Expositio,
891 2118 1322 2181 Descendens

138 2202 312 2282 Jesus
340 2204 422 2265 de
470 2212 718 2267 monte.
815 2204 1066 2268 Omelia
1111 2216 1206 2268 est
1251 2206 1322 2269 in

139 2291 452 2354 communi.
556 2292 662 2355 Re.
699 2292 982 2375 Egregie
1013 2294 1118 2356 dei
1151 2313 1323 2357 mar-

140 2386 237 2459 tyr
283 2378 658 2442 sebastiane
711 2381 1016 2461 princeps
1048 2401 1124 2444 ac
1173 2402 1324 2463 pro-

138 2475 396 2545 pagator
439 2462 1006 2531 sanctissimorum
1057 2488 1327 2551 precep-

140 2560 370 2617 torum:
400 2574 558 2617 ecce
578 2574 820 2617 nornen
843 2565 1034 2618 tuum
1067 2558 1132 2618 in
1159 2556 1326 2619 libro

140 2642 260 2703 vite
307 2642 573 2705 celestis
617 2643 976 2723 ascriptum
1023 2653 1140 2706 est.
1236 2644 1326 2707 Et

142 2729 502 2793 memoriale
536 2739 728 2792 tuum
761 2750 892 2792 non
918 2729 1331 2812 derelinque-

139 2824 236 2878 tur
287 2818 352 2879 in
413 2816 658 2881 secula.
749 2834 798 2902 7
858 2818 1090 2883 Socius
1151 2819 1329 2881 enim

139 2901 334 2967 sactus
377 2926 448 2969 es
495 2924 932 2986 supernarum
962 2906 1277 2969 virtutum
1317 2928 1333 2969 :

137 3011 254 3072 que
274 3003 340 3055 et
371 2993 437 3055 in
457 2992 620 3056 celis
643 2993 946 3073 spiritum
971 3000 1160 3057 tuum
1191 3013 1334 3056 sus-

139 3089 451 3159 ceperunt.
489 3080 585 3143 Et
599 3080 996 3143 memoriale.
1028 3080 1170 3144 Lec.
1191 3080 1330 3162 viij.

151 3167 378 3297 Cum
432 3188 601 3249 ergo
660 3188 894 3230 omnes
989 3168 1331 3231 christiani

269 3257 732 3318 convenissent
835 3254 922 3317 ad
1025 3264 1330 3319 sanctum

141 3340 624 3405 sebastianum:
681 3342 1116 3405 hortabantur
1177 3362 1332 3407 eum

143 3428 504 3493 abscedere.
602 3429 728 3491 Ille
759 3439 990 3493 autem
1027 3430 1332 3493 oratione

146 3517 512 3597 completa:
564 3516 866 3579 ascendit
925 3537 1123 3598 super
1182 3537 1332 3597 gra-

144 3603 277 3667 dus,
367 3605 462 3667 Et
481 3604 846 3685 imperator
903 3603 1332 3667 dioclicianus

143 3688 540 3754 adveniens:
588 3691 766 3755 dixit
813 3691 900 3753 ad
931 3711 1102 3753 eum.
1194 3692 1332 3753 Tu-

141 3796 218 3839 ne
275 3798 344 3841 es
407 3778 871 3843 sebastianus:
945 3798 1145 3860 quem
1209 3798 1332 3840 nos

137 3863 448 3944 jussimus
480 3866 745 3947 sagittis
788 3864 1114 3930 interfici?
1207 3864 1327 3929 Se-

141 3952 480 4017 bastianus
547 3954 906 4035 respondit.
1026 3952 1142 4015 Ad
1206 3952 1332 4015 hoc

146 4058 244 4101 me
273 4042 593 4104 dominus
611 4042 997 4105 resuscitare
1019 4041 1332 4121 dignatus

142 4136 276 4190 est:
310 4138 383 4191 ut
415 4128 817 4192 conveniam
879 4137 946 4191 et
999 4136 1334 4191 contestar

142 4233 256 4277 vos
330 4235 564 4279 coram
647 4215 828 4278 omni
913 4215 1161 4299 populo
1235 4216 1336 4278 in-

231 4375 246 4404 ¹
281 4374 530 4438 sydems:
565 4374 699 4427 E.G.
805 4375 826 4405 ²
857 4372 1102 4424 ebullire:
1138 4374 1201 4424 G.

229 4478 398 4531 vol..
434 4480 516 4531 11.

1306 4376 1326 4405 ⁸
1359 4370 1765 4438 hippodromium
1791 4386 1803 4419 :
1838 4369 1901 4419 G.

1937 354 2081 409 140

1408 458 1595 541 justo
1628 458 1888 541 judicio·
1905 459 2431 542 persecutionem
2463 484 2606 529 ves·

1415 554 1590 609 tram
1644 548 1711 609 in
1778 547 2023 611 Christi
2072 547 2361 614 famulos
2415 550 2604 615 ebul-

1416 634 1551 697 ire.²
1583 634 1773 697 Tunc
1786 633 1983 714 jussit
2000 655 2153 699 eum
2179 636 2603 703 dioclicianus

1417 720 1483 783 in
1517 720 2055 803 hyppodronium
2078 724 2103 760 ⁸
2143 724 2373 805 palatii
2405 724 2600 790 duci:

1415 817 1484 871 et
1516 810 1747 872 tandiu
1782 809 2119 892 fustigari:
2165 812 2377 875 donec
2414 814 2607 894 spiri-

1415 906 1558 959 tum
1592 897 1909 961 exalaret.
2000 897 2116 960 Re.
2212 898 2436 979 Elegit
2481 900 2603 962 do-

1415 985 1633 1046 minus
1663 985 1874 1047 virum
1920 985 2005 1046 de
2039 984 2269 1065 plebe:
2316 996 2384 1049 et
2416 986 2602 1051 clari-

1412 1079 1624 1133 tatem
1655 1072 1927 1135 visionis
1978 1080 2203 1135 eterne
2248 1073 2435 1137 dedit
2468 1074 2599 1139 illi:

1413 1158 1819 1223 celebremus
1880 1158 2345 1223 solennitatem
2378 1162 2601 1225 sebas-

1415 1245 1578 1308 tiani
1614 1246 1937 1327 martyris.
2028 1246 2363 1310 Gaudium
2398 1248 2487 1311 sit
2531 1250 2597 1312 in

1415 1332 1598 1397 celo:
1645 1342 1713 1396 et
1746 1334 1811 1395 in
1846 1342 2017 1395 terra
2048 1352 2185 1415 pax
2216 1334 2595 1399 hominibus

1417 1420 1593 1483 bone
1620 1419 1999 1483 voluntatis.
2044 1436 2093 1504 7
2138 1421 2383 1484 Beatus
2430 1443 2501 1485 es
2524 1432 2599 1486 tu

1418 1515 1485 1569 et
1516 1507 1688 1569 bene
1717 1508 1841 1570 tibi
1896 1508 2019 1569 erit
2049 1510 2311 1588 egregie
2346 1519 2599 1591 martyr

1419 1594 1812 1657 sebastiane.
1846 1593 2179 1657 Gaudium
2201 1596 2304 1659 sit.
2350 1595 2491 1659 Lec.
2514 1596 2597 1661 ix.

1418 1683 1949 1811 projecerunt
2008 1690 2232 1744 autem
2266 1684 2600 1746 sanctissi-

1582 1788 1771 1831 mum
1831 1788 2070 1850 corpus
2130 1769 2491 1833 sebastiani
2526 1770 2593 1833 in

1421 1854 1715 1918 cloacam
1744 1858 2111 1919 maximam
2135 1856 2471 1920 dicentes-z
2510 1878 2596 1919 ne

1421 1942 1592 2005 forte
1640 1942 1975 2005 christiani
2036 1963 2190 2005 eum
2239 1953 2599 2025 martyrem
2702 1938 2710 1945 ⁸

1419 2029 1546 2092 sibi
1608 2029 1869 2093 faciant.
1980 2030 2316 2111 Apparuit
2376 2040 2599 2094 autem

1423 2126 1691 2180 sanctus
1744 2117 2155 2180 sebastianus
2216 2118 2431 2181 lucine
2462 2120 2598 2182 cui-

1426 2204 1585 2266 dam
1634 2214 1932 2267 matrone
1991 2205 2219 2267 dicens
2269 2206 2353 2267 ad
2408 2225 2603 2269 eam:

1426 2292 1506 2355 In
1531 2291 1755 2355 cloaca
1786 2291 1897 2354 illa
1928 2312 2057 2373 que
2106 2299 2209 2355 est
2254 2292 2453 2372 juxta
2484 2294 2605 2355 cir-

1424 2399 1577 2442 cum
1654 2380 1945 2442 invenies
2038 2399 2273 2460 corpus
2379 2400 2601 2442 meum

1427 2466 1725 2548 pendens
1756 2468 1823 2529 in
1854 2466 2169 2548 gumpho,
2218 2465 2417 2547 Quod
2452 2485 2601 2529 cum

1427 2554 1743 2617 levaveris
1774 2555 2093 2635 perduces
2140 2553 2225 2616 ad
2272 2563 2607 2617 catacum-

1429 2641 1549 2704 bas
1580 2663 1593 2705 :
1618 2642 1643 2678 ⁴
1674 2650 1743 2704 et
1774 2641 2055 2723 sepelies
2094 2640 2296 2721 juxta
2326 2642 2609 2722 vestigia

1431 2729 1903 2811 apostolorum.
1980 2729 2190 2791 Beata
2249 2738 2474 2791 autem
2508 2728 2608 2792 lu-

1432 2818 1581 2880 cina
1609 2836 1891 2897 pergens
1944 2815 2157 2878 noctis
2189 2816 2411 2878 medio
2452 2815 2608 2879 tulit

1431 2902 1588 2967 inde
1648 2923 1883 2984 corpus
1942 2902 2123 2982 ejus:
2178 2910 2246 2964 et
2319 2902 2385 2967 in
2463 2902 2609 2984 ipso

1431 2991 1579 3053 loco
1602 2991 1715 3053 ubi
1764 2992 1904 3071 ipse
1956 2989 2305 3071 imperavit
2348 2987 2615 3053 honori-

1433 3076 1556 3141 fice
1587 3077 1893 3159 sepelivit
1936 3078 2021 3139 ad
2055 3076 2319 3139 laudem
2353 3076 2611 3139 domini

1433 3166 1641 3229 nostri
1713 3165 1875 3246 Jesu
1953 3162 2241 3227 Christi:
2331 3162 2435 3227 cui
2513 3170 2615 3227 est

1431 3252 1647 3315 honor
1676 3262 1743 3315 et
1773 3251 1982 3333 gloria
2013 3252 2080 3314 in
2111 3246 2333 3314 secula
2362 3250 2617 3314 seculo-

1432 3360 1577 3404 rum
1624 3360 1839 3403 amen.
1928 3338 2043 3403 Re.
2134 3338 2383 3403 Beatus
2429 3358 2499 3400 es
2546 3346 2614 3403 et

1431 3427 1603 3490 bene
1662 3426 1783 3489 tibi
1858 3427 1983 3490 erit
2042 3427 2303 3507 egregie
2365 3436 2619 3506 martyr

1433 3515 1823 3579 sebastiane.
1929 3512 2107 3594 Quia
2156 3534 2309 3576 cum
2369 3514 2617 3575 sanctis

1431 3602 1753 3682 gaudebis
1779 3622 1791 3664 :
1818 3609 1887 3663 et
1910 3620 2060 3664 cum
2082 3599 2333 3681 angelis
2357 3598 2620 3665 exulta·

1435 3689 1534 3751 bis
1600 3689 1665 3751 in
1735 3697 2055 3751 eternum.
2118 3703 2167 3771 7
2242 3687 2487 3751 Beatus
2548 3706 2621 3751 es

1435 3775 1681 3839 Christi
1738 3783 1995 3855 martyr
2066 3775 2479 3837 sebastiane:
2550 3781 2621 3836 et

1433 3862 1827 3927 benedictus
1860 3879 2079 3924 sermo
2111 3861 2241 3923 oris
2265 3862 2381 3923 tui.
2432 3858 2626 3941 Quia.

1435 3950 1683 4013 Gloria.
1753 3948 1948 4030 Quia.
1996 3964 2043 4034 7
2094 3946 2419 4009 Mirabilis
2440 3948 2623 4013 deus,

1436 4043 1498 4114 (Ι
1531 4038 1616 4100 In
1648 4036 1957 4099 laudibus
1977 4034 2355 4115 antiphona.

1585 4124 1925 4187 bastianus
1992 4122 2101 4185 dei
2155 4119 2368 4187 cultor
2417 4121 2631 4185 studi·-

1544 4232 1659 4277 ose
1747 4210 2023 4275 curabat
2109 4208 2235 4273 sub
2309 4208 2635 4274 absconso

2009 4370 2027 4399 ⁴
2062 4366 2411 4417 cethaeumbas
2438 4384 2449 4417 :
2484 4366 2548 4417 G.

2413 4470 2462 4523 1.
