3117 4959
821 840 1281 935 INDEX
1380 842 2545 941 VERSICULORUM.

960 1140 1117 1197 883

430 1254 517 1303 Ab
538 1255 905 1319 insurgentibus
927 1256 979 1306 in
1002 1272 1098 1317 me,
1129 1270 1226 1321 392

428 1320 513 1370 Ab
535 1322 743 1371 occultis
764 1322 888 1372 meis
910 1324 1097 1373 munda
1118 1340 1215 1384 me,
1243 1336 1336 1387 901

427 1387 688 1451 Acajoiens
708 1403 901 1451 symeon
914 1396 1151 1453 puerum,
1186 1389 1281 1452 178

427 1452 758 1503 Adducentur
776 1454 886 1519 regi
902 1455 989 1503 vir
1016 1457 1137 1516 ines,
1164 1456 1229 1517 67

428 1518 649 1583 Adjutor
670 1534 809 1569 meus
830 1528 955 1581 este,
1018 1534 1083 1585 93

428 1584 707 1649 Adjuvabit
724 1600 832 1635 eam
854 1587 988 1647 deus,
1013 1586 1081 1649 64

426 1650 641 1699 Amavit
659 1666 771 1700 eum
793 1652 1041 1713 dominus,
1068 1651 1133 1715 38
1394 1714 1399 1719 β

427 1716 639 1779 Angelis
661 1716 761 1767 suis
785 1718 907 1767 deus
928 1718 1199 1777 mandavit,
1231 1730 1322 1781 271

428 1782 894 1832 Annunciaverunt
910 1790 1053 1849 opera
1074 1785 1167 1843 dei,
1198 1783 1229 1834 8

428 1847 723 1896 Ascendens
746 1848 971 1898 Christus
994 1850 1045 1898 in
1069 1850 1241 1911 altum,
1271 1850 1373 1911 476

427 1912 673 1963 Ascendit
694 1912 816 1962 deus
840 1914 891 1963 in
909 1914 1220 1979 jubilatione,
1247 1925 1347 1977 477

424 1979 665 2027 Ascendit
669 1978 857 2043 fiemus
877 1988 1174 2042 aromatum,
1196 1979 1269 2045 '58
1273 1992 1300 2045 5

426 2044 473 2092 Α
478 2050 698 2108 ssumpta
718 2052 791 2093 est
810 2048 973 2095 Μανία
997 2047 1054 2096 in
1076 2046 1244 2107 celum,
1271 2050 1376 2110 480

428 2109 570 2158 Beati
593 2107 679 2173 qui
701 2110 945 2171 habitant,
974 2110 1072 2175 658

428 2174 567 2223 Bene
588 2174 794 2225 fundata
816 2184 889 2226 est
912 2176 1106 2239 (1011105,
1134 2176 1249 2239 660,
1278 2177 1377 2226 662

428 2239 791 2289 Benedicnmus
814 2242 1011 2292 Patrem
1036 2250 1100 2301 et,
1132 2252 1229 2305 519

426 2304 729 2355 Benedictus
750 2320 803 2355 es
826 2306 1044 2356 Domine
1066 2308 1135 2368 in,
1166 2318 1265 2369 522

427 2370 730 2421 Benedictus
750 2370 835 2435 qui
860 2371 1011 2432 venit,
1042 2372 1121 2433 76,
1149 2371 1215 2422 88

428 2434 723 2486 Benedictus
743 2438 838 2501 qui
853 2440 1003 2498 venit,
1038 2447 1129 2501 175

431 2502 567 2553 Caro
586 2518 698 2552 mea
721 2502 1017 2569 Requiescet
1040 2503 1093 2552 in
1113 2518 1218 2567 spe,
1248 2512 1345 2567 397

430 2568 658 2619 Christus
680 2568 837 2619 iactus
859 2576 948 2630 est,
978 2566 1089 2634 385,
1119 2567 1255 2634 38511

430 2634 631 2683 Cibavit
655 2650 740 2684 eos
764 2650 825 2685 ex
846 2636 1011 2700 adipe,
1041 2646 1138 2700 534

436 2700 709 2749 Constitues
728 2716 800 2751 eos
811 2701 1079 2767 principes,
1108 2716 1141 2763 4

432 2765 663 2815 Crastina
684 2766 766 2815 die
788 2766 1049 2827 delebitur,
1080 2778 1136 2829 71

433 2830 664 2881 Crastina
686 2830 776 2881 erit
802 2832 943 2883 vobis
964 2833 1111 2893 salus,
1143 2842 1209 2895 70

432 2896 643 2946 Custodi
666 2912 789 2958 nos„
801 2898 835 2947 6

436 2962 695 3012 Dederunt
718 2962 767 3011 in
790 2978 953 3013 escam
978 2978 1140 3014 meam
1162 2963 1247 3026 sel,
1276 2977 1374 3028 344

434 3028 634 3078 Dedisti
651 3029 979 3091 hereditatem,
1008 3042 1042 3091 9

436 3093 517 3144 De
540 3108 625 3144 ore
647 3094 806 3145 leonis
826 3094 982 3144 libera
1003 3110 1085 3144 me
1107 3096 1222 3155 dne,
1252 3096 1350 3159 346

435 3159 576 3209 Deus
596 3174 736 3210 meus
756 3160 891 3225 eripe
914 3176 995 3211 me
1018 3160 1100 3211 De
1122 3176 1287 3222 manu,
1316 3162 1417 3226 378

436 3225 575 3276 Deus
596 3225 749 3275 vitam
771 3240 933 3276 meam
957 3226 1269 3287 amandavi,
1300 3226 1395 3289 807

436 3290 586 3341 Dicet
609 3290 816 3341 domino
838 3292 1105 3357 Susceptor
1128 3308 1282 3354 meus,
1312 3303 1410 3357 273

434 3356 603 3407 Dicite
624 3357 677 3405 in
700 3358 999 3418 mtionibus,
1025 3368 1125 3421 427

434 3422 641 3487 Diffusa
662 3428 733 3472 est
744 3424 917 3486 gratia
939 3423 1015 3483 in,
1042 3424 1112 3473 60

434 3488 639 3537 Dilexit
656 3488 703 3536 A
708 3488 911 3537 ndream
931 3490 1173 3549 domium,
1202 3490 1265 3554 85

431 3552 659 3603 Dimissa
677 3560 797 3603 nent
817 3556 867 3603 ei
874 3560 1086 3619 peccata,
1116 3566 1211 3618 397

432 3619 689 3683 Dirigatur
708 3617 911 3668 domine
932 3620 1108 3680 oratio,
1136 3620 1234 3683 877

435 3684 685 3749 Dispersit
704 3684 837 3733 dedit
846 3684 1167 3749 pauperibus,
1194 3686 1289 3747 461

433 3750 723 3800 Diviserunt
743 3749 838 3799 sibi
860 3750 1172 3812 vestimenta,
1202 3750 1301 3815 389

434 3816 654 3867 Domine
676 3816 799 3865 deus
822 3817 1074 3878 virtutum,
1108 3817 1167 3868 18

434 3882 653 3932 Domine
672 3882 789 3933 dew
809 3883 1077 3944 virtutum,
1107 3896 1241 3948 243n

435 3947 656 3998 Domine
678 3948 856 3998 exaudi
878 3949 1171 4011 orationem,
1199 3949 1297 4000 868

438 4014 656 4063 Domine
680 4013 731 4063 in
754 4015 864 4065 0010
886 4016 1238 4077 misericordia,
1269 4026 1364 4081 773

434 4080 653 4129 Domine
674 4096 777 4129 11011
799 4082 1087 4142 secundum,
1115 4081 1212 4148 285

436 4144 684 4195 Dominus
702 4146 826 4210 regit
848 4161 945 4207 1110,
975 4146 1074 4209 898

436 4210 685 4261 Dominus
707 4212 943 4275 regnavit.
1008 4212 1271 4276 Decorem,
1302 4224 1393 4279 751

433 4276 657 4325 1)01110111
680 4284 817 4326 tuam
840 4277 1057 4337 domine,
1086 4279 1186 4343 658

436 4339 568 4387 Εο00
592 4342 851 4402 apparebit
874 4342 1122 4403 dominus,
1140 4358 1210 4397 ,21

435 4401 634 4450 Educas
656 4417 837 4463 panem
860 4404 923 4452 de
946 4414 1090 4464 terra,
1122 4410 1217 4469 536

2238 1142 2392 1199 884

1731 1256 1842 1321 Ego
1865 1257 1968 1307 dixi
1991 1258 2212 1308 Domine
2231 1258 2480 1319 miserere,
2509 1258 2612 1323 893

1728 1322 2020 1387 Egredietur
2042 1324 2293 1387 dominus,
2325 1338 2384 1375 12

1725 1390 2027 1453 Egredietur
2045 1391 2292 1451 dominus,
2320 1403 2456 1455 23911

1727 1454 2022 1519 Egredietur
2044 1456 2197 1520 virga,
2232 1470 2293 1505 10

1725 1520 2028 1583 Egredietur
2045 1522 2206 1586 virga,
2235 1534 2298 1584 23
2303 1532 2371 1587 5η

1725 1586 1897 1650 Elegit
1917 1602 2024 1636 eam
2046 1588 2178 1649 deus.
2209 1600 2360 1649 mn.
2390 1598 2491 1651 749

1728 1651 1938 1701 Elevata
1959 1660 2034 1702 est
2057 1652 2445 1717 magnificentia,
2471 1654 2574 1717 480

1728 1716 1917 1766 Emitte
1937 1732 2138 1781 agnum,
2172 1731 2232 1781 14
2533 1764 2542 1771 .

1725 1784 1865 1831 Erat
1883 1790 2052 1833 autem
2073 1786 2224 1849 quasi
2242 1786 2384 1845 visio,
2419 1798 2478 1848 13

1726 1848 1880 1913 Eripe
1901 1864 1984 1898 1110
2004 1850 2068 1899 de
2090 1850 2322 1911 inimicis,
2351 1861 2449 1914 352

1727 1914 1860 1963 Ε100
1881 1930 1913 1964 a
1935 1914 2122 1965 framea
2143 1915 2284 1977 (1005,
2313 1927 2410 1981 345

1726 1980 1804 2029 Ex
1827 1996 1950 2043 syon
1971 1982 2162 2045 species
2183 1982 2394 2041 decoris,
2421 1982 2454 2032 8

1726 2046 1819 2093 Ex
1838 2061 1956 2108 syon
1977 2048 2148 2109 speaks
2167 2048 2363 2107 decoris,
2392 2047 2530 2111 23611

1726 2110 1960 2161 Exaltare
1984 2112 2202 2163 Domine
2227 2114 2279 2163 in
2303 2114 2499 2173 virtute,
2528 2123 2630 2179 750

1724 2176 1974 2225 Exultata
1993 2185 2062 2226 est
2081 2186 2254 2227 sancta
2274 2180 2370 2240 dei,
2394 2190 2494 2241 477

1725 2242 1970 2292 Exaltent
1989 2260 2102 2292 eum
2127 2245 2185 2293 in
2207 2246 2413 2305 ecclesia,
2445 2257 2544 2294 200

1726 2306 1922 2357 Exaudi
1946 2308 2150 2358 domine
2171 2326 2364 2370 vooem,
2393 2320 2507 2374 273,
2537 2320 2678 2373 27311

1725 2373 1964 2423 Excelsus
1987 2390 2134 2439 super
2155 2391 2342 2439 omnes,
2373 2386 2488 2441 205,
2517 2386 2546 2437 7
2551 2386 2619 2440 50

1727 2437 2034 2490 Exultabunt
2059 2442 2218 2491 sancti
2241 2442 2309 2504 in,
2337 2454 2456 2505 941,
2482 2455 2621 2505 94111

1725 2504 1978 2554 Exultent
1981 2507 2120 2571 justi
2137 2507 2211 2565 in,
2240 2521 2306 2571 29

1725 2568 1924 2634 Exurge
1945 2571 2146 2623 domine
2171 2573 2254 2636 Et,
2284 2574 2383 2638 376

1726 2634 1840 2684 Fiat
1863 2636 2200 2689 misericordia
2221 2648 2322 2700 tua,
2351 2650 2449 2703 773

1725 2700 1769 2749 F
1771 2700 1840 2750 iat
1863 2717 1961 2766 pax
1983 2702 2052 2763 in.
2081 2716 2197 2765 942,
2225 2718 2362 2768 9422·

1725 2766 1856 2815 Fuit
1874 2768 2015 2819 homo
2037 2770 2230 2829 missus,
2259 2783 2352 2835 331

1725 2831 1770 2881 F
1771 2833 1959 2883 undata
1979 2843 2056 2885 est
2076 2835 2271 2897 domus,
2297 2838 2398 2897 664

1727 2898 2030 2949 Gaudeth
2052 2900 2186 2950 labia
2208 2916 2335 2963 mea,
2365 2902 2460 2964 827

1732 2963 1906 3013 Gloria
1927 2972 1974 3013 et
1993 2966 2185 3027 honore,
2219 2966 2281 3017 18

1730 3028 1845 3079 Hec
1867 3030 1974 3080 dies
1995 3046 2146 3095 quam
2169 3032 2302 3093 feeit,
2329 3034 2429 3094 426

1729 3094 1846 3145 Hec
1867 3104 1942 3145 est
1963 3096 2141 3147 domus
2162 3097 2372 3159 domini,
2399 3100 2490 3149 661

1729 3160 1836 3211 Hoc
1856 3162 2056 3225 signum
2079 3164 2254 3225 crucis,
2284 3175 2397 3227 270,
2429 3175 2525 3230 552

1731 3226 1903 3277 Hodie
1925 3227 2090 3279 scietis
2115 3248 2128 3279 ε
2161 3230 2282 3294 quia
2304 3231 2484 3289 veniet.
2513 3233 2582 3293 69

1731 3292 1906 3343 Homo
1929 3294 2066 3357 pacis
2089 3310 2198 3345 mee
2222 3296 2274 3345 in
2296 3312 2412 3361 quc,
2443 3294 2541 3361 380

1733 3358 1946 3408 Immola
1969 3360 2065 3409 deo
2089 3361 2400 3423 sacrificium,
2430 3372 2530 3425 790

1731 3424 1798 3473 In
1821 3433 2067 3490 conspectu
2089 3430 2396 3491 angelorum,
2425 3428 2515 3492 581

1733 3490 1793 3538 111
1818 3491 2071 3541 matutinis
2093 3493 2314 3554 domine,
2343 3504 2442 3556 774

1729 3556 1798 3604 Iu
1819 3572 2006 3605 omnem
2028 3565 2216 3607 terram
2237 3561 2406 3619 exivit,
2435 3572 2466 3609 2

1733 3622 1793 3670 10
1817 3637 1941 3686 pace
1963 3622 2120 3673 factus
2141 3630 2230 3685 est,
2261 3636 2359 3688 399

1731 3688 1794 3737 10
1817 3704 1940 3753 pace
1963 3688 2014 3737 in
2037 3689 2272 3755 idipsum,
2298 3691 2348 3751 6,
2376 3702 2472 3755 395

1731 3754 1796 3802 10
1817 3756 2170 3804 resurrectione
2193 3762 2294 3816 tua,
2321 3770 2436 3818 410,
2467 3756 2604 3819 42811

1731 3818 2106 3871 Insurrexerunt
2127 3821 2182 3869 in
2203 3836 2301 3882 me,
2330 3834 2422 3886 391

1730 3884 1944 3935 Intende
1967 3886 2132 3935 anime
2155 3902 2282 3947 mee,
2309 3898 2408 3952 350

1729 3951 1890 4001 Intret
1910 3952 1963 4000 in
1985 3960 2255 4017 conspeetu
2278 3961 2384 4016 tuo,
2409 3954 2507 4017 847

1731 4016 1848 4081 Ipse
1870 4017 2120 4067 invocavit
2141 4034 2240 4080 me,
2265 4018 2332 4068 82

1730 4082 1848 4146 Ipse
1871 4083 2098 4133 liberavit
2120 4099 2218 4144 me,
2245 4094 2358 4149 275,
2389 4098 2479 4149 331

1729 4148 1877 4212 Justi
1895 4156 2062 4198 autem
2085 4151 2143 4198 in
2156 4158 2469 4215 perpetuum,
2498 4162 2560 4215 35

1731 4214 1996 4277 Justorum
2019 4216 2189 4265 anime
2209 4218 2266 4264 in
2289 4233 2464 4279 manu,
2495 4230 2556 4280 32

1731 4280 1913 4343 Jfficstus
1929 4282 2236 4345 germinabit
2253 4282 2399 4343 ,αὶ-141,
2423 4284 2492 4345 48

1731 4346 1914 4409 Justus
1937 4355 1998 4396 ut
2007 4348 2185 4411 palma
2189 4348 2404 4412 florebat,
2433 4361 2494 4414 25

1735 4412 1906 4460 Lauda
1933 4413 2262 4473 Hierusalem,
2293 4414 2388 4479 657
