<?xml version="1.0" encoding="UTF-8"?>
<!DOCTYPE html PUBLIC "-//W3C//DTD XHTML 1.0 Transitional//EN"
    "http://www.w3.org/TR/xhtml1/DTD/xhtml1-transitional.dtd">
<html xmlns="http://www.w3.org/1999/xhtml" xml:lang="en" lang="en">
 <head>
  <title>
</title>
<meta http-equiv="Content-Type" content="text/html;charset=utf-8" />
  <meta name='ocr-system' content='tesseract 3.04.00' />
  <meta name='ocr-capabilities' content='ocr_page ocr_carea ocr_par ocr_line ocrx_word'/>
</head>
<body>
  <div class='ocr_page' id='page_1' title='image "breviariumadusu03yorkgoog_0424.png"; bbox 0 0 3117 4959; ppageno 0'>
   <div class='ocr_carea' id='block_1_1' title="bbox 880 267 1986 329">
    <p class='ocr_par' dir='ltr' id='par_1_1' title="bbox 880 267 1986 329">
     <span class='ocr_line' id='line_1_1' title="bbox 880 267 1986 329; baseline 0.005 -7"><span class='ocrx_word' id='word_1_1' title='bbox 880 267 942 323; x_wconf 87' lang='lat' dir='ltr'><strong>S.</strong></span> <span class='ocrx_word' id='word_1_2' title='bbox 991 268 1346 324; x_wconf 85' lang='lat' dir='ltr'><em>RICARDI</em></span> <span class='ocrx_word' id='word_1_3' title='bbox 1382 270 1507 323; x_wconf 88' lang='lat' dir='ltr'><strong>DE</strong></span> <span class='ocrx_word' id='word_1_4' title='bbox 1550 270 1986 329; x_wconf 87' lang='lat' dir='ltr'><strong>HAMPOLE.</strong></span> 
     </span>
    </p>
   </div>
   <div class='ocr_carea' id='block_1_2' title="bbox 736 374 885 430">
    <p class='ocr_par' dir='ltr' id='par_1_2' title="bbox 736 374 885 430">
     <span class='ocr_line' id='line_1_2' title="bbox 736 374 885 430; baseline 0 -1"><span class='ocrx_word' id='word_1_5' title='bbox 736 374 885 430; x_wconf 82' lang='lat'><strong>797</strong></span> 
     </span>
    </p>
   </div>
   <div class='ocr_carea' id='block_1_3' title="bbox 189 475 1400 4193">
    <p class='ocr_par' dir='ltr' id='par_1_3' title="bbox 189 475 1400 4193">
     <span class='ocr_line' id='line_1_3' title="bbox 191 475 1397 557; baseline 0.003 -20"><span class='ocrx_word' id='word_1_6' title='bbox 191 478 362 555; x_wconf 89' lang='lat' dir='ltr'><strong>quod</strong></span> <span class='ocrx_word' id='word_1_7' title='bbox 401 475 727 555; x_wconf 86' lang='lat' dir='ltr'><strong>aliquando</strong></span> <span class='ocrx_word' id='word_1_8' title='bbox 772 478 1017 555; x_wconf 88' lang='lat' dir='ltr'><strong>pallium</strong></span> <span class='ocrx_word' id='word_1_9' title='bbox 1057 479 1229 556; x_wconf 85' lang='lat' dir='ltr'><strong>ejus¹</strong></span> <span class='ocrx_word' id='word_1_10' title='bbox 1274 500 1397 557; x_wconf 93' lang='lat' dir='ltr'><strong>quo</strong></span> 
     </span>
     <span class='ocr_line' id='line_1_4' title="bbox 190 559 1395 633; baseline 0.002 -16"><span class='ocrx_word' id='word_1_11' title='bbox 190 570 434 633; x_wconf 90' lang='lat' dir='ltr'><strong>opertus</strong></span> <span class='ocrx_word' id='word_1_12' title='bbox 462 568 585 617; x_wconf 84' lang='lat' dir='ltr'><strong>erat</strong></span> <span class='ocrx_word' id='word_1_13' title='bbox 610 559 1027 618; x_wconf 85' lang='lat' dir='ltr'><strong>detrahebatur</strong></span> <span class='ocrx_word' id='word_1_14' title='bbox 1054 579 1168 619; x_wconf 92' lang='lat' dir='ltr'><strong>nec</strong></span> <span class='ocrx_word' id='word_1_15' title='bbox 1194 559 1395 630; x_wconf 90' lang='lat' dir='ltr'><strong>sensit,</strong></span> 
     </span>
     <span class='ocr_line' id='line_1_5' title="bbox 190 638 1395 713; baseline 0.003 -18"><span class='ocrx_word' id='word_1_16' title='bbox 190 638 361 713; x_wconf 89' lang='lat' dir='ltr'><strong>quod</strong></span> <span class='ocrx_word' id='word_1_17' title='bbox 428 647 745 713; x_wconf 88' lang='lat' dir='ltr'>postquam</span> <span class='ocrx_word' id='word_1_18' title='bbox 812 638 1154 698; x_wconf 86' lang='lat' dir='ltr'>resarcitum</span> <span class='ocrx_word' id='word_1_19' title='bbox 1176 638 1201 675; x_wconf 79' lang='lat'>²</span> <span class='ocrx_word' id='word_1_20' title='bbox 1269 650 1395 699; x_wconf 89' lang='lat' dir='ltr'><strong>erat</strong></span> 
     </span>
     <span class='ocr_line' id='line_1_6' title="bbox 190 718 1393 809; baseline 0.002 -34"><span class='ocrx_word' id='word_1_21' title='bbox 190 727 377 805; x_wconf 81' lang='lat' dir='ltr'><strong>atque</strong></span> <span class='ocrx_word' id='word_1_22' title='bbox 406 728 725 775; x_wconf 91' lang='lat' dir='ltr'><strong>consutum</strong></span> <span class='ocrx_word' id='word_1_23' title='bbox 769 728 829 776; x_wconf 91' lang='lat' dir='ltr'><strong>et</strong></span> <span class='ocrx_word' id='word_1_24' title='bbox 876 736 1053 809; x_wconf 78' lang='lat' dir='ltr'><strong>super</strong></span> <span class='ocrx_word' id='word_1_25' title='bbox 1080 718 1275 795; x_wconf 90' lang='lat' dir='ltr'><strong>ipsum</strong></span> <span class='ocrx_word' id='word_1_26' title='bbox 1304 738 1393 777; x_wconf 92' lang='lat' dir='ltr'><strong>re-</strong></span> 
     </span>
     <span class='ocr_line' id='line_1_7' title="bbox 189 794 1393 872; baseline 0.001 -18"><span class='ocrx_word' id='word_1_27' title='bbox 189 794 458 872; x_wconf 89' lang='lat' dir='ltr'><strong>positum</strong></span> <span class='ocrx_word' id='word_1_28' title='bbox 486 814 611 854; x_wconf 91' lang='lat' dir='ltr'><strong>non</strong></span> <span class='ocrx_word' id='word_1_29' title='bbox 638 796 908 855; x_wconf 86' lang='lat' dir='ltr'><strong>advertit.</strong></span> <span class='ocrx_word' id='word_1_30' title='bbox 970 799 1045 871; x_wconf 87' lang='lat' dir='ltr'><strong>vj.</strong></span> <span class='ocrx_word' id='word_1_31' title='bbox 1080 799 1183 855; x_wconf 86' lang='lat' dir='ltr'><strong>Re.</strong></span> <span class='ocrx_word' id='word_1_32' title='bbox 1229 796 1393 856; x_wconf 90' lang='lat' dir='ltr'><strong>Solvi</strong></span> 
     </span>
     <span class='ocr_line' id='line_1_8' title="bbox 190 874 1393 950; baseline 0.003 -17"><span class='ocrx_word' id='word_1_33' title='bbox 190 874 361 950; x_wconf 90' lang='lat' dir='ltr'><strong>cupit</strong></span> <span class='ocrx_word' id='word_1_34' title='bbox 388 893 425 932; x_wconf 90' lang='lat' dir='ltr'><strong>a</strong></span> <span class='ocrx_word' id='word_1_35' title='bbox 451 874 643 933; x_wconf 89' lang='lat' dir='ltr'><strong>carnis</strong></span> <span class='ocrx_word' id='word_1_36' title='bbox 672 894 923 947; x_wconf 88' lang='lat' dir='ltr'><strong>carcere,</strong></span> <span class='ocrx_word' id='word_1_37' title='bbox 954 878 1191 949; x_wconf 87' lang='lat' dir='ltr'><strong>clamat,</strong></span> <span class='ocrx_word' id='word_1_38' title='bbox 1232 895 1393 937; x_wconf 88' lang='lat' dir='ltr'><strong>mors</strong></span> 
     </span>
     <span class='ocr_line' id='line_1_9' title="bbox 190 953 1391 1030; baseline 0 -17"><span class='ocrx_word' id='word_1_39' title='bbox 190 953 350 1026; x_wconf 85' lang='lat' dir='ltr'><strong>veni,</strong></span> <span class='ocrx_word' id='word_1_40' title='bbox 392 954 605 1013; x_wconf 84' lang='lat' dir='ltr'><strong>festina</strong></span> <span class='ocrx_word' id='word_1_41' title='bbox 652 973 947 1030; x_wconf 91' lang='lat' dir='ltr'><strong>propere·</strong></span> <span class='ocrx_word' id='word_1_42' title='bbox 990 956 1193 1026; x_wconf 89' lang='lat' dir='ltr'><strong>Curre,</strong></span> <span class='ocrx_word' id='word_1_43' title='bbox 1238 956 1391 1029; x_wconf 86' lang='lat' dir='ltr'><strong>vola,</strong></span> 
     </span>
     <span class='ocr_line' id='line_1_10' title="bbox 190 1032 1394 1110; baseline 0.002 -19"><span class='ocrx_word' id='word_1_44' title='bbox 190 1032 319 1093; x_wconf 91' lang='lat' dir='ltr'><strong>noli</strong></span> <span class='ocrx_word' id='word_1_45' title='bbox 347 1032 694 1109; x_wconf 85' lang='lat' dir='ltr'><strong>pigrescere.</strong></span> <span class='ocrx_word' id='word_1_46' title='bbox 778 1036 829 1110; x_wconf 70' lang='grc' dir='ltr'><strong><em>Ϋ</em></strong></span> <span class='ocrx_word' id='word_1_47' title='bbox 874 1034 1081 1093; x_wconf 85' lang='lat' dir='ltr'><strong>Dulcis</strong></span> <span class='ocrx_word' id='word_1_48' title='bbox 1108 1053 1286 1105; x_wconf 73' lang='lat' dir='ltr'><strong>mom,</strong></span> <span class='ocrx_word' id='word_1_49' title='bbox 1317 1052 1394 1094; x_wconf 91' lang='lat' dir='ltr'><strong>en</strong></span> 
     </span>
     <span class='ocr_line' id='line_1_11' title="bbox 191 1111 1393 1190; baseline 0.001 -20"><span class='ocrx_word' id='word_1_50' title='bbox 191 1111 301 1171; x_wconf 89' lang='lat' dir='ltr'><strong>diu</strong></span> <span class='ocrx_word' id='word_1_51' title='bbox 348 1111 565 1188; x_wconf 87' lang='lat' dir='ltr'><strong>langui,</strong></span> <span class='ocrx_word' id='word_1_52' title='bbox 605 1114 699 1171; x_wconf 86' lang='lat' dir='ltr'><strong>fac</strong></span> <span class='ocrx_word' id='word_1_53' title='bbox 727 1131 822 1171; x_wconf 91' lang='lat' dir='ltr'><strong>me</strong></span> <span class='ocrx_word' id='word_1_54' title='bbox 850 1132 987 1172; x_wconf 89' lang='lat' dir='ltr'><strong>meo</strong></span> <span class='ocrx_word' id='word_1_55' title='bbox 1016 1112 1235 1172; x_wconf 90' lang='lat' dir='ltr'><strong>dilecto</strong></span> <span class='ocrx_word' id='word_1_56' title='bbox 1264 1132 1393 1190; x_wconf 85' lang='lat' dir='ltr'><strong>per-</strong></span> 
     </span>
     <span class='ocr_line' id='line_1_12' title="bbox 190 1190 1389 1251; baseline 0.002 -2"><span class='ocrx_word' id='word_1_57' title='bbox 190 1190 345 1250; x_wconf 87' lang='lat' dir='ltr'><strong>frui:</strong></span> <span class='ocrx_word' id='word_1_58' title='bbox 392 1192 589 1251; x_wconf 91' lang='lat' dir='ltr'><strong>Curre.</strong></span> <span class='ocrx_word' id='word_1_59' title='bbox 649 1193 729 1250; x_wconf 88' lang='lat' dir='ltr'><strong>In</strong></span> <span class='ocrx_word' id='word_1_60' title='bbox 756 1194 921 1251; x_wconf 84' lang='lat' dir='ltr'><strong>tertio</strong></span> <span class='ocrx_word' id='word_1_61' title='bbox 948 1199 1232 1251; x_wconf 79' lang='lat' dir='ltr'><strong>nocturna.</strong></span> <span class='ocrx_word' id='word_1_62' title='bbox 1292 1200 1389 1251; x_wconf 86' lang='lat' dir='ltr'><strong>an.</strong></span> 
     </span>
     <span class='ocr_line' id='line_1_13' title="bbox 190 1267 1395 1351; baseline 0.002 -22"><span class='ocrx_word' id='word_1_63' title='bbox 190 1272 519 1347; x_wconf 80' lang='lat' dir='ltr'><strong>Ingressus.</strong></span> <span class='ocrx_word' id='word_1_64' title='bbox 588 1271 689 1329; x_wconf 58' lang='lat' dir='ltr'><strong>Pr.</strong></span> <span class='ocrx_word' id='word_1_65' title='bbox 724 1267 929 1351; x_wconf 69' lang='lat' dir='ltr'><strong>[xiiej]</strong></span> <span class='ocrx_word' id='word_1_66' title='bbox 974 1271 1233 1331; x_wconf 89' lang='lat' dir='ltr'><strong>Domine</strong></span> <span class='ocrx_word' id='word_1_67' title='bbox 1260 1271 1395 1347; x_wconf 90' lang='lat' dir='ltr'><strong>quis</strong></span> 
     </span>
     <span class='ocr_line' id='line_1_14' title="bbox 192 1348 1393 1426; baseline 0.001 -18"><span class='ocrx_word' id='word_1_68' title='bbox 192 1348 502 1410; x_wconf 82' lang='lat' dir='ltr'><strong>habitabit.</strong></span> <span class='ocrx_word' id='word_1_69' title='bbox 586 1358 681 1410; x_wconf 88' lang='lat' dir='ltr'><strong>an.</strong></span> <span class='ocrx_word' id='word_1_70' title='bbox 745 1352 1053 1426; x_wconf 87' lang='lat' dir='ltr'><strong>Ingressus</strong></span> <span class='ocrx_word' id='word_1_71' title='bbox 1097 1350 1225 1411; x_wconf 91' lang='lat' dir='ltr'><strong>sine</strong></span> <span class='ocrx_word' id='word_1_72' title='bbox 1269 1370 1393 1409; x_wconf 90' lang='lat' dir='ltr'><strong>ma-</strong></span> 
     </span>
     <span class='ocr_line' id='line_1_15' title="bbox 192 1428 1395 1505; baseline 0.002 -18"><span class='ocrx_word' id='word_1_73' title='bbox 192 1429 333 1487; x_wconf 91' lang='lat' dir='ltr'><strong>cula</strong></span> <span class='ocrx_word' id='word_1_74' title='bbox 400 1428 653 1505; x_wconf 89' lang='lat' dir='ltr'><strong>loquens</strong></span> <span class='ocrx_word' id='word_1_75' title='bbox 738 1430 1062 1503; x_wconf 86' lang='lat' dir='ltr'><strong>veritatem,</strong></span> <span class='ocrx_word' id='word_1_76' title='bbox 1148 1430 1395 1490; x_wconf 79' lang='lat' dir='ltr'><strong>ardebat</strong></span> 
     </span>
     <span class='ocr_line' id='line_1_16' title="bbox 192 1506 1387 1583; baseline 0.001 -17"><span class='ocrx_word' id='word_1_77' title='bbox 192 1506 367 1583; x_wconf 90' lang='lat' dir='ltr'><strong>quasi</strong></span> <span class='ocrx_word' id='word_1_78' title='bbox 420 1509 614 1567; x_wconf 84' lang='lat' dir='ltr'><strong>facula</strong></span> <span class='ocrx_word' id='word_1_79' title='bbox 671 1519 1005 1567; x_wconf 87' lang='lat' dir='ltr'><strong>monstrans</strong></span> <span class='ocrx_word' id='word_1_80' title='bbox 1072 1508 1387 1568; x_wconf 86' lang='lat' dir='ltr'><strong>caritatem.</strong></span> 
     </span>
     <span class='ocr_line' id='line_1_17' title="bbox 190 1584 1393 1667; baseline 0 -22"><span class='ocrx_word' id='word_1_81' title='bbox 190 1598 289 1645; x_wconf 71' lang='lat' dir='ltr'><strong>an.</strong></span> <span class='ocrx_word' id='word_1_82' title='bbox 339 1588 531 1647; x_wconf 88' lang='lat' dir='ltr'><strong>Datur</strong></span> <span class='ocrx_word' id='word_1_83' title='bbox 562 1590 723 1663; x_wconf 87' lang='lat' dir='ltr'><strong>quod</strong></span> <span class='ocrx_word' id='word_1_84' title='bbox 744 1585 1053 1647; x_wconf 85' lang='lat' dir='ltr'><strong>desiderat.</strong></span> <span class='ocrx_word' id='word_1_85' title='bbox 1114 1588 1213 1646; x_wconf 68' lang='lat' dir='ltr'><strong>Pr.</strong></span> <span class='ocrx_word' id='word_1_86' title='bbox 1240 1584 1393 1667; x_wconf 57' lang='lat' dir='ltr'><strong>[maxe.l</strong></span> 
     </span>
     <span class='ocr_line' id='line_1_18' title="bbox 193 1630 1395 1743; baseline 0.001 -18"><span class='ocrx_word' id='word_1_87' title='bbox 193 1665 506 1725; x_wconf 87' lang='lat' dir='ltr'><strong>Domine</strong></span> <span class='ocrx_word' id='word_1_88' title='bbox 490 1686 551 1725; x_wconf 88' lang='lat' dir='ltr'><strong>m</strong></span> <span class='ocrx_word' id='word_1_89' title='bbox 566 1667 793 1727; x_wconf 88' lang='lat' dir='ltr'><strong>virtute.</strong></span> <span class='ocrx_word' id='word_1_90' title='bbox 838 1676 933 1726; x_wconf 72' lang='lat' dir='ltr'><strong>an.</strong></span> <span class='ocrx_word' id='word_1_91' title='bbox 984 1665 1213 1726; x_wconf 80' lang='lat' dir='ltr'><strong>Datur⁸</strong></span> <span class='ocrx_word' id='word_1_92' title='bbox 1230 1630 1395 1743; x_wconf 86' lang='lat' dir='ltr'><strong>quod</strong></span> 
     </span>
     <span class='ocr_line' id='line_1_19' title="bbox 194 1744 1393 1835; baseline 0.001 -31"><span class='ocrx_word' id='word_1_93' title='bbox 194 1744 513 1817; x_wconf 83' lang='lat' dir='ltr'><strong>desiderat,</strong></span> <span class='ocrx_word' id='word_1_94' title='bbox 558 1748 723 1822; x_wconf 91' lang='lat' dir='ltr'><strong>quod</strong></span> <span class='ocrx_word' id='word_1_95' title='bbox 766 1745 965 1835; x_wconf 81' lang='lat' dir='ltr'><strong>anima</strong></span> <span class='ocrx_word' id='word_1_96' title='bbox 1007 1744 1205 1819; x_wconf 88' lang='lat' dir='ltr'><strong>sitivit,</strong></span> <span class='ocrx_word' id='word_1_97' title='bbox 1251 1746 1393 1805; x_wconf 81' lang='lat' dir='ltr'><strong>duni</strong></span> 
     </span>
     <span class='ocr_line' id='line_1_20' title="bbox 195 1824 1392 1915; baseline -0.001 -31"><span class='ocrx_word' id='word_1_98' title='bbox 195 1826 277 1884; x_wconf 89' lang='lat' dir='ltr'><strong>ad</strong></span> <span class='ocrx_word' id='word_1_99' title='bbox 310 1826 507 1883; x_wconf 88' lang='lat' dir='ltr'><strong>Deum</strong></span> <span class='ocrx_word' id='word_1_100' title='bbox 535 1835 828 1915; x_wconf 88' lang='lat' dir='ltr'><strong>properat,</strong></span> <span class='ocrx_word' id='word_1_101' title='bbox 859 1836 919 1884; x_wconf 91' lang='lat' dir='ltr'><strong>et</strong></span> <span class='ocrx_word' id='word_1_102' title='bbox 946 1824 1006 1883; x_wconf 91' lang='lat' dir='ltr'><strong>in</strong></span> <span class='ocrx_word' id='word_1_103' title='bbox 1036 1826 1231 1885; x_wconf 88' lang='lat' dir='ltr'><strong>celum</strong></span> <span class='ocrx_word' id='word_1_104' title='bbox 1272 1824 1392 1883; x_wconf 89' lang='lat' dir='ltr'><strong>ivit.</strong></span> 
     </span>
     <span class='ocr_line' id='line_1_21' title="bbox 192 1901 1397 1993; baseline 0 -32"><span class='ocrx_word' id='word_1_105' title='bbox 192 1924 291 1963; x_wconf 86' lang='lat' dir='ltr'><strong>an.</strong></span> <span class='ocrx_word' id='word_1_106' title='bbox 317 1906 567 1979; x_wconf 88' lang='lat' dir='ltr'><strong>Junctus</strong></span> <span class='ocrx_word' id='word_1_107' title='bbox 595 1903 719 1964; x_wconf 91' lang='lat' dir='ltr'><strong>celi.</strong></span> <span class='ocrx_word' id='word_1_108' title='bbox 773 1901 1117 1993; x_wconf 68' lang='lat' dir='ltr'><strong>Prs[xxi1j.]</strong></span> <span class='ocrx_word' id='word_1_109' title='bbox 1150 1902 1397 1963; x_wconf 87' lang='lat' dir='ltr'><strong>Domini</strong></span> 
     </span>
     <span class='ocr_line' id='line_1_22' title="bbox 196 1982 1395 2059; baseline 0 -18"><span class='ocrx_word' id='word_1_110' title='bbox 196 1993 289 2042; x_wconf 89' lang='lat' dir='ltr'><strong>est</strong></span> <span class='ocrx_word' id='word_1_111' title='bbox 318 1994 480 2042; x_wconf 88' lang='lat' dir='ltr'><strong>terra.</strong></span> <span class='ocrx_word' id='word_1_112' title='bbox 514 1992 609 2041; x_wconf 74' lang='grc' dir='ltr'><strong>αῇ.</strong></span> <span class='ocrx_word' id='word_1_113' title='bbox 634 1986 887 2059; x_wconf 89' lang='lat' dir='ltr'><strong>Junctus</strong></span> <span class='ocrx_word' id='word_1_114' title='bbox 905 1984 1017 2043; x_wconf 78' lang='lat' dir='ltr'><strong>celi</strong></span> <span class='ocrx_word' id='word_1_115' title='bbox 1034 1982 1279 2054; x_wconf 78' lang='lat' dir='ltr'><strong>clv1bus</strong></span> <span class='ocrx_word' id='word_1_116' title='bbox 1298 2001 1395 2041; x_wconf 90' lang='lat' dir='ltr'><strong>ca-</strong></span> 
     </span>
     <span class='ocr_line' id='line_1_23' title="bbox 193 2060 1397 2135; baseline -0.001 -15"><span class='ocrx_word' id='word_1_117' title='bbox 193 2080 333 2121; x_wconf 89' lang='lat' dir='ltr'><strong>rens</strong></span> <span class='ocrx_word' id='word_1_118' title='bbox 362 2061 528 2121; x_wconf 91' lang='lat' dir='ltr'><strong>omni</strong></span> <span class='ocrx_word' id='word_1_119' title='bbox 556 2061 789 2135; x_wconf 90' lang='lat' dir='ltr'><strong>sorde,</strong></span> <span class='ocrx_word' id='word_1_120' title='bbox 772 2081 1061 2121; x_wconf 80' lang='lat' dir='ltr'><strong>innocens</strong></span> <span class='ocrx_word' id='word_1_121' title='bbox 1076 2060 1175 2120; x_wconf 89' lang='lat' dir='ltr'><strong>hic</strong></span> <span class='ocrx_word' id='word_1_122' title='bbox 1204 2060 1397 2120; x_wconf 89' lang='lat' dir='ltr'><strong>mani-</strong></span> 
     </span>
     <span class='ocr_line' id='line_1_24' title="bbox 194 2140 1397 2218; baseline 0 -19"><span class='ocrx_word' id='word_1_123' title='bbox 194 2140 311 2200; x_wconf 90' lang='lat' dir='ltr'><strong>bus</strong></span> <span class='ocrx_word' id='word_1_124' title='bbox 338 2140 571 2199; x_wconf 89' lang='lat' dir='ltr'><strong>scandit</strong></span> <span class='ocrx_word' id='word_1_125' title='bbox 596 2142 826 2201; x_wconf 87' lang='lat' dir='ltr'><strong>mundo</strong></span> <span class='ocrx_word' id='word_1_126' title='bbox 846 2142 1041 2201; x_wconf 90' lang='lat' dir='ltr'><strong>corde.</strong></span> <span class='ocrx_word' id='word_1_127' title='bbox 1115 2144 1166 2218; x_wconf 70' lang='grc' dir='ltr'><strong><em>Ϋ</em></strong></span> <span class='ocrx_word' id='word_1_128' title='bbox 1193 2144 1397 2217; x_wconf 88' lang='lat' dir='ltr'><strong>Justus</strong></span> 
     </span>
     <span class='ocr_line' id='line_1_25' title="bbox 193 2219 1396 2295; baseline -0.001 -17"><span class='ocrx_word' id='word_1_129' title='bbox 193 2230 262 2278; x_wconf 88' lang='lat' dir='ltr'><strong>ut</strong></span> <span class='ocrx_word' id='word_1_130' title='bbox 280 2221 479 2295; x_wconf 87' lang='lat' dir='ltr'><strong>palma</strong></span> <span class='ocrx_word' id='word_1_131' title='bbox 505 2221 749 2281; x_wconf 89' lang='lat' dir='ltr'><strong>florebit.</strong></span> <span class='ocrx_word' id='word_1_132' title='bbox 798 2222 874 2279; x_wconf 93' lang='lat' dir='ltr'><strong>Et</strong></span> <span class='ocrx_word' id='word_1_133' title='bbox 892 2219 1045 2279; x_wconf 90' lang='lat' dir='ltr'><strong>sicut</strong></span> <span class='ocrx_word' id='word_1_134' title='bbox 1064 2221 1275 2280; x_wconf 89' lang='lat' dir='ltr'><strong>cedrus</strong></span> <span class='ocrx_word' id='word_1_135' title='bbox 1301 2219 1396 2278; x_wconf 86' lang='lat' dir='ltr'><strong>Li-</strong></span> 
     </span>
     <span class='ocr_line' id='line_1_26' title="bbox 193 2297 1395 2375; baseline -0.001 -17"><span class='ocrx_word' id='word_1_136' title='bbox 193 2297 337 2358; x_wconf 88' lang='lat' dir='ltr'><strong>bani</strong></span> <span class='ocrx_word' id='word_1_137' title='bbox 384 2298 879 2375; x_wconf 85' lang='lat' dir='ltr'><strong>multiplicabitur.</strong></span> <span class='ocrx_word' id='word_1_138' title='bbox 955 2301 1127 2359; x_wconf 86' lang='lat' dir='ltr'><strong>Pater</strong></span> <span class='ocrx_word' id='word_1_139' title='bbox 1180 2310 1395 2358; x_wconf 89' lang='lat' dir='ltr'><strong>noster.</strong></span> 
     </span>
     <span class='ocr_line' id='line_1_27' title="bbox 196 2378 1397 2456; baseline 0.001 -20"><span class='ocrx_word' id='word_1_140' title='bbox 196 2379 277 2437; x_wconf 87' lang='lat' dir='ltr'><strong>Et</strong></span> <span class='ocrx_word' id='word_1_141' title='bbox 304 2396 383 2437; x_wconf 90' lang='lat' dir='ltr'><strong>ne</strong></span> <span class='ocrx_word' id='word_1_142' title='bbox 410 2396 534 2438; x_wconf 72' lang='lat' dir='ltr'><strong>noa</strong></span> <span class='ocrx_word' id='word_1_143' title='bbox 578 2381 732 2456; x_wconf 91' lang='lat' dir='ltr'><strong>Jube</strong></span> <span class='ocrx_word' id='word_1_144' title='bbox 761 2378 1021 2439; x_wconf 89' lang='lat' dir='ltr'><strong>domine.</strong></span> <span class='ocrx_word' id='word_1_145' title='bbox 1081 2381 1193 2437; x_wconf 92' lang='lat' dir='ltr'><strong>Per</strong></span> <span class='ocrx_word' id='word_1_146' title='bbox 1219 2396 1397 2437; x_wconf 87' lang='lat' dir='ltr'><strong>evan-</strong></span> 
     </span>
     <span class='ocr_line' id='line_1_28' title="bbox 192 2455 1393 2533; baseline 0.002 -18"><span class='ocrx_word' id='word_1_147' title='bbox 192 2455 388 2533; x_wconf 89' lang='lat' dir='ltr'><strong>gelica</strong></span> <span class='ocrx_word' id='word_1_148' title='bbox 415 2456 577 2517; x_wconf 88' lang='lat' dir='ltr'><strong>dicta</strong></span> <span class='ocrx_word' id='word_1_149' title='bbox 598 2459 905 2518; x_wconf 89' lang='lat' dir='ltr'><strong>deleantur</strong></span> <span class='ocrx_word' id='word_1_150' title='bbox 932 2468 1131 2517; x_wconf 85' lang='lat' dir='ltr'><strong>nostra</strong></span> <span class='ocrx_word' id='word_1_151' title='bbox 1161 2456 1393 2517; x_wconf 83' lang='lat' dir='ltr'><strong>delicta.</strong></span> 
     </span>
     <span class='ocr_line' id='line_1_29' title="bbox 193 2533 1391 2628; baseline -0.001 -34"><span class='ocrx_word' id='word_1_152' title='bbox 193 2537 584 2611; x_wconf 84' lang='lat' dir='ltr'><strong>Evangelium</strong></span> <span class='ocrx_word' id='word_1_153' title='bbox 643 2538 962 2597; x_wconf 84' lang='lat' dir='ltr'><strong>Secundum</strong></span> <span class='ocrx_word' id='word_1_154' title='bbox 1004 2538 1222 2595; x_wconf 81' lang='lat' dir='ltr'><strong>Lucam</strong></span> <span class='ocrx_word' id='word_1_155' title='bbox 1272 2533 1391 2628; x_wconf 51' lang='lat' dir='ltr'><strong>[xii.</strong></span> 
     </span>
     <span class='ocr_line' id='line_1_30' title="bbox 196 2612 1394 2693; baseline -0.002 -18"><span class='ocrx_word' id='word_1_156' title='bbox 196 2612 317 2693; x_wconf 81' lang='grc'><strong>35].</strong></span> <span class='ocrx_word' id='word_1_157' title='bbox 342 2615 665 2675; x_wconf 90' lang='lat' dir='ltr'><strong>Sintlumbi</strong></span> <span class='ocrx_word' id='word_1_158' title='bbox 684 2614 857 2675; x_wconf 90' lang='lat' dir='ltr'><strong>vestri</strong></span> <span class='ocrx_word' id='word_1_159' title='bbox 878 2614 1179 2692; x_wconf 88' lang='lat' dir='ltr'><strong>precincti.</strong></span> <span class='ocrx_word' id='word_1_160' title='bbox 1202 2617 1269 2673; x_wconf 87' lang='lat' dir='ltr'><strong>L.</strong></span> <span class='ocrx_word' id='word_1_161' title='bbox 1292 2616 1394 2690; x_wconf 59' lang='lat' dir='ltr'><strong>vis.</strong></span> 
     </span>
     <span class='ocr_line' id='line_1_31' title="bbox 304 2693 1399 2755; baseline 0.001 -3"><span class='ocrx_word' id='word_1_162' title='bbox 304 2705 487 2753; x_wconf 90' lang='lat' dir='ltr'><strong>uanto</strong></span> <span class='ocrx_word' id='word_1_163' title='bbox 513 2706 711 2755; x_wconf 89' lang='lat' dir='ltr'><strong>autem</strong></span> <span class='ocrx_word' id='word_1_164' title='bbox 740 2696 949 2755; x_wconf 90' lang='lat' dir='ltr'><strong>beatus</strong></span> <span class='ocrx_word' id='word_1_165' title='bbox 975 2694 1087 2754; x_wconf 90' lang='lat' dir='ltr'><strong>iste</strong></span> <span class='ocrx_word' id='word_1_166' title='bbox 1114 2693 1399 2753; x_wconf 86' lang='lat' dir='ltr'><strong>heremita</strong></span> 
     </span>
     <span class='ocr_line' id='line_1_32' title="bbox 302 2772 1397 2864; baseline 0 -31"><span class='ocrx_word' id='word_1_167' title='bbox 302 2772 595 2833; x_wconf 87' lang='lat' dir='ltr'><strong>Ricardus</strong></span> <span class='ocrx_word' id='word_1_168' title='bbox 642 2772 945 2864; x_wconf 88' lang='lat' dir='ltr'><strong>operosius</strong></span> <span class='ocrx_word' id='word_1_169' title='bbox 1002 2785 1062 2832; x_wconf 89' lang='lat' dir='ltr'><strong>et</strong></span> <span class='ocrx_word' id='word_1_170' title='bbox 1104 2773 1397 2833; x_wconf 87' lang='lat' dir='ltr'><strong>efficacius</strong></span> 
     </span>
     <span class='ocr_line' id='line_1_33' title="bbox 192 2852 1396 2930; baseline -0.002 -17"><span class='ocrx_word' id='word_1_171' title='bbox 192 2852 423 2913; x_wconf 89' lang='lat' dir='ltr'><strong>studuit</strong></span> <span class='ocrx_word' id='word_1_172' title='bbox 450 2854 529 2913; x_wconf 91' lang='lat' dir='ltr'><strong>ad</strong></span> <span class='ocrx_word' id='word_1_173' title='bbox 555 2852 1025 2930; x_wconf 82' lang='lat' dir='ltr'><strong>perfectionem⁴</strong></span> <span class='ocrx_word' id='word_1_174' title='bbox 1067 2852 1396 2912; x_wconf 87' lang='lat' dir='ltr'><strong>sanctitatis</strong></span> 
     </span>
     <span class='ocr_line' id='line_1_34' title="bbox 193 2932 1394 3008; baseline -0.001 -16"><span class='ocrx_word' id='word_1_175' title='bbox 193 2933 317 2992; x_wconf 89' lang='lat' dir='ltr'><strong>vite</strong></span> <span class='ocrx_word' id='word_1_176' title='bbox 345 2932 727 3008; x_wconf 88' lang='lat' dir='ltr'><strong>querendam,</strong></span> <span class='ocrx_word' id='word_1_177' title='bbox 758 2942 927 2991; x_wconf 91' lang='lat' dir='ltr'><strong>tanto</strong></span> <span class='ocrx_word' id='word_1_178' title='bbox 970 2932 1241 2991; x_wconf 91' lang='lat' dir='ltr'><strong>callidius</strong></span> <span class='ocrx_word' id='word_1_179' title='bbox 1289 2932 1394 2991; x_wconf 92' lang='lat' dir='ltr'><strong>hu-</strong></span> 
     </span>
     <span class='ocr_line' id='line_1_35' title="bbox 191 3010 1395 3088; baseline -0.002 -17"><span class='ocrx_word' id='word_1_180' title='bbox 191 3010 359 3071; x_wconf 88' lang='lat' dir='ltr'><strong>mani</strong></span> <span class='ocrx_word' id='word_1_181' title='bbox 398 3010 629 3088; x_wconf 88' lang='lat' dir='ltr'><strong>generis</strong></span> <span class='ocrx_word' id='word_1_182' title='bbox 672 3010 945 3070; x_wconf 89' lang='lat' dir='ltr'><strong>inimicus</strong></span> <span class='ocrx_word' id='word_1_183' title='bbox 990 3010 1263 3070; x_wconf 92' lang='lat' dir='ltr'><strong>diabolus</strong></span> <span class='ocrx_word' id='word_1_184' title='bbox 1306 3010 1395 3087; x_wconf 87' lang='lat' dir='ltr'><strong>ip·</strong></span> 
     </span>
     <span class='ocr_line' id='line_1_36' title="bbox 192 3090 1397 3166; baseline -0.001 -16"><span class='ocrx_word' id='word_1_185' title='bbox 192 3110 328 3151; x_wconf 87' lang='lat' dir='ltr'><strong>sum</strong></span> <span class='ocrx_word' id='word_1_186' title='bbox 358 3090 479 3149; x_wconf 90' lang='lat' dir='ltr'><strong>suis</strong></span> <span class='ocrx_word' id='word_1_187' title='bbox 496 3090 849 3166; x_wconf 88' lang='lat' dir='ltr'><strong>deceptoriis</strong></span> <span class='ocrx_word' id='word_1_188' title='bbox 867 3090 1094 3165; x_wconf 88' lang='lat' dir='ltr'><strong>laqueis</strong></span> <span class='ocrx_word' id='word_1_189' title='bbox 1110 3090 1397 3165; x_wconf 90' lang='lat' dir='ltr'><strong>impedire</strong></span> 
     </span>
     <span class='ocr_line' id='line_1_37' title="bbox 192 3168 1399 3245; baseline -0.001 -16"><span class='ocrx_word' id='word_1_190' title='bbox 192 3168 435 3229; x_wconf 85' lang='lat' dir='ltr'><strong>curavit.</strong></span> <span class='ocrx_word' id='word_1_191' title='bbox 523 3170 708 3230; x_wconf 88' lang='lat' dir='ltr'><strong>Unde</strong></span> <span class='ocrx_word' id='word_1_192' title='bbox 756 3168 907 3228; x_wconf 92' lang='lat' dir='ltr'><strong>sicut</strong></span> <span class='ocrx_word' id='word_1_193' title='bbox 924 3168 950 3205; x_wconf 78' lang='lat'>⁸</span> <span class='ocrx_word' id='word_1_194' title='bbox 994 3188 1067 3228; x_wconf 83' lang='lat' dir='ltr'><strong>ex</strong></span> <span class='ocrx_word' id='word_1_195' title='bbox 1112 3168 1399 3245; x_wconf 88' lang='lat' dir='ltr'><strong>scriptura</strong></span> 
     </span>
     <span class='ocr_line' id='line_1_38' title="bbox 192 3247 1397 3325; baseline 0 -18"><span class='ocrx_word' id='word_1_196' title='bbox 192 3267 409 3307; x_wconf 85' lang='lat' dir='ltr'><strong>manus</strong></span> <span class='ocrx_word' id='word_1_197' title='bbox 437 3247 669 3325; x_wconf 90' lang='lat' dir='ltr'><strong>proprie</strong></span> <span class='ocrx_word' id='word_1_198' title='bbox 718 3248 893 3324; x_wconf 88' lang='lat' dir='ltr'><strong>hujus</strong></span> <span class='ocrx_word' id='word_1_199' title='bbox 936 3247 1125 3307; x_wconf 90' lang='lat' dir='ltr'><strong>sancti</strong></span> <span class='ocrx_word' id='word_1_200' title='bbox 1167 3258 1397 3324; x_wconf 89' lang='lat' dir='ltr'><strong>reperta</strong></span> 
     </span>
     <span class='ocr_line' id='line_1_39' title="bbox 192 3326 1397 3404; baseline -0.001 -17"><span class='ocrx_word' id='word_1_201' title='bbox 192 3338 335 3404; x_wconf 89' lang='lat' dir='ltr'><strong>post</strong></span> <span class='ocrx_word' id='word_1_202' title='bbox 374 3338 627 3387; x_wconf 84' lang='lat' dir='ltr'><strong>mortem</strong></span> <span class='ocrx_word' id='word_1_203' title='bbox 654 3326 716 3385; x_wconf 92' lang='lat' dir='ltr'><strong>in</strong></span> <span class='ocrx_word' id='word_1_204' title='bbox 745 3345 869 3386; x_wconf 92' lang='lat' dir='ltr'><strong>uno</strong></span> <span class='ocrx_word' id='word_1_205' title='bbox 910 3326 1112 3386; x_wconf 89' lang='lat' dir='ltr'><strong>libello</strong></span> <span class='ocrx_word' id='word_1_206' title='bbox 1156 3328 1235 3387; x_wconf 93' lang='lat' dir='ltr'><strong>de</strong></span> <span class='ocrx_word' id='word_1_207' title='bbox 1274 3326 1397 3387; x_wconf 89' lang='lat' dir='ltr'><strong>suis</strong></span> 
     </span>
     <span class='ocr_line' id='line_1_40' title="bbox 194 3405 1398 3483; baseline -0.001 -17"><span class='ocrx_word' id='word_1_208' title='bbox 194 3405 479 3483; x_wconf 89' lang='lat' dir='ltr'><strong>operibus</strong></span> <span class='ocrx_word' id='word_1_209' title='bbox 506 3406 849 3482; x_wconf 91' lang='lat' dir='ltr'><strong>compilat0‚</strong></span> <span class='ocrx_word' id='word_1_210' title='bbox 880 3406 1071 3481; x_wconf 89' lang='lat' dir='ltr'><strong>ipsum</strong></span> <span class='ocrx_word' id='word_1_211' title='bbox 1121 3425 1228 3482; x_wconf 90' lang='lat' dir='ltr'><strong>per</strong></span> <span class='ocrx_word' id='word_1_212' title='bbox 1267 3424 1398 3482; x_wconf 88' lang='lat' dir='ltr'><strong>spe-</strong></span> 
     </span>
     <span class='ocr_line' id='line_1_41' title="bbox 194 3484 1397 3561; baseline -0.001 -16"><span class='ocrx_word' id='word_1_213' title='bbox 194 3484 352 3545; x_wconf 90' lang='lat' dir='ltr'><strong>ciem</strong></span> <span class='ocrx_word' id='word_1_214' title='bbox 413 3486 726 3561; x_wconf 89' lang='lat' dir='ltr'><strong>cujusdam</strong></span> <span class='ocrx_word' id='word_1_215' title='bbox 802 3484 1063 3544; x_wconf 87' lang='lat' dir='ltr'><strong>mulieris</strong></span> <span class='ocrx_word' id='word_1_216' title='bbox 1122 3484 1397 3545; x_wconf 87' lang='lat' dir='ltr'><strong>funiculis</strong></span> 
     </span>
     <span class='ocr_line' id='line_1_42' title="bbox 194 3563 1398 3640; baseline -0.001 -17"><span class='ocrx_word' id='word_1_217' title='bbox 194 3563 517 3624; x_wconf 89' lang='lat' dir='ltr'><strong>libidinose</strong></span> <span class='ocrx_word' id='word_1_218' title='bbox 546 3563 1041 3640; x_wconf 88' lang='lat' dir='ltr'><strong>concupiscencie</strong></span> <span class='ocrx_word' id='word_1_219' title='bbox 1070 3566 1398 3624; x_wconf 88' lang='lat' dir='ltr'><strong>conabatur</strong></span> 
     </span>
     <span class='ocr_line' id='line_1_43' title="bbox 195 3641 1397 3719; baseline -0.001 -15"><span class='ocrx_word' id='word_1_220' title='bbox 195 3644 556 3704; x_wconf 88' lang='lat' dir='ltr'><strong>subvertere.</strong></span> <span class='ocrx_word' id='word_1_221' title='bbox 600 3644 783 3703; x_wconf 91' lang='lat' dir='ltr'><strong>Unde</strong></span> <span class='ocrx_word' id='word_1_222' title='bbox 805 3642 865 3701; x_wconf 89' lang='lat' dir='ltr'><strong>in</strong></span> <span class='ocrx_word' id='word_1_223' title='bbox 883 3642 1083 3701; x_wconf 91' lang='lat' dir='ltr'><strong>libello</strong></span> <span class='ocrx_word' id='word_1_224' title='bbox 1102 3641 1397 3719; x_wconf 77' lang='lat' dir='ltr'><strong>predicto⁶</strong></span> 
     </span>
     <span class='ocr_line' id='line_1_44' title="bbox 196 3721 1397 3812; baseline -0.002 -30"><span class='ocrx_word' id='word_1_225' title='bbox 196 3722 285 3782; x_wconf 91' lang='lat' dir='ltr'><strong>sic</strong></span> <span class='ocrx_word' id='word_1_226' title='bbox 310 3722 409 3782; x_wconf 88' lang='lat' dir='ltr'><strong>ait.</strong></span> <span class='ocrx_word' id='word_1_227' title='bbox 472 3724 634 3812; x_wconf 81' lang='lat' dir='ltr'><strong>Dum</strong></span> <span class='ocrx_word' id='word_1_228' title='bbox 663 3740 777 3799; x_wconf 87' lang='lat' dir='ltr'><strong>ego</strong></span> <span class='ocrx_word' id='word_1_229' title='bbox 804 3721 1173 3799; x_wconf 90' lang='lat' dir='ltr'><strong>propositum</strong></span> <span class='ocrx_word' id='word_1_230' title='bbox 1200 3722 1397 3798; x_wconf 88' lang='lat' dir='ltr'><strong>singu-</strong></span> 
     </span>
     <span class='ocr_line' id='line_1_45' title="bbox 197 3799 1398 3877; baseline -0.001 -16"><span class='ocrx_word' id='word_1_231' title='bbox 197 3804 320 3861; x_wconf 86' lang='lat' dir='ltr'><strong>lare</strong></span> <span class='ocrx_word' id='word_1_232' title='bbox 374 3799 790 3877; x_wconf 88' lang='lat' dir='ltr'><strong>percepissem,</strong></span> <span class='ocrx_word' id='word_1_233' title='bbox 836 3812 896 3861; x_wconf 90' lang='lat' dir='ltr'><strong>et</strong></span> <span class='ocrx_word' id='word_1_234' title='bbox 942 3800 1148 3860; x_wconf 91' lang='lat' dir='ltr'><strong>relicto</strong></span> <span class='ocrx_word' id='word_1_235' title='bbox 1190 3801 1398 3861; x_wconf 87' lang='lat' dir='ltr'><strong>habitu</strong></span> 
     </span>
     <span class='ocr_line' id='line_1_46' title="bbox 198 3874 1400 3957; baseline -0.001 -17"><span class='ocrx_word' id='word_1_236' title='bbox 198 3874 451 3940; x_wconf 79' lang='lat' dir='ltr'><strong>seculari</strong></span> <span class='ocrx_word' id='word_1_237' title='bbox 507 3881 643 3940; x_wconf 92' lang='lat' dir='ltr'><strong>Deo</strong></span> <span class='ocrx_word' id='word_1_238' title='bbox 690 3879 897 3957; x_wconf 91' lang='lat' dir='ltr'><strong>pocius</strong></span> <span class='ocrx_word' id='word_1_239' title='bbox 946 3898 1123 3955; x_wconf 90' lang='lat' dir='ltr'><strong>quam</strong></span> <span class='ocrx_word' id='word_1_240' title='bbox 1168 3878 1400 3939; x_wconf 89' lang='lat' dir='ltr'><strong>homini</strong></span> 
     </span>
     <span class='ocr_line' id='line_1_47' title="bbox 198 3958 1397 4035; baseline -0.001 -15"><span class='ocrx_word' id='word_1_241' title='bbox 198 3958 497 4020; x_wconf 90' lang='lat' dir='ltr'><strong>deservire</strong></span> <span class='ocrx_word' id='word_1_242' title='bbox 525 3958 935 4033; x_wconf 88' lang='lat' dir='ltr'><strong>decrevissem,</strong></span> <span class='ocrx_word' id='word_1_243' title='bbox 966 3958 1212 4035; x_wconf 90' lang='lat' dir='ltr'><strong>contigit</strong></span> <span class='ocrx_word' id='word_1_244' title='bbox 1235 3960 1397 4035; x_wconf 89' lang='lat' dir='ltr'><strong>quod</strong></span> 
     </span>
     <span class='ocr_line' id='line_1_48' title="bbox 199 4036 1397 4129; baseline -0.001 -32"><span class='ocrx_word' id='word_1_245' title='bbox 199 4039 462 4129; x_wconf 81' lang='lat' dir='ltr'><strong>quadam</strong></span> <span class='ocrx_word' id='word_1_246' title='bbox 489 4048 685 4110; x_wconf 90' lang='lat' dir='ltr'><strong>nocte,</strong></span> <span class='ocrx_word' id='word_1_247' title='bbox 729 4036 791 4096; x_wconf 90' lang='lat' dir='ltr'><strong>in</strong></span> <span class='ocrx_word' id='word_1_248' title='bbox 804 4036 1123 4127; x_wconf 33' lang='lat' dir='ltr'><strong>‘principio</strong></span> <span class='ocrx_word' id='word_1_249' title='bbox 1152 4057 1397 4098; x_wconf 87' lang='lat' dir='ltr'><strong>conver-</strong></span> 
     </span>
     <span class='ocr_line' id='line_1_49' title="bbox 198 4116 1397 4193; baseline -0.002 -15"><span class='ocrx_word' id='word_1_250' title='bbox 198 4117 387 4179; x_wconf 86' lang='lat' dir='ltr'><strong>sionis</strong></span> <span class='ocrx_word' id='word_1_251' title='bbox 414 4136 563 4190; x_wconf 89' lang='lat' dir='ltr'><strong>mee,</strong></span> <span class='ocrx_word' id='word_1_252' title='bbox 591 4116 816 4176; x_wconf 91' lang='lat' dir='ltr'><strong>michi</strong></span> <span class='ocrx_word' id='word_1_253' title='bbox 800 4136 859 4175; x_wconf 89' lang='lat' dir='ltr'><strong>m</strong></span> <span class='ocrx_word' id='word_1_254' title='bbox 890 4127 1073 4177; x_wconf 88' lang='lat' dir='ltr'><strong>stratu</strong></span> <span class='ocrx_word' id='word_1_255' title='bbox 1100 4136 1239 4177; x_wconf 92' lang='lat' dir='ltr'><strong>meo</strong></span> <span class='ocrx_word' id='word_1_256' title='bbox 1268 4116 1397 4193; x_wconf 90' lang='lat' dir='ltr'><strong>qui-</strong></span> 
     </span>
    </p>
   </div>
   <div class='ocr_carea' id='block_1_4' title="bbox 302 4244 1280 4361">
    <p class='ocr_par' dir='ltr' id='par_1_4' title="bbox 303 4244 1280 4361">
     <span class='ocr_line' id='line_1_50' title="bbox 303 4244 967 4296; baseline -0.002 0"><span class='ocrx_word' id='word_1_257' title='bbox 303 4248 317 4278; x_wconf 84' lang='lat'>¹</span> <span class='ocrx_word' id='word_1_258' title='bbox 363 4246 749 4296; x_wconf 84' lang='lat' dir='ltr'><strong>‘’dilaceratum</strong></span> <span class='ocrx_word' id='word_1_259' title='bbox 776 4245 875 4295; x_wconf 81' lang='lat' dir='ltr'><strong>add</strong></span> <span class='ocrx_word' id='word_1_260' title='bbox 900 4244 967 4295; x_wconf 87' lang='lat' dir='ltr'><strong>L.</strong></span> 
     </span>
     <span class='ocr_line' id='line_1_51' title="bbox 302 4311 1280 4361; baseline 0 0"><span class='ocrx_word' id='word_1_261' title='bbox 302 4311 672 4361; x_wconf 76' lang='lat' dir='ltr'><strong>&#39;resarsitutn.</strong></span> <span class='ocrx_word' id='word_1_262' title='bbox 708 4312 773 4361; x_wconf 94' lang='lat' dir='ltr'><strong>L.</strong></span> <span class='ocrx_word' id='word_1_263' title='bbox 935 4313 955 4341; x_wconf 85' lang='lat'>⁸</span> <span class='ocrx_word' id='word_1_264' title='bbox 990 4312 1186 4361; x_wconf 79' lang='lat' dir='ltr'><strong>Datus=</strong></span> <span class='ocrx_word' id='word_1_265' title='bbox 1222 4312 1280 4361; x_wconf 92' lang='lat' dir='ltr'><strong>L.</strong></span> 
     </span>
    </p>
   </div>
   <div class='ocr_carea' id='block_1_5' title="bbox 300 4376 1398 4574">
    <p class='ocr_par' dir='ltr' id='par_1_5' title="bbox 300 4376 1398 4574">
     <span class='ocr_line' id='line_1_52' title="bbox 300 4376 1398 4475; baseline 0.001 -48"><span class='ocrx_word' id='word_1_266' title='bbox 300 4383 323 4475; x_wconf 56' lang='grc' dir='ltr'><strong><em>Ζ</em></strong></span> <span class='ocrx_word' id='word_1_267' title='bbox 356 4377 713 4455; x_wconf 76' lang='lat' dir='ltr'><strong>perfeccionis:</strong></span> <span class='ocrx_word' id='word_1_268' title='bbox 736 4376 797 4426; x_wconf 89' lang='lat' dir='ltr'><strong>L.</strong></span> <span class='ocrx_word' id='word_1_269' title='bbox 936 4382 957 4409; x_wconf 77' lang='lat'>⁸</span> <span class='ocrx_word' id='word_1_270' title='bbox 995 4381 1010 4404; x_wconf 88' lang='lat'>‘</span> <span class='ocrx_word' id='word_1_271' title='bbox 1026 4378 1151 4427; x_wconf 86' lang='lat' dir='ltr'><strong>sicut</strong></span> <span class='ocrx_word' id='word_1_272' title='bbox 1169 4377 1181 4400; x_wconf 93' lang='lat'><strong>’</strong></span> <span class='ocrx_word' id='word_1_273' title='bbox 1207 4394 1307 4427; x_wconf 87' lang='lat' dir='ltr'><strong>om.</strong></span> <span class='ocrx_word' id='word_1_274' title='bbox 1338 4377 1398 4429; x_wconf 92' lang='lat' dir='ltr'><strong>L.</strong></span> 
     </span>
     <span class='ocr_line' id='line_1_53' title="bbox 306 4442 1229 4574; baseline 0.001 -16"><span class='ocrx_word' id='word_1_275' title='bbox 306 4514 327 4539; x_wconf 80' lang='grc'>’</span> <span class='ocrx_word' id='word_1_276' title='bbox 356 4442 1110 4574; x_wconf 40' lang='lat' dir='ltr'><strong>gzggergiitcffugggquvlgnwla</strong></span> <span class='ocrx_word' id='word_1_277' title='bbox 1136 4528 1147 4559; x_wconf 92' lang='lat'><strong>·.</strong></span> <span class='ocrx_word' id='word_1_278' title='bbox 1174 4509 1229 4559; x_wconf 90' lang='lat' dir='ltr'><strong>L.</strong></span> 
     </span>
    </p>
   </div>
   <div class='ocr_carea' id='block_1_6' title="bbox 2011 381 2164 439">
    <p class='ocr_par' dir='ltr' id='par_1_6' title="bbox 2011 381 2164 439">
     <span class='ocr_line' id='line_1_54' title="bbox 2011 381 2164 439; baseline 0.013 -2"><span class='ocrx_word' id='word_1_279' title='bbox 2011 381 2164 439; x_wconf 83' lang='lat'><strong>798</strong></span> 
     </span>
    </p>
   </div>
   <div class='ocr_carea' id='block_1_7' title="bbox 1494 480 2698 2220">
    <p class='ocr_par' dir='ltr' id='par_1_7' title="bbox 1494 480 2698 2220">
     <span class='ocr_line' id='line_1_55' title="bbox 1500 480 2698 561; baseline 0.004 -19"><span class='ocrx_word' id='word_1_280' title='bbox 1500 480 1729 543; x_wconf 88' lang='lat' dir='ltr'><strong>escenti</strong></span> <span class='ocrx_word' id='word_1_281' title='bbox 1787 483 2060 561; x_wconf 90' lang='lat' dir='ltr'><strong>apparuit</strong></span> <span class='ocrx_word' id='word_1_282' title='bbox 2077 484 2102 523; x_wconf 86' lang='lat'>⁷</span> <span class='ocrx_word' id='word_1_283' title='bbox 2151 485 2470 560; x_wconf 87' lang='lat' dir='ltr'><strong>juvencula</strong></span> <span class='ocrx_word' id='word_1_284' title='bbox 2521 486 2698 547; x_wconf 84' lang='lat' dir='ltr'><strong>valde</strong></span> 
     </span>
     <span class='ocr_line' id='line_1_56' title="bbox 1498 563 2696 642; baseline 0.003 -21"><span class='ocrx_word' id='word_1_285' title='bbox 1498 564 1720 638; x_wconf 88' lang='lat' dir='ltr'><strong>pulcra,</strong></span> <span class='ocrx_word' id='word_1_286' title='bbox 1765 581 1944 638; x_wconf 89' lang='lat' dir='ltr'><strong>quam</strong></span> <span class='ocrx_word' id='word_1_287' title='bbox 1972 576 2112 626; x_wconf 88' lang='lat' dir='ltr'><strong>ante</strong></span> <span class='ocrx_word' id='word_1_288' title='bbox 2140 563 2403 623; x_wconf 88' lang='lat' dir='ltr'><strong>videram</strong></span> <span class='ocrx_word' id='word_1_289' title='bbox 2431 575 2490 625; x_wconf 91' lang='lat' dir='ltr'><strong>et</strong></span> <span class='ocrx_word' id='word_1_290' title='bbox 2508 564 2534 601; x_wconf 80' lang='lat'><strong>⁸</strong></span> <span class='ocrx_word' id='word_1_291' title='bbox 2576 585 2696 642; x_wconf 87' lang='lat' dir='ltr'><strong>que</strong></span> 
     </span>
     <span class='ocr_line' id='line_1_57' title="bbox 1497 640 2695 705; baseline 0.003 -6"><span class='ocrx_word' id='word_1_292' title='bbox 1497 660 1598 700; x_wconf 89' lang='lat' dir='ltr'><strong>me</strong></span> <span class='ocrx_word' id='word_1_293' title='bbox 1651 640 1714 700; x_wconf 91' lang='lat' dir='ltr'><strong>in</strong></span> <span class='ocrx_word' id='word_1_294' title='bbox 1755 644 1920 702; x_wconf 90' lang='lat' dir='ltr'><strong>bono</strong></span> <span class='ocrx_word' id='word_1_295' title='bbox 1967 662 2169 703; x_wconf 90' lang='lat' dir='ltr'><strong>amore</strong></span> <span class='ocrx_word' id='word_1_296' title='bbox 2217 661 2338 702; x_wconf 90' lang='lat' dir='ltr'><strong>non</strong></span> <span class='ocrx_word' id='word_1_297' title='bbox 2387 642 2695 705; x_wconf 89' lang='lat' dir='ltr'><strong>modicum</strong></span> 
     </span>
     <span class='ocr_line' id='line_1_58' title="bbox 1494 719 2696 797; baseline 0.003 -18"><span class='ocrx_word' id='word_1_298' title='bbox 1494 719 1793 797; x_wconf 88' lang='lat' dir='ltr'><strong>diligebat.</strong></span> <span class='ocrx_word' id='word_1_299' title='bbox 1856 724 2055 796; x_wconf 87' lang='lat' dir='ltr'><strong>Quam</strong></span> <span class='ocrx_word' id='word_1_300' title='bbox 2083 742 2218 782; x_wconf 90' lang='lat' dir='ltr'><strong>cum</strong></span> <span class='ocrx_word' id='word_1_301' title='bbox 2239 721 2484 782; x_wconf 88' lang='lat' dir='ltr'><strong>intuitus</strong></span> <span class='ocrx_word' id='word_1_302' title='bbox 2500 742 2696 783; x_wconf 89' lang='lat' dir='ltr'><strong>essem</strong></span> 
     </span>
     <span class='ocr_line' id='line_1_59' title="bbox 1495 799 2695 862; baseline 0.003 -5"><span class='ocrx_word' id='word_1_303' title='bbox 1495 810 1556 858; x_wconf 88' lang='lat' dir='ltr'><strong>et</strong></span> <span class='ocrx_word' id='word_1_304' title='bbox 1583 800 1822 859; x_wconf 88' lang='lat' dir='ltr'><strong>mirarer</strong></span> <span class='ocrx_word' id='word_1_305' title='bbox 1848 820 1954 860; x_wconf 91' lang='lat' dir='ltr'><strong>cur</strong></span> <span class='ocrx_word' id='word_1_306' title='bbox 1991 799 2052 860; x_wconf 90' lang='lat' dir='ltr'><strong>in</strong></span> <span class='ocrx_word' id='word_1_307' title='bbox 2101 802 2423 862; x_wconf 89' lang='lat' dir='ltr'><strong>solitudine</strong></span> <span class='ocrx_word' id='word_1_308' title='bbox 2469 803 2549 861; x_wconf 91' lang='lat' dir='ltr'><strong>ad</strong></span> <span class='ocrx_word' id='word_1_309' title='bbox 2597 820 2695 861; x_wconf 90' lang='lat' dir='ltr'><strong>me</strong></span> 
     </span>
     <span class='ocr_line' id='line_1_60' title="bbox 1496 878 2696 953; baseline 0.003 -16"><span class='ocrx_word' id='word_1_310' title='bbox 1496 878 1688 937; x_wconf 91' lang='lat' dir='ltr'><strong>eciam</strong></span> <span class='ocrx_word' id='word_1_311' title='bbox 1716 878 1779 938; x_wconf 90' lang='lat' dir='ltr'><strong>in</strong></span> <span class='ocrx_word' id='word_1_312' title='bbox 1807 891 1986 940; x_wconf 90' lang='lat' dir='ltr'><strong>nocte</strong></span> <span class='ocrx_word' id='word_1_313' title='bbox 2025 892 2284 953; x_wconf 87' lang='lat' dir='ltr'><strong>venerat,</strong></span> <span class='ocrx_word' id='word_1_314' title='bbox 2327 881 2524 940; x_wconf 91' lang='lat' dir='ltr'><strong>subito</strong></span> <span class='ocrx_word' id='word_1_315' title='bbox 2565 881 2696 941; x_wconf 92' lang='lat' dir='ltr'><strong>sine</strong></span> 
     </span>
     <span class='ocr_line' id='line_1_61' title="bbox 1495 960 2692 1036; baseline 0.004 -22"><span class='ocrx_word' id='word_1_316' title='bbox 1495 975 1664 1016; x_wconf 89' lang='lat' dir='ltr'><strong>mora</strong></span> <span class='ocrx_word' id='word_1_317' title='bbox 1689 960 1784 1017; x_wconf 90' lang='lat' dir='ltr'><strong>vel</strong></span> <span class='ocrx_word' id='word_1_318' title='bbox 1814 960 2051 1036; x_wconf 89' lang='lat' dir='ltr'><strong>loquela</strong></span> <span class='ocrx_word' id='word_1_319' title='bbox 2087 962 2257 1036; x_wconf 87' lang='lat' dir='ltr'><strong>juxta</strong></span> <span class='ocrx_word' id='word_1_320' title='bbox 2284 979 2380 1019; x_wconf 89' lang='lat' dir='ltr'><strong>me</strong></span> <span class='ocrx_word' id='word_1_321' title='bbox 2409 980 2473 1021; x_wconf 91' lang='lat' dir='ltr'><strong>se</strong></span> <span class='ocrx_word' id='word_1_322' title='bbox 2501 960 2692 1019; x_wconf 89' lang='lat' dir='ltr'><strong>immi·</strong></span> 
     </span>
     <span class='ocr_line' id='line_1_62' title="bbox 1496 1036 2696 1115; baseline 0.003 -20"><span class='ocrx_word' id='word_1_323' title='bbox 1496 1036 1590 1095; x_wconf 92' lang='lat' dir='ltr'><strong>sit.</strong></span> <span class='ocrx_word' id='word_1_324' title='bbox 1675 1038 1858 1111; x_wconf 85' lang='lat' dir='ltr'><strong>Quod</strong></span> <span class='ocrx_word' id='word_1_325' title='bbox 1903 1057 2014 1115; x_wconf 91' lang='lat' dir='ltr'><strong>ego</strong></span> <span class='ocrx_word' id='word_1_326' title='bbox 2059 1039 2350 1111; x_wconf 78' lang='lat' dir='ltr'><strong>sencienS,</strong></span> <span class='ocrx_word' id='word_1_327' title='bbox 2395 1050 2454 1099; x_wconf 93' lang='lat' dir='ltr'><strong>et</strong></span> <span class='ocrx_word' id='word_1_328' title='bbox 2491 1058 2570 1099; x_wconf 89' lang='lat' dir='ltr'><strong>ne</strong></span> <span class='ocrx_word' id='word_1_329' title='bbox 2598 1059 2696 1099; x_wconf 89' lang='lat' dir='ltr'><strong>me</strong></span> 
     </span>
     <span class='ocr_line' id='line_1_63' title="bbox 1494 1116 2697 1192; baseline 0.003 -18"><span class='ocrx_word' id='word_1_330' title='bbox 1494 1116 1575 1175; x_wconf 91' lang='lat' dir='ltr'><strong>ad</strong></span> <span class='ocrx_word' id='word_1_331' title='bbox 1603 1117 1822 1175; x_wconf 89' lang='lat' dir='ltr'><strong>malum</strong></span> <span class='ocrx_word' id='word_1_332' title='bbox 1851 1118 2110 1178; x_wconf 89' lang='lat' dir='ltr'><strong>alliceret</strong></span> <span class='ocrx_word' id='word_1_333' title='bbox 2151 1118 2382 1192; x_wconf 79' lang='lat' dir='ltr'><strong>timenS‚</strong></span> <span class='ocrx_word' id='word_1_334' title='bbox 2429 1117 2552 1178; x_wconf 82' lang='lat' dir='ltr'><strong>dixi</strong></span> <span class='ocrx_word' id='word_1_335' title='bbox 2598 1137 2697 1178; x_wconf 89' lang='lat' dir='ltr'><strong>me</strong></span> 
     </span>
     <span class='ocr_line' id='line_1_64' title="bbox 1494 1194 2697 1273; baseline 0.003 -20"><span class='ocrx_word' id='word_1_336' title='bbox 1494 1194 1648 1253; x_wconf 85' lang='lat' dir='ltr'><strong>velle</strong></span> <span class='ocrx_word' id='word_1_337' title='bbox 1703 1214 1937 1272; x_wconf 89' lang='lat' dir='ltr'><strong>surgere</strong></span> <span class='ocrx_word' id='word_1_338' title='bbox 1991 1208 2051 1256; x_wconf 89' lang='lat' dir='ltr'><strong>et</strong></span> <span class='ocrx_word' id='word_1_339' title='bbox 2103 1216 2214 1256; x_wconf 91' lang='lat' dir='ltr'><strong>nos</strong></span> <span class='ocrx_word' id='word_1_340' title='bbox 2270 1196 2438 1273; x_wconf 89' lang='lat' dir='ltr'><strong>signo</strong></span> <span class='ocrx_word' id='word_1_341' title='bbox 2506 1196 2697 1257; x_wconf 87' lang='lat' dir='ltr'><strong>crucis</strong></span> 
     </span>
     <span class='ocr_line' id='line_1_65' title="bbox 1495 1273 2691 1336; baseline 0.003 -3"><span class='ocrx_word' id='word_1_342' title='bbox 1495 1273 1848 1335; x_wconf 88' lang='lat' dir='ltr'><strong>benedicere</strong></span> <span class='ocrx_word' id='word_1_343' title='bbox 1866 1276 2140 1335; x_wconf 86' lang='lat' dir='ltr'><strong>invocata</strong></span> <span class='ocrx_word' id='word_1_344' title='bbox 2156 1278 2373 1336; x_wconf 90' lang='lat' dir='ltr'><strong>Sancta</strong></span> <span class='ocrx_word' id='word_1_345' title='bbox 2384 1276 2691 1336; x_wconf 89' lang='lat' dir='ltr'><strong>Trinitate.</strong></span> 
     </span>
     <span class='ocr_line' id='line_1_66' title="bbox 1494 1352 2696 1427; baseline 0.002 -17"><span class='ocrx_word' id='word_1_346' title='bbox 1494 1354 1580 1411; x_wconf 86' lang='lat' dir='ltr'><strong>At</strong></span> <span class='ocrx_word' id='word_1_347' title='bbox 1626 1352 1727 1411; x_wconf 88' lang='lat' dir='ltr'><strong>illa</strong></span> <span class='ocrx_word' id='word_1_348' title='bbox 1772 1364 1892 1413; x_wconf 93' lang='lat' dir='ltr'><strong>tam</strong></span> <span class='ocrx_word' id='word_1_349' title='bbox 1942 1354 2166 1415; x_wconf 83' lang='lat' dir='ltr'><strong>fortiter</strong></span> <span class='ocrx_word' id='word_1_350' title='bbox 2205 1374 2302 1413; x_wconf 92' lang='lat' dir='ltr'><strong>me</strong></span> <span class='ocrx_word' id='word_1_351' title='bbox 2343 1353 2588 1427; x_wconf 86' lang='lat' dir='ltr'><strong>strinxit,</strong></span> <span class='ocrx_word' id='word_1_352' title='bbox 2631 1365 2696 1414; x_wconf 89' lang='lat' dir='ltr'><strong>ut</strong></span> 
     </span>
     <span class='ocr_line' id='line_1_67' title="bbox 1496 1432 2696 1509; baseline 0.003 -20"><span class='ocrx_word' id='word_1_353' title='bbox 1496 1449 1611 1491; x_wconf 89' lang='lat' dir='ltr'><strong>nec</strong></span> <span class='ocrx_word' id='word_1_354' title='bbox 1639 1450 1706 1491; x_wconf 91' lang='lat' dir='ltr'><strong>os</strong></span> <span class='ocrx_word' id='word_1_355' title='bbox 1734 1433 1813 1492; x_wconf 89' lang='lat' dir='ltr'><strong>ad</strong></span> <span class='ocrx_word' id='word_1_356' title='bbox 1839 1434 2206 1509; x_wconf 91' lang='lat' dir='ltr'><strong>loquendum</strong></span> <span class='ocrx_word' id='word_1_357' title='bbox 2235 1452 2349 1492; x_wconf 90' lang='lat' dir='ltr'><strong>nec</strong></span> <span class='ocrx_word' id='word_1_358' title='bbox 2389 1453 2601 1493; x_wconf 89' lang='lat' dir='ltr'><strong>manus</strong></span> <span class='ocrx_word' id='word_1_359' title='bbox 2631 1432 2696 1493; x_wconf 91' lang='lat' dir='ltr'><strong>in</strong></span> 
     </span>
     <span class='ocr_line' id='line_1_68' title="bbox 1495 1510 2697 1587; baseline 0.003 -19"><span class='ocrx_word' id='word_1_360' title='bbox 1495 1528 1595 1569; x_wconf 90' lang='lat' dir='ltr'><strong>me</strong></span> <span class='ocrx_word' id='word_1_361' title='bbox 1621 1510 1899 1571; x_wconf 89' lang='lat' dir='ltr'><strong>sentirem</strong></span> <span class='ocrx_word' id='word_1_362' title='bbox 1927 1512 2006 1571; x_wconf 88' lang='lat' dir='ltr'><strong>ad</strong></span> <span class='ocrx_word' id='word_1_363' title='bbox 2042 1514 2422 1571; x_wconf 87' lang='lat' dir='ltr'><strong>movendum.</strong></span> <span class='ocrx_word' id='word_1_364' title='bbox 2511 1513 2697 1587; x_wconf 90' lang='lat' dir='ltr'><strong>Quod</strong></span> 
     </span>
     <span class='ocr_line' id='line_1_69' title="bbox 1494 1588 2692 1666; baseline 0.002 -19"><span class='ocrx_word' id='word_1_365' title='bbox 1494 1588 1707 1648; x_wconf 88' lang='lat' dir='ltr'><strong>videns</strong></span> <span class='ocrx_word' id='word_1_366' title='bbox 1743 1590 2031 1666; x_wconf 90' lang='lat' dir='ltr'><strong>perpendi</strong></span> <span class='ocrx_word' id='word_1_367' title='bbox 2076 1590 2158 1650; x_wconf 92' lang='lat' dir='ltr'><strong>ibi</strong></span> <span class='ocrx_word' id='word_1_368' title='bbox 2199 1610 2323 1651; x_wconf 91' lang='lat' dir='ltr'><strong>non</strong></span> <span class='ocrx_word' id='word_1_369' title='bbox 2367 1590 2692 1663; x_wconf 89' lang='lat' dir='ltr'><strong>mulierem,</strong></span> 
     </span>
     <span class='ocr_line' id='line_1_70' title="bbox 1496 1668 2696 1729; baseline 0.002 -2"><span class='ocrx_word' id='word_1_370' title='bbox 1496 1668 1606 1727; x_wconf 88' lang='lat' dir='ltr'><strong>sed</strong></span> <span class='ocrx_word' id='word_1_371' title='bbox 1633 1668 1937 1728; x_wconf 90' lang='lat' dir='ltr'><strong>diabolum</strong></span> <span class='ocrx_word' id='word_1_372' title='bbox 1979 1670 2041 1727; x_wconf 91' lang='lat' dir='ltr'><strong>in</strong></span> <span class='ocrx_word' id='word_1_373' title='bbox 2081 1672 2271 1729; x_wconf 84' lang='lat' dir='ltr'><strong>forma</strong></span> <span class='ocrx_word' id='word_1_374' title='bbox 2311 1669 2569 1729; x_wconf 89' lang='lat' dir='ltr'><strong>mulieris</strong></span> <span class='ocrx_word' id='word_1_375' title='bbox 2599 1688 2696 1729; x_wconf 90' lang='lat' dir='ltr'><strong>me</strong></span> 
     </span>
     <span class='ocr_line' id='line_1_71' title="bbox 1497 1749 2693 1826; baseline 0.003 -21"><span class='ocrx_word' id='word_1_376' title='bbox 1497 1757 1830 1823; x_wconf 89' lang='lat' dir='ltr'><strong>temptasse.</strong></span> <span class='ocrx_word' id='word_1_377' title='bbox 1883 1749 2047 1807; x_wconf 89' lang='lat' dir='ltr'><strong>Verti</strong></span> <span class='ocrx_word' id='word_1_378' title='bbox 2077 1768 2215 1826; x_wconf 91' lang='lat' dir='ltr'><strong>ergo</strong></span> <span class='ocrx_word' id='word_1_379' title='bbox 2242 1768 2342 1807; x_wconf 91' lang='lat' dir='ltr'><strong>me</strong></span> <span class='ocrx_word' id='word_1_380' title='bbox 2367 1749 2447 1808; x_wconf 92' lang='lat' dir='ltr'><strong>ad</strong></span> <span class='ocrx_word' id='word_1_381' title='bbox 2478 1750 2693 1821; x_wconf 89' lang='lat' dir='ltr'><strong>Deum,</strong></span> 
     </span>
     <span class='ocr_line' id='line_1_72' title="bbox 1499 1826 2694 1901; baseline 0.003 -16"><span class='ocrx_word' id='word_1_382' title='bbox 1499 1838 1560 1885; x_wconf 90' lang='lat' dir='ltr'><strong>et</strong></span> <span class='ocrx_word' id='word_1_383' title='bbox 1601 1844 1740 1884; x_wconf 90' lang='lat' dir='ltr'><strong>cum</strong></span> <span class='ocrx_word' id='word_1_384' title='bbox 1793 1826 1856 1885; x_wconf 91' lang='lat' dir='ltr'><strong>in</strong></span> <span class='ocrx_word' id='word_1_385' title='bbox 1899 1839 2101 1887; x_wconf 89' lang='lat' dir='ltr'><strong>mente</strong></span> <span class='ocrx_word' id='word_1_386' title='bbox 2128 1847 2265 1886; x_wconf 88' lang='lat' dir='ltr'><strong>mea</strong></span> <span class='ocrx_word' id='word_1_387' title='bbox 2293 1828 2590 1901; x_wconf 88' lang='lat' dir='ltr'><strong>dixissem,</strong></span> <span class='ocrx_word' id='word_1_388' title='bbox 2637 1829 2694 1888; x_wconf 94' lang='grc' dir='ltr'>Ο</span> 
     </span>
     <span class='ocr_line' id='line_1_73' title="bbox 1497 1905 2696 1997; baseline 0.003 -35"><span class='ocrx_word' id='word_1_389' title='bbox 1497 1906 1688 1980; x_wconf 81' lang='lat' dir='ltr'><strong>Jesu,⁹</strong></span> <span class='ocrx_word' id='word_1_390' title='bbox 1736 1924 1914 1982; x_wconf 90' lang='lat' dir='ltr'><strong>quam</strong></span> <span class='ocrx_word' id='word_1_391' title='bbox 1961 1906 2268 1997; x_wconf 39' lang='lat' dir='ltr'><strong>‘preciosus</strong></span> <span class='ocrx_word' id='word_1_392' title='bbox 2316 1918 2404 1966; x_wconf 86' lang='lat' dir='ltr'><strong>est</strong></span> <span class='ocrx_word' id='word_1_393' title='bbox 2460 1905 2696 1983; x_wconf 88' lang='lat' dir='ltr'><strong>sanguis</strong></span> 
     </span>
     <span class='ocr_line' id='line_1_74' title="bbox 1496 1984 2696 2075; baseline 0.002 -32"><span class='ocrx_word' id='word_1_394' title='bbox 1496 1994 1649 2054; x_wconf 79' lang='lat' dir='ltr'><strong>tuuS,</strong></span> <span class='ocrx_word' id='word_1_395' title='bbox 1680 2003 1916 2044; x_wconf 89' lang='lat' dir='ltr'><strong>crucem</strong></span> <span class='ocrx_word' id='word_1_396' title='bbox 1957 1985 2302 2075; x_wconf 80' lang='lat' dir='ltr'><strong>imprimens</strong></span> <span class='ocrx_word' id='word_1_397' title='bbox 2349 1984 2410 2044; x_wconf 90' lang='lat' dir='ltr'><strong>in</strong></span> <span class='ocrx_word' id='word_1_398' title='bbox 2453 1997 2696 2061; x_wconf 85' lang='lat' dir='ltr'><strong>pectore</strong></span> 
     </span>
     <span class='ocr_line' id='line_1_75' title="bbox 1498 2062 2696 2153; baseline 0.003 -33"><span class='ocrx_word' id='word_1_399' title='bbox 1498 2080 1636 2121; x_wconf 91' lang='lat' dir='ltr'><strong>cum</strong></span> <span class='ocrx_word' id='word_1_400' title='bbox 1685 2062 1870 2140; x_wconf 87' lang='lat' dir='ltr'><strong>digito</strong></span> <span class='ocrx_word' id='word_1_401' title='bbox 1915 2064 2016 2153; x_wconf 87' lang='lat' dir='ltr'><strong>qui</strong></span> <span class='ocrx_word' id='word_1_402' title='bbox 2072 2065 2519 2140; x_wconf 88' lang='lat' dir='ltr'><strong>quodammodo</strong></span> <span class='ocrx_word' id='word_1_403' title='bbox 2570 2066 2696 2140; x_wconf 90' lang='lat' dir='ltr'><strong>jam</strong></span> 
     </span>
     <span class='ocr_line' id='line_1_76' title="bbox 1498 2141 2696 2220; baseline 0.003 -21"><span class='ocrx_word' id='word_1_404' title='bbox 1498 2141 1736 2201; x_wconf 88' lang='lat' dir='ltr'><strong>mobilis</strong></span> <span class='ocrx_word' id='word_1_405' title='bbox 1763 2162 1892 2203; x_wconf 91' lang='lat' dir='ltr'><strong>esse</strong></span> <span class='ocrx_word' id='word_1_406' title='bbox 1919 2143 2236 2220; x_wconf 87' lang='lat' dir='ltr'><strong>inceperat,</strong></span> <span class='ocrx_word' id='word_1_407' title='bbox 2256 2155 2316 2203; x_wconf 89' lang='lat' dir='ltr'><strong>et</strong></span> <span class='ocrx_word' id='word_1_408' title='bbox 2337 2162 2477 2203; x_wconf 89' lang='lat' dir='ltr'><strong>ecce</strong></span> <span class='ocrx_word' id='word_1_409' title='bbox 2499 2143 2696 2203; x_wconf 87' lang='lat' dir='ltr'><strong>subito</strong></span> 
     </span>
    </p>
   </div>
   <div class='ocr_carea' id='block_1_8' title="bbox 1492 2219 2698 2300">
    <p class='ocr_par' dir='ltr' id='par_1_8' title="bbox 1492 2219 2698 2300">
     <span class='ocr_line' id='line_1_77' title="bbox 1492 2219 2698 2300; baseline 0.002 -21"><span class='ocrx_word' id='word_1_410' title='bbox 1492 2230 1694 2293; x_wconf 56' lang='lat' dir='ltr'><strong>‚totum</strong></span> <span class='ocrx_word' id='word_1_411' title='bbox 1739 2220 2042 2299; x_wconf 90' lang='lat' dir='ltr'><strong>disparuit,</strong></span> <span class='ocrx_word' id='word_1_412' title='bbox 2089 2234 2148 2283; x_wconf 90' lang='lat' dir='ltr'><strong>et</strong></span> <span class='ocrx_word' id='word_1_413' title='bbox 2192 2242 2304 2299; x_wconf 89' lang='lat' dir='ltr'><strong>ego</strong></span> <span class='ocrx_word' id='word_1_414' title='bbox 2347 2222 2562 2300; x_wconf 88' lang='lat' dir='ltr'><strong>gratias</strong></span> <span class='ocrx_word' id='word_1_415' title='bbox 2603 2219 2698 2299; x_wconf 85' lang='lat' dir='ltr'><strong>egi</strong></span> 
     </span>
    </p>
   </div>
   <div class='ocr_carea' id='block_1_9' title="bbox 1496 2300 2701 4191">
    <p class='ocr_par' dir='ltr' id='par_1_9' title="bbox 1496 2300 2700 3590">
     <span class='ocr_line' id='line_1_78' title="bbox 1503 2300 2283 2376; baseline 0.005 -18"><span class='ocrx_word' id='word_1_416' title='bbox 1503 2301 1640 2359; x_wconf 91' lang='lat' dir='ltr'><strong>Deo</strong></span> <span class='ocrx_word' id='word_1_417' title='bbox 1695 2300 1797 2376; x_wconf 92' lang='lat' dir='ltr'><strong>qui</strong></span> <span class='ocrx_word' id='word_1_418' title='bbox 1852 2320 1948 2361; x_wconf 89' lang='lat' dir='ltr'><strong>me</strong></span> <span class='ocrx_word' id='word_1_419' title='bbox 2002 2301 2283 2362; x_wconf 87' lang='lat' dir='ltr'><strong>liberavit.</strong></span> 
     </span>
     <span class='ocr_line' id='line_1_79' title="bbox 1501 2380 2696 2468; baseline 0.002 -31"><span class='ocrx_word' id='word_1_420' title='bbox 1501 2397 1641 2468; x_wconf 90' lang='lat' dir='ltr'><strong>ergo</strong></span> <span class='ocrx_word' id='word_1_421' title='bbox 1661 2382 1868 2455; x_wconf 91' lang='lat' dir='ltr'><strong>Jesum</strong></span> <span class='ocrx_word' id='word_1_422' title='bbox 1898 2400 2096 2441; x_wconf 88' lang='lat' dir='ltr'><strong>amare</strong></span> <span class='ocrx_word' id='word_1_423' title='bbox 2123 2380 2368 2459; x_wconf 88' lang='lat' dir='ltr'><strong>quesivi,</strong></span> <span class='ocrx_word' id='word_1_424' title='bbox 2389 2392 2448 2441; x_wconf 90' lang='lat' dir='ltr'><strong>et</strong></span> <span class='ocrx_word' id='word_1_425' title='bbox 2471 2391 2696 2457; x_wconf 90' lang='lat' dir='ltr'><strong>quanto</strong></span> 
     </span>
     <span class='ocr_line' id='line_1_80' title="bbox 1500 2455 2698 2537; baseline 0.002 -22"><span class='ocrx_word' id='word_1_426' title='bbox 1500 2455 1564 2516; x_wconf 89' lang='lat' dir='ltr'><strong>in</strong></span> <span class='ocrx_word' id='word_1_427' title='bbox 1591 2477 1792 2519; x_wconf 90' lang='lat' dir='ltr'><strong>amore</strong></span> <span class='ocrx_word' id='word_1_428' title='bbox 1821 2462 1974 2536; x_wconf 88' lang='lat' dir='ltr'><strong>ejus</strong></span> <span class='ocrx_word' id='word_1_429' title='bbox 1961 2460 2226 2537; x_wconf 87' lang='lat' dir='ltr'><strong>.profeci,</strong></span> <span class='ocrx_word' id='word_1_430' title='bbox 2269 2472 2434 2520; x_wconf 89' lang='lat' dir='ltr'><strong>tanto</strong></span> <span class='ocrx_word' id='word_1_431' title='bbox 2474 2478 2698 2518; x_wconf 90' lang='lat' dir='ltr'><strong>nomen</strong></span> 
     </span>
     <span class='ocr_line' id='line_1_81' title="bbox 1499 2538 2696 2628; baseline 0.001 -32"><span class='ocrx_word' id='word_1_432' title='bbox 1499 2538 1646 2613; x_wconf 91' lang='lat' dir='ltr'><strong>Jesu</strong></span> <span class='ocrx_word' id='word_1_433' title='bbox 1675 2538 1854 2628; x_wconf 81' lang='lat' dir='ltr'><strong>michi</strong></span> <span class='ocrx_word' id='word_1_434' title='bbox 1881 2539 2112 2599; x_wconf 92' lang='lat' dir='ltr'><strong>dulcius</strong></span> <span class='ocrx_word' id='word_1_435' title='bbox 2141 2550 2200 2599; x_wconf 91' lang='lat' dir='ltr'><strong>et</strong></span> <span class='ocrx_word' id='word_1_436' title='bbox 2229 2539 2464 2598; x_wconf 83' lang='lat' dir='ltr'><strong>suavius</strong></span> <span class='ocrx_word' id='word_1_437' title='bbox 2508 2538 2696 2615; x_wconf 86' lang='lat' dir='ltr'><strong>sapie-</strong></span> 
     </span>
     <span class='ocr_line' id='line_1_82' title="bbox 1499 2616 2696 2695; baseline 0.002 -22"><span class='ocrx_word' id='word_1_438' title='bbox 1499 2617 1620 2689; x_wconf 90' lang='lat' dir='ltr'><strong>bat,</strong></span> <span class='ocrx_word' id='word_1_439' title='bbox 1653 2628 1712 2675; x_wconf 91' lang='lat' dir='ltr'><strong>et</strong></span> <span class='ocrx_word' id='word_1_440' title='bbox 1740 2616 1930 2677; x_wconf 88' lang='lat' dir='ltr'><strong>eciam</strong></span> <span class='ocrx_word' id='word_1_441' title='bbox 1957 2638 2149 2695; x_wconf 90' lang='lat' dir='ltr'><strong>usque</strong></span> <span class='ocrx_word' id='word_1_442' title='bbox 2177 2617 2359 2677; x_wconf 84' lang='lat' dir='ltr'><strong>hodie</strong></span> <span class='ocrx_word' id='word_1_443' title='bbox 2386 2636 2508 2678; x_wconf 91' lang='lat' dir='ltr'><strong>non</strong></span> <span class='ocrx_word' id='word_1_444' title='bbox 2537 2634 2696 2676; x_wconf 90' lang='lat' dir='ltr'><strong>rece-</strong></span> 
     </span>
     <span class='ocr_line' id='line_1_83' title="bbox 1498 2692 2698 2773; baseline -0.001 -19"><span class='ocrx_word' id='word_1_445' title='bbox 1498 2692 1588 2754; x_wconf 91' lang='lat' dir='ltr'><strong>dit</strong></span> <span class='ocrx_word' id='word_1_446' title='bbox 1615 2694 1663 2731; x_wconf 88' lang='lat'><strong>¹⁰</strong></span> <span class='ocrx_word' id='word_1_447' title='bbox 1703 2714 1740 2753; x_wconf 90' lang='lat' dir='ltr'><strong>a</strong></span> <span class='ocrx_word' id='word_1_448' title='bbox 1779 2716 1890 2757; x_wconf 90' lang='lat' dir='ltr'><strong>me.</strong></span> <span class='ocrx_word' id='word_1_449' title='bbox 1995 2699 2152 2773; x_wconf 88' lang='lat' dir='ltr'><strong>Ergo</strong></span> <span class='ocrx_word' id='word_1_450' title='bbox 2194 2696 2580 2755; x_wconf 89' lang='lat' dir='ltr'><strong>benedictum</strong></span> <span class='ocrx_word' id='word_1_451' title='bbox 2623 2694 2698 2753; x_wconf 90' lang='lat' dir='ltr'><strong>sit</strong></span> 
     </span>
     <span class='ocr_line' id='line_1_84' title="bbox 1500 2774 2694 2867; baseline 0.001 -37"><span class='ocrx_word' id='word_1_452' title='bbox 1500 2791 1722 2831; x_wconf 91' lang='lat' dir='ltr'><strong>nomen</strong></span> <span class='ocrx_word' id='word_1_453' title='bbox 1775 2777 1920 2867; x_wconf 78' lang='lat' dir='ltr'><strong>Jesu</strong></span> <span class='ocrx_word' id='word_1_454' title='bbox 1973 2774 2038 2833; x_wconf 89' lang='lat' dir='ltr'><strong>in</strong></span> <span class='ocrx_word' id='word_1_455' title='bbox 2091 2776 2291 2834; x_wconf 87' lang='lat' dir='ltr'><strong>secula</strong></span> <span class='ocrx_word' id='word_1_456' title='bbox 2343 2774 2694 2833; x_wconf 89' lang='lat' dir='ltr'><strong>seculorum.</strong></span> 
     </span>
     <span class='ocr_line' id='line_1_85' title="bbox 1498 2850 2698 2929; baseline 0 -20"><span class='ocrx_word' id='word_1_457' title='bbox 1498 2854 1709 2911; x_wconf 89' lang='lat' dir='ltr'><strong>Amen.</strong></span> <span class='ocrx_word' id='word_1_458' title='bbox 1797 2856 1894 2929; x_wconf 82' lang='lat' dir='ltr'><strong>vij.</strong></span> <span class='ocrx_word' id='word_1_459' title='bbox 1927 2854 2035 2911; x_wconf 86' lang='lat' dir='ltr'><strong>Re.</strong></span> <span class='ocrx_word' id='word_1_460' title='bbox 2079 2855 2352 2913; x_wconf 89' lang='lat' dir='ltr'><strong>Mentem</strong></span> <span class='ocrx_word' id='word_1_461' title='bbox 2391 2852 2568 2911; x_wconf 89' lang='lat' dir='ltr'><strong>simul</strong></span> <span class='ocrx_word' id='word_1_462' title='bbox 2607 2850 2698 2912; x_wconf 90' lang='lat' dir='ltr'><strong>di·</strong></span> 
     </span>
     <span class='ocr_line' id='line_1_86' title="bbox 1498 2928 2700 3007; baseline 0 -18"><span class='ocrx_word' id='word_1_463' title='bbox 1498 2930 1680 2990; x_wconf 87' lang='lat' dir='ltr'><strong>versis</strong></span> <span class='ocrx_word' id='word_1_464' title='bbox 1707 2932 1985 3007; x_wconf 89' lang='lat' dir='ltr'><strong>applicat,</strong></span> <span class='ocrx_word' id='word_1_465' title='bbox 2006 2950 2183 2990; x_wconf 90' lang='lat' dir='ltr'><strong>manu</strong></span> <span class='ocrx_word' id='word_1_466' title='bbox 2213 2928 2477 2991; x_wconf 88' lang='lat' dir='ltr'><strong>scribens</strong></span> <span class='ocrx_word' id='word_1_467' title='bbox 2503 2928 2700 2989; x_wconf 89' lang='lat' dir='ltr'><strong>verbis</strong></span> 
     </span>
     <span class='ocr_line' id='line_1_87' title="bbox 1499 3008 2699 3070; baseline 0.001 -2"><span class='ocrx_word' id='word_1_468' title='bbox 1499 3008 1776 3069; x_wconf 89' lang='lat' dir='ltr'><strong>edificat.</strong></span> <span class='ocrx_word' id='word_1_469' title='bbox 1846 3013 2066 3070; x_wconf 87' lang='lat' dir='ltr'><strong>Actum</strong></span> <span class='ocrx_word' id='word_1_470' title='bbox 2119 3009 2337 3069; x_wconf 89' lang='lat' dir='ltr'><strong>mentis</strong></span> <span class='ocrx_word' id='word_1_471' title='bbox 2391 3009 2476 3068; x_wconf 92' lang='lat' dir='ltr'><strong>sic</strong></span> <span class='ocrx_word' id='word_1_472' title='bbox 2532 3012 2699 3069; x_wconf 90' lang='lat' dir='ltr'><strong>Deus</strong></span> 
     </span>
     <span class='ocr_line' id='line_1_88' title="bbox 1498 3086 2700 3167; baseline -0.001 -19"><span class='ocrx_word' id='word_1_473' title='bbox 1498 3086 1834 3164; x_wconf 87' lang='lat' dir='ltr'><strong>duplicat.u</strong></span> <span class='ocrx_word' id='word_1_474' title='bbox 1917 3092 1971 3167; x_wconf 73' lang='grc' dir='ltr'><strong><em>Ῡ</em></strong></span> <span class='ocrx_word' id='word_1_475' title='bbox 2026 3088 2356 3149; x_wconf 88' lang='lat' dir='ltr'><strong>Audientes</strong></span> <span class='ocrx_word' id='word_1_476' title='bbox 2398 3086 2564 3147; x_wconf 87' lang='lat' dir='ltr'><strong>verbi</strong></span> <span class='ocrx_word' id='word_1_477' title='bbox 2611 3087 2700 3147; x_wconf 86' lang='lat' dir='ltr'><strong>vis</strong></span> 
     </span>
     <span class='ocr_line' id='line_1_89' title="bbox 1496 3166 2698 3245; baseline 0 -20"><span class='ocrx_word' id='word_1_478' title='bbox 1496 3168 1752 3242; x_wconf 86' lang='lat' dir='ltr'><strong>attrahit,</strong></span> <span class='ocrx_word' id='word_1_479' title='bbox 1784 3186 1898 3227; x_wconf 88' lang='lat' dir='ltr'><strong>nec</strong></span> <span class='ocrx_word' id='word_1_480' title='bbox 1923 3169 2162 3245; x_wconf 89' lang='lat' dir='ltr'><strong>loquela</strong></span> <span class='ocrx_word' id='word_1_481' title='bbox 2191 3167 2549 3227; x_wconf 90' lang='lat' dir='ltr'><strong>scribentem</strong></span> <span class='ocrx_word' id='word_1_482' title='bbox 2579 3166 2698 3225; x_wconf 90' lang='lat' dir='ltr'><strong>dis-</strong></span> 
     </span>
     <span class='ocr_line' id='line_1_90' title="bbox 1498 3245 2698 3324; baseline 0.002 -20"><span class='ocrx_word' id='word_1_483' title='bbox 1498 3246 1677 3306; x_wconf 88' lang='lat' dir='ltr'><strong>trahit</strong></span> <span class='ocrx_word' id='word_1_484' title='bbox 1702 3270 1716 3306; x_wconf 88' lang='lat'>:</span> <span class='ocrx_word' id='word_1_485' title='bbox 1746 3251 1984 3307; x_wconf 89' lang='lat' dir='ltr'><strong>Actum.</strong></span> <span class='ocrx_word' id='word_1_486' title='bbox 2068 3247 2224 3324; x_wconf 76' lang='lat' dir='ltr'><strong>Jube</strong></span> <span class='ocrx_word' id='word_1_487' title='bbox 2248 3245 2489 3305; x_wconf 90' lang='lat' dir='ltr'><strong>domine</strong></span> <span class='ocrx_word' id='word_1_488' title='bbox 2517 3247 2698 3306; x_wconf 88' lang='lat' dir='ltr'><strong>bene-</strong></span> 
     </span>
     <span class='ocr_line' id='line_1_91' title="bbox 1499 3324 2700 3387; baseline -0.002 -2"><span class='ocrx_word' id='word_1_489' title='bbox 1499 3324 1716 3387; x_wconf 90' lang='lat' dir='ltr'><strong>dicere.</strong></span> <span class='ocrx_word' id='word_1_490' title='bbox 1802 3325 2086 3386; x_wconf 87' lang='lat' dir='ltr'><strong>Divinum</strong></span> <span class='ocrx_word' id='word_1_491' title='bbox 2135 3324 2416 3385; x_wconf 81' lang='lat' dir='ltr'><strong>auxilium</strong></span> <span class='ocrx_word' id='word_1_492' title='bbox 2461 3334 2700 3383; x_wconf 88' lang='lat' dir='ltr'><strong>maneat</strong></span> 
     </span>
     <span class='ocr_line' id='line_1_92' title="bbox 1500 3404 2696 3495; baseline -0.003 -31"><span class='ocrx_word' id='word_1_493' title='bbox 1500 3422 1734 3482; x_wconf 87' lang='lat' dir='ltr'><strong>semper</strong></span> <span class='ocrx_word' id='word_1_494' title='bbox 1759 3405 2089 3495; x_wconf 79' lang='lat' dir='ltr'><strong>nobiscum.</strong></span> <span class='ocrx_word' id='word_1_495' title='bbox 2357 3404 2546 3463; x_wconf 68' lang='grc' dir='ltr'><strong>[ει-ἥρ</strong></span> <span class='ocrx_word' id='word_1_496' title='bbox 2568 3404 2696 3478; x_wconf 84' lang='lat' dir='ltr'><strong>viij.</strong></span> 
     </span>
     <span class='ocr_line' id='line_1_93' title="bbox 1499 3480 2700 3590; baseline -0.002 -47"><span class='ocrx_word' id='word_1_497' title='bbox 1499 3484 1801 3590; x_wconf 75' lang='lat' dir='ltr'><strong>Sanctus</strong></span> <span class='ocrx_word' id='word_1_498' title='bbox 1829 3484 2015 3545; x_wconf 89' lang='lat' dir='ltr'><strong>eciam</strong></span> <span class='ocrx_word' id='word_1_499' title='bbox 2045 3484 2156 3544; x_wconf 89' lang='lat' dir='ltr'><strong>iste</strong></span> <span class='ocrx_word' id='word_1_500' title='bbox 2181 3482 2467 3543; x_wconf 88' lang='lat' dir='ltr'><strong>heremita</strong></span> <span class='ocrx_word' id='word_1_501' title='bbox 2494 3480 2700 3541; x_wconf 88' lang='lat' dir='ltr'><strong>Ricar-</strong></span> 
     </span>
    </p>

    <p class='ocr_par' dir='ltr' id='par_1_10' title="bbox 1500 3560 2701 4191">
     <span class='ocr_line' id='line_1_94' title="bbox 1595 3560 2700 3624; baseline -0.005 0"><span class='ocrx_word' id='word_1_502' title='bbox 1595 3565 1706 3624; x_wconf 88' lang='lat' dir='ltr'><strong>dus</strong></span> <span class='ocrx_word' id='word_1_503' title='bbox 1733 3584 1806 3624; x_wconf 85' lang='lat' dir='ltr'><strong>ex</strong></span> <span class='ocrx_word' id='word_1_504' title='bbox 1833 3564 2212 3623; x_wconf 89' lang='lat' dir='ltr'><strong>abundancia</strong></span> <span class='ocrx_word' id='word_1_505' title='bbox 2233 3562 2280 3600; x_wconf 79' lang='lat'><strong>¹²</strong></span> <span class='ocrx_word' id='word_1_506' title='bbox 2308 3560 2566 3622; x_wconf 87' lang='lat' dir='ltr'><strong>caritatis</strong></span> <span class='ocrx_word' id='word_1_507' title='bbox 2595 3580 2700 3620; x_wconf 90' lang='lat' dir='ltr'><strong>sue</strong></span> 
     </span>
     <span class='ocr_line' id='line_1_95' title="bbox 1500 3640 2700 3705; baseline -0.005 0"><span class='ocrx_word' id='word_1_508' title='bbox 1500 3643 1710 3705; x_wconf 91' lang='lat' dir='ltr'><strong>solitus</strong></span> <span class='ocrx_word' id='word_1_509' title='bbox 1737 3642 1786 3681; x_wconf 81' lang='lat'><strong>¹⁸</strong></span> <span class='ocrx_word' id='word_1_510' title='bbox 1815 3654 1939 3703; x_wconf 89' lang='lat' dir='ltr'><strong>erat</strong></span> <span class='ocrx_word' id='word_1_511' title='bbox 1973 3663 2038 3703; x_wconf 90' lang='lat' dir='ltr'><strong>se</strong></span> <span class='ocrx_word' id='word_1_512' title='bbox 2065 3646 2316 3702; x_wconf 90' lang='lat' dir='ltr'><strong>multum</strong></span> <span class='ocrx_word' id='word_1_513' title='bbox 2357 3640 2700 3701; x_wconf 85' lang='lat' dir='ltr'><strong>familiarem</strong></span> 
     </span>
     <span class='ocr_line' id='line_1_96' title="bbox 1500 3718 2701 3797; baseline -0.007 -12"><span class='ocrx_word' id='word_1_514' title='bbox 1500 3722 1779 3785; x_wconf 87' lang='lat' dir='ltr'><strong>exhibere</strong></span> <span class='ocrx_word' id='word_1_515' title='bbox 1808 3722 2049 3783; x_wconf 89' lang='lat' dir='ltr'><strong>reclusis</strong></span> <span class='ocrx_word' id='word_1_516' title='bbox 2078 3732 2136 3781; x_wconf 90' lang='lat' dir='ltr'><strong>et</strong></span> <span class='ocrx_word' id='word_1_517' title='bbox 2164 3721 2276 3781; x_wconf 92' lang='lat' dir='ltr'><strong>hiis</strong></span> <span class='ocrx_word' id='word_1_518' title='bbox 2295 3720 2397 3797; x_wconf 93' lang='lat' dir='ltr'><strong>qui</strong></span> <span class='ocrx_word' id='word_1_519' title='bbox 2415 3718 2701 3796; x_wconf 89' lang='lat' dir='ltr'><strong>spirituali</strong></span> 
     </span>
     <span class='ocr_line' id='line_1_97' title="bbox 1500 3797 2698 3890; baseline -0.008 -27"><span class='ocrx_word' id='word_1_520' title='bbox 1500 3802 1848 3878; x_wconf 89' lang='lat' dir='ltr'><strong>indigebant</strong></span> <span class='ocrx_word' id='word_1_521' title='bbox 1889 3800 2328 3890; x_wconf 88' lang='lat' dir='ltr'><strong>consolacione,</strong></span> <span class='ocrx_word' id='word_1_522' title='bbox 2359 3810 2420 3858; x_wconf 90' lang='lat' dir='ltr'><strong>et</strong></span> <span class='ocrx_word' id='word_1_523' title='bbox 2449 3797 2554 3874; x_wconf 92' lang='lat' dir='ltr'><strong>qui</strong></span> <span class='ocrx_word' id='word_1_524' title='bbox 2580 3807 2698 3855; x_wconf 88' lang='lat' dir='ltr'><strong>tur-</strong></span> 
     </span>
     <span class='ocr_line' id='line_1_98' title="bbox 1501 3875 2701 3952; baseline -0.007 -10"><span class='ocrx_word' id='word_1_525' title='bbox 1501 3881 1782 3942; x_wconf 88' lang='lat' dir='ltr'><strong>baciones</strong></span> <span class='ocrx_word' id='word_1_526' title='bbox 1838 3890 1897 3939; x_wconf 89' lang='lat' dir='ltr'><strong>et</strong></span> <span class='ocrx_word' id='word_1_527' title='bbox 1939 3879 2294 3938; x_wconf 87' lang='lat' dir='ltr'><strong>vexaciones</strong></span> <span class='ocrx_word' id='word_1_528' title='bbox 2341 3875 2701 3952; x_wconf 90' lang='lat' dir='ltr'><strong>operacione</strong></span> 
     </span>
     <span class='ocr_line' id='line_1_99' title="bbox 1501 3953 2700 4043; baseline -0.008 -23"><span class='ocrx_word' id='word_1_529' title='bbox 1501 3972 1561 4021; x_wconf 91' lang='lat' dir='ltr'><strong>et</strong></span> <span class='ocrx_word' id='word_1_530' title='bbox 1614 3957 1978 4035; x_wconf 88' lang='lat' dir='ltr'><strong>malignitate</strong></span> <span class='ocrx_word' id='word_1_531' title='bbox 2031 3958 2319 4015; x_wconf 87' lang='lat' dir='ltr'><strong>malorum</strong></span> <span class='ocrx_word' id='word_1_532' title='bbox 2389 3953 2700 4043; x_wconf 81' lang='lat' dir='ltr'><strong>spirituum</strong></span> 
     </span>
     <span class='ocr_line' id='line_1_100' title="bbox 1500 4033 2697 4117; baseline -0.008 -19"><span class='ocrx_word' id='word_1_533' title='bbox 1500 4037 1889 4117; x_wconf 88' lang='lat' dir='ltr'><strong>paciebantur</strong></span> <span class='ocrx_word' id='word_1_534' title='bbox 1941 4036 2004 4093; x_wconf 90' lang='lat' dir='ltr'><strong>in</strong></span> <span class='ocrx_word' id='word_1_535' title='bbox 2044 4034 2244 4094; x_wconf 89' lang='lat' dir='ltr'><strong>anima</strong></span> <span class='ocrx_word' id='word_1_536' title='bbox 2301 4034 2397 4091; x_wconf 86' lang='lat' dir='ltr'><strong>vel</strong></span> <span class='ocrx_word' id='word_1_537' title='bbox 2445 4033 2506 4090; x_wconf 92' lang='lat' dir='ltr'><strong>in</strong></span> <span class='ocrx_word' id='word_1_538' title='bbox 2571 4050 2697 4090; x_wconf 83' lang='lat' dir='ltr'><strong>car-</strong></span> 
     </span>
     <span class='ocr_line' id='line_1_101' title="bbox 1502 4109 2701 4191; baseline -0.008 -13"><span class='ocrx_word' id='word_1_539' title='bbox 1502 4138 1595 4178; x_wconf 92' lang='lat' dir='ltr'><strong>ne.</strong></span> <span class='ocrx_word' id='word_1_540' title='bbox 1681 4114 2071 4191; x_wconf 89' lang='lat' dir='ltr'><strong>Contulitque</strong></span> <span class='ocrx_word' id='word_1_541' title='bbox 2100 4112 2212 4172; x_wconf 89' lang='lat' dir='ltr'><strong>sibi</strong></span> <span class='ocrx_word' id='word_1_542' title='bbox 2251 4115 2418 4172; x_wconf 90' lang='lat' dir='ltr'><strong>Deus</strong></span> <span class='ocrx_word' id='word_1_543' title='bbox 2454 4109 2701 4188; x_wconf 87' lang='lat' dir='ltr'><strong>gratiam</strong></span> 
     </span>
    </p>
   </div>
   <div class='ocr_carea' id='block_1_10' title="bbox 2395 2302 2698 2377">
    <p class='ocr_par' dir='ltr' id='par_1_11' title="bbox 2395 2302 2698 2377">
     <span class='ocr_line' id='line_1_102' title="bbox 2395 2302 2698 2377; baseline 0 -17"><span class='ocrx_word' id='word_1_544' title='bbox 2395 2302 2698 2377; x_wconf 89' lang='lat' dir='ltr'><strong>Deinceps</strong></span> 
     </span>
    </p>
   </div>
   <div class='ocr_carea' id='block_1_11' title="bbox 1589 4244 2703 4558">
    <p class='ocr_par' dir='ltr' id='par_1_12' title="bbox 1605 4244 1923 4295">
     <span class='ocr_line' id='line_1_103' title="bbox 1605 4244 1923 4295; baseline -0.013 1"><span class='ocrx_word' id='word_1_545' title='bbox 1605 4248 1626 4277; x_wconf 81' lang='lat'>⁸</span> <span class='ocrx_word' id='word_1_546' title='bbox 1658 4244 1838 4295; x_wconf 87' lang='lat' dir='ltr'><strong>eciam.</strong></span> <span class='ocrx_word' id='word_1_547' title='bbox 1864 4244 1923 4293; x_wconf 94' lang='lat' dir='ltr'><strong>L.</strong></span> 
     </span>
    </p>

    <p class='ocr_par' dir='ltr' id='par_1_13' title="bbox 1602 4279 2508 4372">
     <span class='ocr_line' id='line_1_104' title="bbox 1602 4279 2508 4372; baseline -0.01 -12"><span class='ocrx_word' id='word_1_548' title='bbox 1602 4311 1623 4340; x_wconf 71' lang='lat'>²</span> <span class='ocrx_word' id='word_1_549' title='bbox 1659 4312 1708 4360; x_wconf 94' lang='lat' dir='ltr'>O</span> <span class='ocrx_word' id='word_1_550' title='bbox 1731 4310 1862 4359; x_wconf 86' lang='lat' dir='ltr'><strong>bone</strong></span> <span class='ocrx_word' id='word_1_551' title='bbox 1882 4279 2309 4372; x_wconf 75' lang='lat' dir='ltr'><strong>Jfiu..13.prima</strong></span> <span class='ocrx_word' id='word_1_552' title='bbox 2333 4319 2508 4352; x_wconf 79' lang='lat' dir='ltr'><strong>manu.</strong></span> 
     </span>
    </p>

    <p class='ocr_par' dir='ltr' id='par_1_14' title="bbox 1589 4368 2703 4558">
     <span class='ocr_line' id='line_1_105' title="bbox 1591 4368 2630 4435; baseline -0.008 -10"><span class='ocrx_word' id='word_1_553' title='bbox 1591 4378 1630 4408; x_wconf 79' lang='lat'><strong>¹·</strong></span> <span class='ocrx_word' id='word_1_554' title='bbox 1663 4374 1897 4425; x_wconf 83' lang='lat' dir='ltr'><strong>recessit:</strong></span> <span class='ocrx_word' id='word_1_555' title='bbox 1935 4373 1993 4423; x_wconf 91' lang='lat' dir='ltr'><strong>L.</strong></span> <span class='ocrx_word' id='word_1_556' title='bbox 2169 4372 2204 4403; x_wconf 87' lang='lat'><strong>&#39;¹</strong></span> <span class='ocrx_word' id='word_1_557' title='bbox 2238 4369 2497 4435; x_wconf 75' lang='lat' dir='ltr'><strong>dupplioat</strong></span> <span class='ocrx_word' id='word_1_558' title='bbox 2523 4386 2534 4417; x_wconf 87' lang='lat'>=</span> <span class='ocrx_word' id='word_1_559' title='bbox 2572 4368 2630 4418; x_wconf 92' lang='lat' dir='ltr'><strong>L.</strong></span> 
     </span>
     <span class='ocr_line' id='line_1_106' title="bbox 1589 4436 2703 4501; baseline -0.007 -10"><span class='ocrx_word' id='word_1_560' title='bbox 1589 4444 1628 4473; x_wconf 86' lang='lat'><strong>¹²</strong></span> <span class='ocrx_word' id='word_1_561' title='bbox 1659 4440 2045 4491; x_wconf 85' lang='lat' dir='ltr'><strong>habundancia.</strong></span> <span class='ocrx_word' id='word_1_562' title='bbox 2071 4438 2154 4499; x_wconf 90' lang='lat' dir='ltr'><strong>L.,</strong></span> <span class='ocrx_word' id='word_1_563' title='bbox 2174 4444 2222 4487; x_wconf 89' lang='lat' dir='ltr'><strong>et</strong></span> <span class='ocrx_word' id='word_1_564' title='bbox 2247 4438 2306 4487; x_wconf 89' lang='lat' dir='ltr'><strong>B.</strong></span> <span class='ocrx_word' id='word_1_565' title='bbox 2326 4436 2503 4501; x_wconf 68' lang='lat' dir='ltr'><strong>prima</strong></span> <span class='ocrx_word' id='word_1_566' title='bbox 2526 4448 2703 4484; x_wconf 76' lang='lat' dir='ltr'><strong>manu.</strong></span> 
     </span>
     <span class='ocr_line' id='line_1_107' title="bbox 1589 4506 2026 4558; baseline -0.009 1"><span class='ocrx_word' id='word_1_567' title='bbox 1589 4510 1626 4539; x_wconf 86' lang='lat'><strong>¹³</strong></span> <span class='ocrx_word' id='word_1_568' title='bbox 1659 4506 1928 4558; x_wconf 87' lang='lat' dir='ltr'><strong>sollicitus:</strong></span> <span class='ocrx_word' id='word_1_569' title='bbox 1967 4506 2026 4556; x_wconf 92' lang='lat' dir='ltr'><strong>L.</strong></span> 
     </span>
    </p>
   </div>
  </div>
 </body>
</html>
