3117 4959
350 1271 357 1278 ’
453 1275 614 1340 nihil
663 1276 729 1338 in
776 1295 883 1337 me
929 1274 1193 1337 dubites
1238 1271 1389 1336 filia.

1475 263 1583 319 IN
1623 263 1894 321 FESYO

968 373 1114 430 189

444 503 646 568 quam
701 482 790 546 ab
850 481 1219 545 intentione
1278 479 1641 544 christiana

446 592 635 636 mens
666 570 855 634 istius
902 569 1119 652 puelle
1165 569 1419 651 posset¹
1456 589 1647 631 revo-

446 661 597 724 cari.
710 659 903 722 Tunc
964 659 1167 721 iratus
1220 657 1644 739 quintianus:

442 747 641 831 jussit
737 755 1035 810 sanctam
1142 746 1466 828 virginem
1577 746 1644 806 in

450 835 715 900 eculeo²
774 833 1131 916 suspendi:
1194 842 1263 896 et
1310 834 1377 896 in
1434 852 1648 896 mam-

453 924 636 988 milla
668 923 957 1004 torqueri
983 943 997 985 :
1045 929 1111 984 et
1131 929 1375 984 tortam
1397 921 1648 984 diutius

446 1011 646 1096 jussit
690 1010 959 1074 abscidi.
1036 1010 1153 1072 Re.
1237 1008 1406 1091 Quis
1436 1029 1508 1071 es
1538 1018 1649 1073 tu:

454 1100 567 1182 qui
598 1099 835 1162 venisti
869 1099 953 1160 ad
990 1117 1095 1160 me
1127 1117 1353 1160 curare
1376 1097 1650 1160 vulnera

456 1187 650 1251 mea?
675 1207 803 1269 ego
826 1206 971 1249 sum
994 1185 1335 1267 apostolus
1361 1185 1608 1249 Christi
1633 1204 1650 1247 ε

1493 1273 1651 1354 Ipse

458 1385 566 1428 me
598 1363 778 1427 misit
810 1363 892 1426 ad
928 1371 1011 1425 te.
1105 1360 1325 1443 Quem
1350 1360 1650 1423 dilexisti

458 1461 681 1516 mente
732 1459 801 1514 et
854 1470 1019 1533 puro
1064 1450 1279 1513 corde.
1372 1465 1419 1534 y
1469 1449 1648 1511 Nam

457 1549 526 1604 et
586 1559 714 1622 ego
762 1538 1102 1620 apostolus
1152 1538 1294 1617 ejus
1345 1557 1534 1600 sum:
1583 1544 1652 1599 et

458 1630 611 1692 novi
650 1627 1063 1691 medicinam.
1158 1625 1331 1707 Ipse.
1423 1623 1652 1688 Gloria

457 1716 646 1798 patri.
739 1715 977 1798 Quem.
1067 1713 1151 1775 In
1195 1713 1465 1776 secundo
1494 1720 1648 1775 noct.

456 1813 563 1868 aii.
652 1803 919 1866 Ancilla
968 1802 1212 1866 Christi
1262 1821 1449 1864 sum:
1498 1801 1652 1863 ideo

458 1912 566 1955 me
599 1891 882 1954 ostendo
927 1890 1227 1953 servilem
1277 1909 1651 1972 personam.

442 1989 545 2062 pf.
660 1979 1017 2043 Eructavit.
1125 1979 1257 2041 Αῆ.
1371 1977 1653 2042 Summa

459 2067 833 2148 ingenuitas
884 2067 1010 2130 ista
1050 2076 1151 2129 est
1183 2066 1249 2128 in
1282 2084 1417 2147 qua
1451 2065 1655 2128 servi-

460 2166 567 2219 tus
641 2154 883 2220 Christi
960 2155 1444 2236 comprobatur.
1551 2162 1654 2234 pf.

463 2243 649 2308 Deus
740 2252 967 2305 noster
1046 2241 1387 2322 refugium.
1519 2243 1654 2304 Ar‘i.

460 2330 738 2413 Agatha
798 2339 1030 2393 sancta
1088 2331 1305 2394 dixit:
1375 2330 1429 2392 si
1484 2329 1655 2392 feras

462 2419 624 2482 mihi
678 2419 1067 2502 promittas:
1127 2419 1356 2482 audito
1408 2418 1654 2483 Christi

461 2508 731 2570 nomine
763 2515 1245 2570 mansuescunt.
1311 2515 1411 2587 pf.
1478 2507 1656 2569 Fun-

462 2597 793 2660 damenta.
872 2613 919 2682 y
952 2593 1189 2676 Specie
1218 2603 1351 2658 tua.
1416 2595 1493 2658 L.
1527 2594 1654 2676 iiij.

461 2683 831 2817 Agatha
889 2704 1045 2747 vero
1099 2685 1273 2747 dixit
1321 2683 1406 2745 ad
1461 2684 1656 2764 quin-

628 2774 899 2837 tianum.
995 2772 1209 2853 Impie
1258 2770 1539 2835 crudelis
1588 2780 1657 2835 et

463 2862 605 2924 dire
656 2871 975 2942 tyranne:
1030 2880 1160 2922 non
1217 2880 1288 2924 es
1341 2860 1656 2923 confusus

463 2949 589 3013 hoc
639 2959 984 3032 amputare
1033 2950 1097 3011 in
1136 2948 1425 3012 semina:
1472 2948 1653 3031 quod

466 3039 701 3120 ipsein
744 3048 951 3101 matre
998 3037 1253 3100 suxisti.
1347 3036 1480 3101 Sed
1529 3057 1657 3117 ego

464 3128 733 3208 quidem
784 3125 1000 3190 habeo
1046 3125 1443 3188 mammillas
1492 3126 1659 3188 inte-

462 3235 617 3297 gras
691 3217 755 3278 in
835 3216 1057 3277 anima
1134 3234 1332 3278 mea:
1416 3214 1658 3295 quibus

467 3305 727 3365 enutrio
800 3323 1034 3365 omnes
1116 3321 1349 3365 sensus
1428 3321 1656 3365 meos:

466 3412 633 3473 quas
664 3393 749 3454 ab
787 3390 1065 3452 infantia
1109 3391 1383 3453 domino
1430 3410 1658 3453 conse-

466 3479 657 3542 cravi.
707 3479 1109 3561 Quintianus
1127 3497 1282 3540 vero
1304 3478 1655 3559 proconsul

466 3570 737 3630 mittens
812 3574 1111 3629 sanctam
1190 3567 1510 3646 virginem
1591 3567 1655 3630 in

464 3675 830 3719 carcerem:
907 3654 1236 3736 precepit:
1304 3665 1379 3717 ut
1440 3655 1658 3718 nullus

464 3745 871 3808 medicorum
954 3744 1038 3806 ad
1134 3762 1281 3805 eam
1378 3745 1656 3806 sanandi

464 3833 679 3916 gratia
725 3832 1033 3895 intraret:
1081 3851 1296 3914 neque
1343 3831 1565 3895 cibum
1597 3833 1657 3895 ei

464 3924 815 4005 quisquam
847 3920 950 3984 vel
976 3930 1209 4000 potum
1238 3921 1657 3985 ministraret.

460 4013 575 4075 Re.
690 4011 841 4092 Ipse
914 4031 1021 4072 me
1083 4011 1473 4073 coronavit:
1539 4013 1652 4091 qui

459 4121 577 4184 per
622 4099 999 4181 apostolum
1043 4109 1303 4182 petrum
1338 4099 1401 4162 in
1436 4109 1654 4162 custo-

459 4190 569 4252 dia
596 4209 703 4252 me
722 4189 1117 4252 confortavit
1142 4209 1155 4251 ε
1190 4209 1307 4271 pro
1329 4209 1409 4251 eo
1431 4188 1609 4272 quod
1639 4209 1652 4251 :

457 4277 653 4360 Jussa
714 4297 859 4339 sum
922 4279 1236 4360 suspendi
1300 4279 1365 4342 in
1422 4276 1654 4340 eculeo

492 4415 507 4444 ¹
532 4412 711 4478 possit:
737 4411 799 4461 G.

908 4429 1055 4480 posse
1079 4433 1093 4464 ε
1128 4414 1183 4465 S.

518 4477 745 4545 ⁴Agatha
763 4497 775 4528 :
813 4479 875 4531 G.

1454 4414 1476 4445 ²
1508 4415 1760 4478 equuleo:
1795 4416 1920 4467 G.S.

1450 4483 1473 4514 ⁸
1508 4482 1740 4534 omnibus
1769 4501 1778 4534 :
1815 4485 1897 4535 W.

2261 373 2408 429 190
2465 371 2474 383 '

1743 489 2018 565 propter
2063 481 2266 544 fidem
2319 480 2648 545 castitatis
2703 477 2952 560 adjuva

1747 590 1855 633 me
1885 571 2156 634 domine
2187 571 2352 632 deus
2385 589 2574 632 meus
2600 571 2667 631 in
2694 577 2954 631 tortura

1747 659 2266 721 mammillarum
2321 677 2635 720 mearum.
2729 672 2780 742 γ
2835 656 2950 718 Vi-

1745 746 1902 808 disti
1928 747 2199 809 domine
2220 765 2506 827 agonem
2532 764 2762 807 meum
2787 763 2952 824 quo-

1747 835 1909 897 tidie
1940 835 2233 916 pugnavi
2257 835 2324 896 in
2357 835 2616 896 stadio:
2649 833 2770 895 sed
2795 832 2948 913 quia

1747 923 1930 986 nolui
1991 922 2265 986 obedire
2327 921 2662 985 mandatis
2712 919 2950 1002 princi-

1749 1030 1927 1093 pum.
2017 1011 2214 1092 Jussa
2243 1030 2408 1073 sum.
2641 1007 2864 1071 Lectio
2891 1029 2947 1070 v.

1761 1100 1997 1232 Cum
2061 1099 2264 1180 igitur
2321 1098 2520 1162 beata
2579 1095 2832 1179 agatha
2885 1096 2949 1158 in

1880 1207 2142 1250 carcere
2191 1187 2422 1250 fuisset
2477 1186 2731 1249 inclusa
2781 1185 2956 1247 circa

1751 1274 2044 1337 mediam
2105 1283 2372 1337 noctem
2433 1274 2616 1336 venit
2675 1273 2952 1354 quidam

1751 1383 2004 1426 senex:
2053 1383 2255 1445 quem
2301 1361 2747 1424 antecedebat
2792 1381 2958 1442 puer

1751 1451 2019 1513 luminis
2078 1451 2362 1532 portitor
2416 1449 2635 1512 ferens
2693 1449 2960 1512 diversa

1753 1539 2198 1603 medicamina
2257 1538 2326 1601 in
2388 1557 2589 1602 manu
2651 1551 2810 1600 sua:
2889 1545 2962 1600 et

1750 1626 1930 1690 dixit
1978 1626 2064 1690 ad
2117 1645 2286 1690 eam.
2381 1625 2570 1688 Licet
2623 1625 2842 1687 enim³
2889 1634 2960 1688 te

1752 1715 1976 1777 nimiis
2021 1713 2473 1796 corporalibus
2515 1714 2703 1796 penis
2735 1711 2958 1776 afflix-

1752 1804 1913 1866 isset
1957 1803 2384 1885 quintianus:
2431 1811 2502 1865 tu
2537 1821 2692 1864 eum
2739 1802 2962 1883 gravi-

1753 1891 1978 1954 oribus
2038 1891 2382 1973 suppliciis
2435 1889 2803 1953 astrinxisti
2861 1910 2962 1952 re·

1754 1978 2221 2061 sponsionibus
2274 1980 2420 2042 tuiS.
2534 1978 2672 2043 Sed
2728 1987 2959 2041 tamen

1756 2068 1914 2149 quia
1991 2067 2080 2129 ibi
2151 2086 2333 2129 eram
2393 2087 2529 2149 qua
2591 2065 2766 2129 hora
2831 2067 2960 2129 hoe

1756 2154 2116 2239 patiebaris
2140 2176 2155 2218 :
2201 2155 2615 2218 consideravi
2639 2155 2820 2234 quod
2843 2165 2962 2217 tua

1759 2243 2125 2307 mammilla
2155 2244 2512 2306 sanitatem
2537 2252 2763 2325 potest
2796 2243 2964 2305 acci-

1757 2351 1930 2415 pere.
2021 2333 2139 2396 Re.
2229 2331 2576 2413 Agathes⁴
2645 2331 2964 2393 letissime

1758 2430 1826 2484 et
1855 2419 2269 2502 gratulanter
2314 2420 2454 2482 ibat
2491 2420 2578 2483 ad
2611 2439 2961 2482 carcerem.

1759 2510 1851 2573 Et
1884 2508 2072 2592 quasi
2106 2509 2189 2571 ad
2223 2507 2457 2590 epulas
2488 2508 2772 2570 invitata
2806 2528 2961 2589 ago-

1757 2618 1909 2662 nem
2001 2617 2196 2660 suum
2288 2596 2564 2660 domino
2655 2596 2966 2677 precibus

1756 2685 2293 2750 commendabat.
2398 2700 2444 2769 y
2508 2683 2964 2748 Nobilissimis

1756 2785 1901 2838 orta
1951 2774 2281 2837 natalibus
2330 2773 2418 2836 ab
2471 2771 2749 2854 ignobili
2801 2793 2966 2854 gau-

1755 2865 1921 2926 dens
1995 2862 2384 2926 trahebatur
2449 2860 2536 2924 ad
2611 2881 2964 2925 carcerem.

1761 2951 1850 3014 Et
1883 2953 2088 3033 quasi.
2515 2949 2738 3013 Lectio
2767 2960 2966 3013 sexta.

1777 3041 2052 3171 Tunc
2083 3049 2315 3103 sancta
2333 3037 2582 3120 agatha
2603 3039 2968 3120 respondit.

1923 3128 2288 3210 Nunquam
2335 3126 2594 3209 corpori
2641 3147 2799 3189 meo
2833 3147 2972 3188 me-

1757 3215 2092 3280 dicamina
2152 3217 2239 3282 ab
2309 3216 2730 3279 hominibus³
2793 3215 2972 3278 facta

1759 3305 2085 3368 accedunt
2109 3325 2123 3368 :
2149 3305 2305 3385 quia
2325 3305 2724 3367 salvatorem
2747 3303 2972 3366 habeo

1759 3393 2104 3456 dominum
2149 3393 2382 3474 jesum
2417 3391 2802 3458 Christum:
2851 3393 2970 3474 qui

1759 3481 1902 3543 solo
1933 3501 2236 3546 sermone
2283 3489 2608 3545 restaurat
2640 3480 2970 3544 universa.

1765 3569 1896 3632 Hic
1946 3571 1998 3632 si
2045 3569 2231 3634 vult:
2279 3577 2500 3652 potest
2549 3589 2658 3631 me
2707 3567 2970 3631 salvam

1761 3657 1988 3721 facere.
2082 3658 2272 3721 Tunc
2305 3658 2525 3721 senior
2568 3657 2973 3720 subridens:

1759 3747 1936 3809 dixit
1988 3747 2076 3810 Et
2128 3767 2234 3810 me
2285 3747 2426 3830 ipse
2476 3745 2657 3808 misit
2711 3747 2800 3810 ad
2857 3755 2973 3810 te:

1762 3853 1915 3897 nam
1949 3845 2016 3898 et
2049 3857 2178 3916 ego
2208 3834 2550 3917 apostolus
2597 3834 2744 3917 ejus
2779 3853 2974 3896 sum:

1761 3932 1828 3986 et
1876 3925 1940 3986 in
1995 3926 2262 3986 nomine
2311 3923 2455 4003 ejus
2491 3923 2662 3987 scias
2709 3931 2782 3985 te
2829 3941 2977 3985 esse

1760 4011 2132 4077 salvatam.⁶
2195 4012 2285 4074 Et
2309 4031 2459 4074 cum
2485 4011 2610 4073 hoc
2644 4011 2977 4074 dixisset:

1759 4101 1844 4164 ab
1865 4101 2070 4164 oculis
2091 4100 2148 4181 ej
2159 4121 2234 4163 us
2254 4099 2552 4162 sublatus
2573 4107 2678 4161 est
2701 4121 2716 4162 :
2737 4109 2811 4162 et
2831 4119 2976 4161 om·

1759 4191 1869 4253 nia
1921 4191 2220 4253 membra
2265 4188 2408 4270 ejus
2457 4187 2718 4250 salvata
2776 4197 2972 4250 sunt:

1759 4288 1826 4341 et
1906 4287 2274 4343 restaurata
2355 4285 2499 4339 erat
2597 4275 2975 4339 mammilla
3013 4277 3022 4282 ’

2245 4416 2266 4445 ⁸
2298 4427 2390 4478 pro
2421 4412 2586 4461 ‘enim
2605 4411 2620 4436 '
2643 4411 2794 4477 virgo
2821 4431 2836 4464 z
2869 4411 2936 4463 G.

2239 4485 2260 4512 ⁸
2293 4483 2583 4533 salvandam
2610 4499 2622 4532 :
2661 4479 2728 4531 G.
