3117 4959
928 237 989 291 S.
1044 235 1365 292 BASILIJ
1404 236 1600 294 EPIS
1605 237 1653 292 C
1651 226 1802 293 OPI.

648 345 789 402 315
893 342 899 348 ’

156 453 401 519 solatio:
444 452 525 516 ad
579 451 887 516 solatium
937 451 1149 516 san'cti
1194 471 1309 515 ve-

156 546 270 606 nit:
309 539 709 622 divulgatum
744 541 1109 604 remedium
1140 541 1311 623 peti-

152 641 297 695 tura.
349 630 471 692 Ea¹
499 630 693 711 igitur
714 629 961 692 ibidem
988 630 1055 692 in
1076 628 1307 692 fletum

152 718 450 782 resoluta:
496 717 755 799 leprosa
799 717 1003 798 pestis
1034 716 1311 799 depelli-

152 817 282 870 tur:
323 814 386 868 et
437 805 881 868 membrorum
930 805 1016 868 ad
1066 807 1312 868 sanita-

151 906 271 958 tem
299 893 641 957 resormata
660 893 1004 974 congerie:
1037 893 1121 956 ad
1156 913 1311 956 con-

144 981 379 1065 jugales
412 981 681 1045 effectus
726 981 956 1045 debito
1002 981 1314 1064 recipitur

149 1091 281 1134 cum
309 1069 557 1132 affectu.
984 1069 1199 1132 Lectio
1227 1069 1313 1152 vj.

147 1157 487 1293 Mulier
520 1157 809 1239 quedam
842 1156 1003 1220 dum
1037 1158 1105 1220 in
1136 1177 1313 1220 sero-

325 1247 461 1309 tina
511 1265 677 1309 cena
722 1244 951 1328 gulam
1009 1245 1311 1309 laxaret:

149 1343 376 1416 partem
438 1353 597 1396 rane
658 1333 833 1396 male
891 1335 1185 1415 gustavit
1225 1333 1312 1396 ‘in

149 1422 403 1504 pastillo.
469 1422 763 1485 Horrore
782 1442 938 1484 vero
962 1441 1311 1505 percussa:

150 1521 377 1593 partem
400 1511 735 1574 evomuit:
762 1519 1017 1593 partem
1045 1511 1315 1573 interius

150 1599 345 1662 invita
368 1599 735 1662 reservavit.
816 1599 1005 1662 Brevi
1041 1599 1313 1662 tandem

148 1695 419 1770 tempore
471 1687 652 1768 cepit
697 1686 909 1749 virus²
944 1688 1113 1749 vires
1162 1707 1315 1750 suas

148 1795 252 1857 per
302 1785 477 1838 artus
550 1774 975 1839 diffundere:
1050 1775 1167 1838 et³
1232 1774 1317 1838 ab

146 1863 350 1927 officiis
395 1863 529 1926 suis
594 1863 894 1926 membra
952 1864 1318 1946 suspendit.

150 1951 257 2014 Illa
324 1973 475 2016 vero
552 1952 641 2015 ad
718 1952 931 2015 sancti
1007 1951 1317 2034 reliquias

146 2059 322 2102 manu
381 2039 669 2104 maritali
735 2039 1008 2104 delata:
1068 2042 1319 2103 viscera

144 2128 297 2190 virus
352 2148 470 2210 per
538 2130 672 2191 oris
747 2130 992 2191 ostium
1069 2129 1321 2192 effude-

144 2226 291 2281 runt.
410 2217 573 2279 Tres
626 2215 849 2279 ultime
900 2215 1189 2279 lectiones
1244 2215 1327 2278 de

144 2304 497 2384 expositione
618 2304 952 2386 marg-elii.
1092 2305 1324 2368 Homo

143 2393 389 2474 quidam
445 2393 693 2458 nobilis
744 2409 1033 2476 peregre.
1124 2401 1201 2456 ut
1252 2392 1323 2456 in

140 2480 243 2544 die.

146 2573 199 2645 ΙΙ
243 2568 469 2633 Sancti
493 2568 749 2632 Basilii
772 2568 1047 2651 episcopi.
1105 2568 1323 2632 Lectio

140 2659 230 2787 J
229 2659 399 2738 gitur
464 2658 629 2720 dum
702 2666 971 2720 sanctus
1046 2656 1321 2741 [prima.

230 2745 491 2809 basilius
554 2746 1042 2828 baptizaretur:
1103 2746 1170 2808 in
1226 2746 1324 2827 ig-

142 2833 229 2895 nis
249 2833 500 2916 fulgore
529 2833 848 2897 columba
880 2834 945 2897 in
971 2833 1321 2914 jordanem

141 2921 512 2986 descendit:
592 2937 662 2986 et
725 2921 1001 2986 turbans
1076 2941 1319 3004 aquam

141 3010 215 3071 ad
242 3010 450 3074 celum
472 3011 815 3074 revolavit.
906 3011 1323 3074 Transeunte

141 3117 278 3160 vero
323 3107 669 3182 tempore:
718 3099 875 3180 'ipse
930 3098 1200 3162 basilius
1254 3098 1321 3161 in

140 3205 379 3250 cesarea
427 3188 781 3250 ordinatus
812 3195 913 3250 est
954 3187 1320 3269 episcopus,

142 3273 435 3355 Quodam
469 3285 776 3358 ternpore
826 3275 985 3339 dum
1031 3274 1322 3356 julianus

140 3372 425 3443 apostata
473 3364 795 3428 adversus
836 3383 1061 3446 persas
1091 3383 1322 3446 perge-

140 3459 260 3514 ret:
289 3462 560 3516 sanctus
584 3451 857 3515 basilius
889 3451 947 3515 ei
981 3472 1101 3534 pro
1124 3452 1326 3514 bene-

138 3536 410 3604 dictione
485 3549 627 3603 tres
700 3560 907 3622 panes
968 3540 1325 3603 ordeaceos

138 3625 377 3692 obtulit.
470 3628 669 3693 Tunc
722 3629 1082 3711 imperator
1129 3629 1324 3708 jussit

138 3716 417 3800 accipere
480 3737 733 3800 panes:
804 3725 871 3779 et
934 3715 1207 3779 reddere
1266 3716 1325 3778 ei

138 3801 365 3871 senum.
478 3804 685 3888 Quod
748 3803 860 3868 ille
920 3804 1327 3886 suspiciens⁴

139 3891 339 3958 dixit:
388 3893 538 3957 Nos
572 3893 841 3975 quidem
884 3913 927 3955 o
970 3893 1329 3974 imperator

138 3997 217 4040 ex
301 3983 552 4063 quibus
646 3981 1111 4046 comedimus:
1205 3980 1326 4044 tibi

138 4065 545 4134 obtulimus:
617 4079 689 4132 tu
752 4077 977 4132 autem
1042 4089 1129 4130 ex
1185 4069 1328 4150 qui-

138 4153 251 4218 bus
300 4157 779 4222 irrationabilia
834 4156 1041 4220 nutris
1090 4157 1329 4220 dedisti

140 4243 333 4309 nobis

414 4382 429 4412 ¹
470 4380 577 4431 Et:
614 4379 753 4432 R.N.

500 4450 521 4478 ⁴
554 4447 857 4512 suscipiens:
896 4445 1096 4497 R.N.S.

270 4527 429 4582 vol..
482 4528 557 4580 11.

1019 4244 1233 4309 Lectio
1264 4245 1331 4329 is.

1262 4381 1282 4409 ²
1318 4379 1505 4429 virtus:
1545 4377 1609 4428 R.

1941 345 2080 402 816

1579 469 1706 513 unc
1783 449 1989 514 iratus
2057 451 2350 531 julianus
2433 454 2610 518 dixit

1578 538 1910 621 episcopo,
2025 539 2318 624 Quando
2399 543 2612 606 vietor

1412 647 1709 690 reversus
1757 628 1980 691 fuero:
2029 629 2364 692 civitatem
2420 640 2606 694 tuam

1410 714 1748 779 desolabo,
1827 715 2016 778 Tunc
2063 727 2331 781 sanctus
2384 719 2610 783 basili-

1411 823 1489 866 us
1534 803 1914 866 triduanum
1963 804 2208 868 indixit
2263 805 2609 887 jejunium.

1414 892 1738 974 Viditque
1760 893 1824 954 in
1845 893 2096 956 somnis
2116 893 2610 960 multitudinem

1416 979 1676 1044 celestis
1703 980 1933 1043 militie
1955 990 2022 1044 et
2042 981 2310 1045 beatam
2332 984 2609 1046 mariam

1414 1069 1480 1130 in
1515 1069 1738 1130 medio
1769 1088 1997 1132 eorum
2029 1070 2378 1134 dicentem.
2471 1073 2610 1136 Vo-

1412 1165 1561 1220 cate
1594 1155 1755 1219 mihi
1795 1159 2189 1220 mercurium
2218 1179 2234 1222 :
2281 1167 2349 1222 et
2380 1170 2614 1242 pergat

1416 1243 1782 1308 interficere
1822 1245 2168 1326 julianum.
2273 1247 2614 1330 Evigilans

1416 1342 1688 1396 sanctus
1766 1333 2034 1396 basilius
2122 1337 2415 1416 perrexit
2501 1337 2614 1400 ubi

1416 1441 1602 1484 arma
1655 1422 1865 1484 sancti
1922 1424 2220 1485 mercurii
2270 1443 2614 1487 conserva-

1416 1507 1678 1574 bantur.
1771 1509 2076 1592 Cumque
2129 1530 2314 1574 arma
2363 1512 2610 1576 ibidem

1416 1617 1551 1660 non
1631 1598 1980 1675 reperisset
2015 1619 2030 1661 :
2105 1599 2290 1661 omni
2363 1601 2614 1683 populo

1418 1684 1946 1748 intersectionem
2044 1686 2280 1766 juliani
2377 1690 2616 1752 retulit.

1422 1774 1686 1836 Deinde
1731 1793 1883 1836 cum
1935 1775 2244 1838 omnibus
2277 1795 2615 1841 reversus:

1419 1862 1673 1925 invenit
1711 1861 2010 1925 lanceam
2056 1864 2266 1926 sancti
2315 1865 2617 1929 mercurii

1419 1951 1742 2031 sanguine
1805 1951 2190 2014 madidam:
2260 1952 2618 2017 dederunt-

1419 2059 1550 2121 que
1582 2058 1816 2101 omnes
1848 2038 1976 2102 deo
2008 2038 2292 2104 laudem.
2346 2041 2486 2106 Lec.
2522 2041 2616 2124 izj.

1419 2129 1755 2260 Beatus
1785 2147 1942 2190 vero
1973 2127 2181 2190 abbas
2227 2129 2455 2192 effrem
2503 2150 2618 2193 au-

1567 2215 1756 2278 diens
1831 2224 2062 2279 sancta
2135 2236 2337 2298 opera
2403 2218 2618 2281 basilii

1422 2303 1714 2386 episcopi
1752 2324 1766 2367 :
1871 2303 2255 2386 postulabat
2347 2305 2617 2370 revelari

1423 2392 1546 2454 sibi
1580 2391 1796 2474 qualis
1823 2401 1998 2454 esset
2024 2411 2304 2474 magnus
2328 2394 2617 2460 basilius,

1427 2480 1582 2562 Ipse
1637 2499 1794 2562 ergo
1843 2479 1909 2542 in
1971 2482 2190 2544 extasi
2244 2482 2457 2545 sactus
2510 2503 2619 2546 co,-

1424 2567 1720 2630 lumnam
1755 2568 1924 2649 ignis
1955 2569 2160 2632 vidit:
2206 2570 2394 2652 cujus
2419 2581 2622 2653 caput

1424 2656 1847 2738 pertingebat
1906 2657 1990 2718 ad
2051 2657 2316 2720 celum:
2391 2668 2460 2722 et
2535 2660 2621 2723 de

1424 2745 1658 2826 super³
1693 2763 1924 2808 vocem
1971 2744 2303 2809 dicentem
2351 2747 2622 2812 audivit.

1428 2831 1680 2896 Effrem
1731 2832 2004 2895 effrem:
2051 2834 2619 2914 quemadmodum

1423 2921 1647 2984 vidisti
1707 2919 2088 2983 columnam
2152 2921 2349 2984 istam
2405 2923 2618 3004 ignis:

1425 3008 1578 3072 talis
1609 3017 1710 3070 est
1756 3027 2038 3089 magnus
2084 3007 2372 3073 basilius.
2467 3011 2621 3093 Ipse

1424 3116 1582 3160 vero
1599 3095 1686 3158 ad
1709 3104 1929 3177 patres
1947 3115 2101 3159 suos
2123 3107 2224 3160 est
2241 3099 2620 3180 appositus:

1425 3184 1624 3248 fidem
1661 3183 1852 3247 nobis
1885 3203 2198 3265 magnam
2246 3185 2622 3269 relinquens

1425 3275 1491 3336 in
1560 3273 1880 3336 domino:
1957 3273 2061 3336 cui
2121 3283 2224 3337 est
2282 3273 2494 3338 honor
2555 3286 2624 3340 et

1424 3361 1628 3444 gloria
1667 3360 1734 3424 in
1765 3359 1986 3424 secula
2009 3361 2378 3426 seculorum
2404 3385 2619 3430 amen.

1431 3450 1652 3516 Cetera
1680 3448 1760 3512 de
1787 3450 2113 3514 communi
2154 3451 2351 3516 unius
2379 3454 2622 3536 corffes-

1424 3537 1594 3601 soris
1623 3547 1684 3601 et
1695 3537 2041 3621 pontifices.

1431 3631 1495 3705 (I
1569 3625 1655 3690 In
1735 3635 1960 3689 octava
2038 3627 2252 3690 sancti
2335 3629 2626 3694 wilelmi.

1431 3719 1495 3793 (I
1576 3713 1631 3778 S
1635 3713 1664 3777 i
1738 3725 1922 3777 extra
2006 3725 2266 3779 octavas
2349 3717 2630 3800 corporis

1436 3801 1688 3868 Christi
1741 3805 2034 3868 evenerit.
2139 3804 2267 3868 Ad
2311 3817 2471 3887 vesp.
2516 3815 2622 3869 aii.

1431 3890 1670 3955 Claudi
1693 3892 1850 3955 recti
1871 3900 1932 3955 et
1947 3901 2138 3955 cetere
2151 3901 2288 3956 arie.
2310 3903 2630 3973 sequentes

1428 3999 1574 4043 cum
1591 3979 1876 4061 psalmis
1890 3979 2266 4061 ferialibus.
2365 3980 2628 4062 Capitu-

1430 4069 1570 4131 lum
1635 4067 1810 4131 Ecce
1881 4067 2205 4131 sacerdos,
2303 4067 2628 4148 Hymnus.

1436 4157 1574 4220 Iste
1627 4157 1976 4220 confessor.
2071 4171 2117 4240 y
2161 4155 2456 4220 Amavit.
2548 4158 2632 4220 In

1432 4265 1656 4326 evang.
1718 4251 1825 4308 aii.
1927 4243 2156 4307 Nostri
2208 4245 2429 4326 patris,
2530 4255 2631 4328 ps'.

2111 4379 2132 4407 ⁸
2165 4386 2219 4428 ut
2245 4397 2258 4428 :
2295 4379 2349 4429 S.

1803 4447 1822 4475 ⁵
1855 4443 2100 4508 desuper:
2139 4444 2265 4495 N.S.

2326 4529 2374 4576 Y
