3117 4959
1322 247 1425 300 IN
1472 247 1520 301 C
1519 246 2059 304 ONVERSIONE

972 344 1087 400 161

435 452 569 516 Ar‘t'.
664 451 815 514 Ibat
889 451 1089 532 igitur
1161 450 1381 514 saulus
1464 449 1632 513 furia

436 540 735 604 invectus
764 562 777 602 :
811 541 1161 621 dirumque
1192 548 1339 601 toto
1363 547 1632 620 pectore

438 629 617 691 virus
649 627 951 690 efflabat:
983 636 1049 689 et
1080 636 1456 690 sanctorum
1482 645 1634 688 san-

439 717 705 797 guinem
750 716 890 777 sine
932 716 1415 777 intermissione
1456 715 1634 778 sitie-

442 803 573 866 bat.
609 819 653 889 γ
690 803 810 865 Per
841 812 1053 866 totam
1080 802 1351 882 judeam
1380 803 1635 865 insania

441 890 775 953 ferebatur
804 911 819 952 :
882 901 954 952 ut
1017 889 1259 954 Christi
1338 892 1638 952 membra

442 978 718 1040 laniaret
753 980 817 1040 in
851 979 1057 1041 terris,
1074 987 1173 1059 pf.
1220 978 1634 1040 Benedicam.

440 1067 574 1129 Αῆ.
634 1066 723 1128 Et
776 1067 995 1128 subito
1040 1065 1445 1128 circunfulsit
1484 1085 1638 1128 eum

442 1153 561 1216 lux
610 1155 694 1216 de
747 1152 927 1215 celo:
980 1163 1048 1215 et
1088 1153 1325 1216 cecidit
1382 1155 1447 1216 in
1514 1162 1641 1215 ter-

442 1261 611 1304 ram:
646 1240 939 1322 nihilque
962 1241 1246 1304 vid.bat.
1279 1258 1326 1327 γ
1358 1240 1644 1305 Audivit

440 1339 663 1392 autem
680 1351 751 1392 vc
768 1348 912 1392 cem
934 1329 1262 1391 dicentem
1278 1329 1399 1390 sibi
1426 1350 1440 1392 :
1462 1329 1643 1391 saule

444 1417 665 1481 saule:
721 1418 879 1498 quid
913 1437 1019 1479 me
1050 1417 1477 1498 persequetis
1540 1425 1642 1498 pf.

444 1505 804 1568 Eructavit.
868 1521 915 1590 γ
964 1505 1040 1566 In
1074 1524 1341 1566 omnem
1380 1515 1644 1568 terram.

430 1598 511 1669 ΙΙ
547 1593 780 1656 Sermo
811 1592 980 1655 beati
1006 1591 1287 1654 maximi
1310 1592 1588 1672 episcopi.

462 1681 996 1812 Celebritatem
1060 1681 1248 1743 hodi·
1326 1680 1570 1762 [Lectio
1578 1679 1640 1761 j.

570 1788 725 1830 erne
770 1769 899 1830 diei
946 1787 1065 1849 per
1113 1767 1488 1830 universum
1538 1788 1644 1830 or-

450 1855 604 1917 bem
655 1855 945 1918 doctoris
1006 1857 1305 1936 gentium
1354 1855 1646 1936 gloriosa

448 1942 789 2006 conversio
808 1944 1173 2006 decoravit:
1194 1944 1258 2005 in
1281 1963 1411 2023 qua
1424 1943 1644 2008 Chris-

449 2040 557 2093 tus
582 2031 889 2093 dominus
909 2030 1039 2092 fide
1060 2031 1343 2094 nominis
1361 2033 1460 2093 sui
1482 2031 1643 2093 dum

449 2119 665 2198 ipsam
689 2118 887 2180 fidem
910 2128 1409 2199 persequeretur
1427 2118 1647 2200 elegit.

330 2269 339 2284 ,
450 2205 585 2286 Qui
617 2208 778 2269 dum
812 2207 989 2268 velut
1022 2207 1374 2269 acerrimus
1429 2227 1645 2288 perse-

450 2303 641 2357 cutor
680 2292 1102 2356 christianam
1154 2303 1373 2357 vastat
1440 2295 1647 2358 eccle-

450 2383 617 2444 siam
653 2381 919 2444 inimico
946 2382 1163 2445 adhuc
1196 2382 1339 2462 ejus
1375 2383 1439 2444 in
1492 2402 1647 2464 pec-

449 2479 635 2540 tore„:
686 2470 971 2532 amicum
1026 2470 1150 2532 sibi
1201 2491 1313 2533 cor
1346 2469 1674 2552 Christus,

453 2557 719 2619 invenit.
773 2556 890 2620 Re.
955 2556 1194 2622 Saulus
1240 2557 1459 2620 adhuc
1503 2559 1646 2639 spi-

453 2664 604 2706 rans
638 2644 961 2706 minarum
1006 2654 1072 2708 et
1110 2646 1290 2708 cedis
1336 2645 1403 2708 in
1454 2646 1649 2708 disci-

452 2731 649 2814 pulos
702 2732 997 2796 domini:
1060 2733 1225 2795 abiit
1277 2733 1362 2795 ad
1412 2733 1648 2814 princi-

454 2840 608 2902 pem
628 2820 1047 2883 sacerdotum
1073 2842 1086 2884 :
1120 2830 1186 2883 et
1206 2821 1398 2902 petiit
1422 2821 1608 2884 illum
1633 2843 1648 2886 ε

459 2907 557 2972 Ut
582 2909 691 2970 ubi
725 2909 1046 2971 inveniret
1076 2907 1269 2989 hujus
1300 2909 1404 2971 vie
1435 2909 1609 2972 viros
1635 2931 1648 2972 :

452 2997 711 3058 vinctos
772 2997 1159 3077 perduceret
1235 2995 1646 3060 hierusalem.

453 3101 500 3169 γ
536 3083 685 3147 Ibat
718 3085 917 3165 igitur
954 3085 1175 3147 saulus
1222 3083 1390 3147 suria
1433 3085 1652 3147 invec-

454 3181 599 3235 tus:
632 3173 981 3253 dirumque
1014 3180 1158 3235 toto
1188 3183 1455 3254 pectore
1474 3174 1650 3236 virus

455 3259 737 3322 efflabat.
837 3260 948 3323 Ut.
1334 3261 1547 3323 Lectio
1580 3261 1648 3342 ij.

451 3347 755 3477 Dum¹
790 3347 1011 3409 saulus
1048 3349 1439 3427 temporalia
1468 3351 1650 3431 capit

610 3434 694 3496 ad
793 3432 1118 3516 supplicia
1195 3434 1647 3501 Christianos:

453 3522 597 3603 ipse
648 3531 1035 3603 perpetuam
1092 3531 1320 3604 raptus
1365 3523 1449 3586 ad
1500 3544 1648 3606 gra-

452 3611 616 3672 tiam
645 3630 657 3672 :
688 3608 903 3672 factus
935 3619 1034 3672 est
1058 3610 1278 3672 subito
1302 3620 1529 3692 pastor
1556 3633 1647 3676 ex

452 3695 611 3778 lupo
640 3717 653 3759 :
717 3717 805 3758 ex
882 3698 1175 3777 predone
1233 3709 1493 3762 custos:
1556 3721 1646 3763 ex

451 3782 643 3847 hoste
705 3783 1027 3847 defensor.

452 3891 573 3934 nec
606 3871 879 3953 paulum
914 3873 1199 3955 maligne
1222 3876 1462 3938 mentis
1493 3895 1645 3956 pro-

449 3961 671 4042 posito
723 3960 983 4040 plebem
1030 3962 1431 4026 dominicam
1498 3983 1645 4044 per-

446 4057 747 4111 secutum
775 4068 789 4109 :
822 4068 943 4111 nec
969 4049 1306 4113 Christum
1332 4051 1602 4114 latuisse
1629 4073 1642 4116 ε

446 4155 645 4217 quem
722 4136 992 4218 elegerit
1055 4138 1120 4200 in
1188 4139 1404 4221 paulo,
1524 4139 1639 4203 Re.

450 4223 603 4286 Ibat
636 4224 835 4306 igitur
857 4222 1081 4290 saulus
1106 4225 1273 4290 furia
1296 4228 1597 4291 invectus
1625 4251 1639 4290 :

2271 341 2416 396 162

1732 450 2085 532 dirumque
2131 458 2278 513 toto
2325 459 2591 532 pectore
2621 446 2800 510 virus
2850 442 2936 508 ef-

1733 537 1958 601 flabat.
2037 539 2128 602 Et
2147 547 2526 601 sanctorum
2549 537 2932 618 sanguinem

1732 627 1874 690 sine
1951 627 2432 690 intermissione
2507 624 2791 687 sitiebat.
2889 639 2932 706 γ

1736 716 1860 777 Per
1883 723 2094 777 totam
2121 714 2392 794 judeam
2413 712 2669 776 insania
2693 711 2928 774 fereba-

1734 811 1880 866 tur:
1929 812 2004 865 ut
2037 802 2280 866 Christi
2333 802 2634 864 membra
2666 799 2935 862 laniaret

1737 891 1802 953 in
1836 891 2040 953 terris,
2107 891 2194 953 Et
2225 899 2623 952 sanctorum.
2657 888 2822 950 Lect.
2843 885 2934 966 iij.

1739 981 1920 1110 H
1931 980 1989 1041 ic
2041 987 2142 1040 est
2193 978 2469 1058 paulus:
2523 977 2635 1056 qui
2693 974 2932 1038 Christi

1929 1066 2202 1128 vocibus
2263 1065 2658 1128 inclinatus:
2706 1082 2745 1125 e
2795 1061 2937 1123 celo

1742 1154 1950 1218 oculis
1997 1155 2064 1217 in
2110 1173 2181 1216 se
2217 1150 2940 1233 judaice‘infidelitatis

1745 1241 2004 1304 obtusis
2047 1242 2316 1304 videndi
2356 1241 2567 1301 aciem
2619 1257 2752 1300 non
2799 1257 2940 1318 per-

1745 1331 1949 1393 didit:
1983 1329 2097 1392 sed
2133 1329 2436 1390 mutavit.
2502 1326 2756 1388 Amisit
2787 1344 2942 1385 ocu-

1746 1418 1845 1480 los
1874 1439 1887 1479 ;
1935 1427 2002 1480 et
2036 1417 2280 1498 recepit
2311 1424 2385 1478 ut
2415 1434 2550 1477 uno
2569 1414 2942 1493 eodemque

1745 1515 2083 1586 tempore:
2145 1513 2214 1567 et
2283 1505 2350 1565 in
2433 1511 2941 1584 persequentem

1743 1594 2039 1676 cecitatis
2083 1592 2376 1654 vindicta
2407 1589 2840 1672 procederet:
2877 1597 2948 1648 et

1744 1682 2044 1744 vocantis
2076 1682 2183 1742 dei
2216 1680 2430 1761 gratia
2467 1677 2756 1740 electum
2800 1675 2942 1738 illu-

1746 1770 2042 1832 minaret.
2129 1769 2243 1831 Re.
2321 1766 2426 1828 Tu
2489 1786 2560 1828 es
2613 1785 2736 1826 vas
2777 1763 2944 1826 elec-

1744 1858 1944 1919 tionis
1965 1865 2192 1919 sancte
2212 1854 2409 1936 paule
2432 1852 2770 1935 apostole:
2801 1871 2946 1932 pre-

1744 1945 2000 2008 dicator
2060 1944 2385 2022 =veritatis
2481 1943 2546 2004 in
2639 1943 2946 2003 universo

1747 2033 2014 2096 mund0.
2061 2031 2185 2093 Per
2214 2051 2415 2113 quem
2447 2047 2682 2091 omnes
2713 2037 2946 2110 gentes

1746 2129 2199 2203 cognoverunt
2229 2119 2509 2200 gratiam
2557 2117 2685 2180 dei.
2741 2131 2784 2201 y
2838 2115 2944 2176 In-

1745 2210 2010 2270 tercede
2053 2227 2176 2290 pro
2213 2207 2406 2269 nobis
2437 2206 2521 2268 ad
2553 2205 2944 2266 dominum:

1747 2297 1860 2376 qui
1893 2305 1960 2358 te
1991 2295 2208 2376 elegit.
2275 2293 2397 2356 Per
2415 2311 2633 2374 quem.
2699 2290 2940 2354 Gloria.

1751 2385 1874 2446 Per
1933 2403 2150 2466 quern.
2227 2383 2313 2445 In
2360 2402 2430 2463 y.
2475 2390 2782 2442 nocturno
2841 2385 2939 2440 aii.

1753 2471 1953 2536 Saule
1995 2471 2218 2534 saule:
2261 2469 2420 2551 quid
2456 2488 2562 2530 me
2595 2486 2943 2549 perseque-

1749 2559 1881 2622 ris?
1924 2559 2073 2641 quis
2120 2579 2192 2621 es
2243 2557 2560 2621 domine?
2609 2575 2739 2636 ego
2801 2573 2942 2616 sum

1747 2647 1979 2728 Jesus:
2046 2665 2247 2728 quem
2329 2655 2403 2708 tu
2495 2643 2942 2725 persequeris:

1707 2769 1716 2778 ·
1750 2735 1988 2798 durum
2038 2743 2140 2798 est
2185 2733 2304 2797 tibi
2340 2741 2570 2796 contra
2601 2730 2946 2793 stimulum

1747 2823 2104 2886 calcitrare.
2189 2839 2236 2907 γ
2293 2818 2724 2886 Circunfulsit
2795 2837 2946 2880 eum

1751 2909 1872 2972 lux
1924 2911 2010 2973 de
2061 2909 2251 2972 celo:
2297 2924 2365 2972 et
2411 2907 2668 2970 audivit
2715 2925 2948 2968 vocem

1747 2999 2078 3060 dicentem
2103 2997 2243 3060 sibi.
2266 3005 2362 3077 pf.
2413 2994 2672 3059 Omnes
2696 3004 2950 3075 gentes,

1748 3087 1879 3150 Αῆ.
1961 3086 2200 3150 Saulus
2255 3093 2474 3147 autem
2523 3093 2826 3145 tremens
2879 3102 2952 3144 ac

1746 3184 2048 3256 stupens:
2079 3173 2254 3235 dixit
2273 3173 2356 3234 ad
2381 3171 2644 3252 Jesum:
2677 3171 2956 3233 domine

1749 3262 1910 3342 quid
1965 3281 2074 3324 me
2115 3262 2217 3323 vis
2265 3258 2528 3322 facere?
2576 3257 2672 3344 ait
2723 3269 2956 3320 autem

1747 3349 2057 3412 dominus
2109 3349 2191 3410 ad
2241 3367 2434 3410 eum:
2481 3365 2680 3428 surge
2727 3357 2802 3409 et
2859 3346 2956 3409 in·

1747 3437 2021 3517 gredere
2095 3437 2472 3500 civitatem:
2547 3445 2616 3497 et
2693 3435 2962 3498 dicetur

1747 3525 1866 3588 tibi
1911 3525 2070 3606 quid
2121 3534 2187 3586 te
2237 3532 2544 3604 oporteat
2588 3522 2832 3586 facere.
2913 3539 2956 3606 γ

1747 3613 1890 3676 Viri
1923 3621 2144 3675 autem
2189 3611 2322 3675 illi:
2371 3613 2484 3692 qui
2531 3611 2959 3674 comitaban-

1747 3710 1854 3763 tur
1903 3721 2052 3764 cum
2104 3720 2186 3763 eo
2246 3700 2518 3762 stabant
2571 3699 2958 3780 stupefacti.

1152 3786 1351 3850 Unde
1428 3790 1647 3870 patuit
1728 3798 1831 3870 psi
1897 3789 2161 3852 Exaudi
2192 3789 2358 3850 deus
2386 3788 2960 3868 deprecationem.

1743 3878 1874 3940 Αῆ.
1977 3875 2093 3940 Ad
2157 3896 2393 3939 manus
2453 3884 2682 3938 autem
2763 3875 2960 3938 illum

1744 3965 2124 4028 trahentes:
2218 3964 2742 4026 introduxerunt
2840 3965 2961 4027 da-

1745 4072 2085 4116 mascum:
2139 4061 2208 4115 et
2254 4061 2396 4114 erat
2450 4052 2662 4114 tribus
2713 4052 2962 4116 diebus

1742 4160 1875 4203 non
1905 4142 2171 4204 videns:
2219 4149 2288 4202 et
2329 4159 2462 4202 non
2511 4141 2960 4203 manducavit

1743 4249 1955 4310 neque
1999 4229 2182 4292 bibit.
2259 4244 2306 4313 γ
2358 4227 2665 4293 Surrexit
2723 4238 2956 4292 autem

1474 4387 1849 4448 ¹Quam2w.
