3117 4959
686 299 853 354 VIS!
856 300 911 354 T
900 300 957 354 A
968 301 1253 356 TJONJS
1296 303 1364 356 B.
1416 302 1702 358 MARJE
1731 341 1736 346 -
1757 303 2132 361 VIRGINIS.

683 407 813 459 751

142 493 394 585 salutari
420 514 571 556 meo.
658 499 709 574 Ῠ
737 496 897 573 Quia
922 498 1239 588 paraclitus
1264 517 1351 560 re-

142 585 345 651 spexit
373 574 763 636 humilitatem
806 579 1019 637 ancille
1063 597 1168 639 sue
1211 597 1355 638 ecce

146 653 319 713 enim
345 672 419 713 ex
444 654 562 713 hoc
589 656 823 716 beatam
851 674 949 716 me
984 655 1187 717 dicent
1226 675 1351 717 om-

144 751 263 792 nes
307 733 727 809 generationes
808 735 1008 794 Versus
1050 734 1167 795 Dei
1216 754 1356 812 ergo

147 810 411 888 genitrix
439 814 614 872 beata
638 813 805 890 vhgo
832 813 1015 873 maria
1054 813 1355 875 intercede

148 909 267 966 pro
284 889 474 950 nobis·
514 893 615 950 Vel
627 893 725 950 ille
736 911 965 967 sequens
979 900 1195 952 tractus
1204 893 1354 951 ἀεὶ-α-

146 977 260 1026 tur
280 971 341 1028 si
350 971 547 1045 placet.
633 972 783 1046 fsus
812 971 1036 1031 Visitan
1044 982 1103 1032 te
1120 991 1217 1030 me
1244 971 1354 1030 vir-

147 1047 297 1124 gine
326 1048 509 1107 maria
534 1048 733 1109 visitat
760 1069 871 1110 nos
900 1050 1095 1111 oriens
1124 1071 1198 1110 ex
1217 1051 1353 1109 alto.

164 1129 379 1185 Versus
398 1127 690 1188 Visitante
712 1141 771 1189 te
798 1129 1019 1206 virgine
1046 1131 1241 1188 maria.
1274 1128 1359 1188 vi-

148 1205 298 1264 sitat
336 1225 449 1266 nos
492 1209 638 1267 deus
665 1207 727 1266 in
756 1208 991 1268 salutari
1039 1227 1163 1268 suo.
1213 1210 1362 1285 ffsus

147 1285 455 1344 Visitante
499 1297 559 1344 te
606 1286 827 1363 virgine
855 1287 1039 1347 maria
1074 1286 1363 1346 visionem

148 1382 466 1440 speramus
518 1377 879 1442 perpetuam.
968 1368 1019 1443 Ῡ
1060 1364 1364 1425 Visitatrix

150 1462 301 1520 ergo
320 1453 519 1502 nostra
538 1446 631 1502 sac
648 1463 759 1504 nos
780 1454 1005 1506 tantam
1021 1445 1222 1505 vide‘re
1237 1445 1362 1521 glo-

148 1521 326 1580 riam.
382 1523 463 1580 In
489 1529 727 1599 tempore
732 1525 1015 1599 paschali.
1073 1524 1362 1600 Alleluya.

171 1601 383 1659 Versus
430 1603 626 1662 Mater
677 1603 925 1662 mirifica
982 1615 1217 1662 summa
1258 1620 1364 1677 per

146 1679 405 1756 gratiam
423 1681 585 1740 dona
611 1681 936 1758 multiplica
962 1681 1157 1742 ditans
1175 1682 1363 1740 eccle-

150 1757 311 1816 siam
347 1759 527 1818 sacris
554 1760 863 1820 virtutibus
893 1763 1105 1820 tollens
1134 1758 1361 1819 dissidi-

148 1856 277 1896 um.
311 1840 515 1898 confer
548 1840 887 1915 petentibus
920 1851 1089 1900 tuum
1116 1837 1357 1916 presidi-

150 1935 277 1974 um.
324 1918 388 1992 xj.
432 1917 723 1996 Alleluya.
786 1921 933 1996 γεω·
972 1921 1229 1994 Surgens
1256 1918 1363 1976 do·

150 1993 357 2054 minus
380 2007 438 2055 et
459 2015 775 2057 occurrens
794 1997 1140 2057 mulieribus
1155 2004 1247 2055 etc.
1282 1997 1366 2056 Ut

148 2074 394 2148 inferia
408 2077 613 2150 quinta
632 2078 927 2136 ebdomade
937 2078 1164 2152 pasche.
1204 2076 1298 2134 vel
1308 2077 1367 2134 si

136 2155 340 2228 placet
361 2157 425 2229 ij.
470 2156 757 2234 Alleluya.
802 2163 869 2214 ut
890 2157 1161 2231 sequitur.
1204 2155 1362 2214 Alle-

152 2233 315 2309 luya.
362 2236 512 2310 ysus
532 2235 781 2293 Mariam
802 2245 1067 2294 matrem.
1112 2232 1209 2294 Sic
1236 2252 1359 2292 cre-

152 2311 322 2371 ditur
346 2315 521 2389 Jesus
564 2315 863 2373 salutasse.
950 2315 1109 2372 salve
1156 2322 1362 2371 sancta

152 2409 394 2466 parem,
450 2411 585 2450 cum
637 2391 922 2469 virginem
1003 2391 1258 2452 visitavit
1324 2409 1362 2449 a

152 2471 411 2529 mortuis
437 2490 757 2548 resurgens
1035 2471 1355 2547 Sequentia.

276 2549 608 2610 elebremus
662 2551 724 2608 in
794 2551 909 2610 hac
975 2549 1074 2609 die
1141 2550 1359 2608 festum

276 2627 493 2688 domus
520 2629 785 2689 zacharie
832 2629 1105 2689 laudibus
1144 2625 1354 2689 leticie.

160 2708 651 2784 Contemplemur
676 2708 757 2768 ibi
775 2719 1011 2784 gestum
1028 2718 1089 2768 et
1108 2708 1185 2768 de
1207 2707 1359 2766 festo

148 2787 261 2844 fiat
330 2785 543 2845 festum
606 2788 731 2861 jam
798 2788 1013 2847 domus
1087 2785 1354 2846 ecclesie.

158 2866 413 2923 Thema
479 2863 603 2942 jam
685 2864 1053 2926 solennitatis
1114 2865 1357 2940 copiose

148 2942 417 3002 caritatis
482 2943 667 3020 gratia
732 2945 1021 3004 recolitur.
1162 2945 1356 3020 Quam

149 3023 463 3082 elezabeth
506 3024 681 3083 beata
708 3033 1012 3084 senectute
1038 3023 1358 3083 fecundata

147 3101 489 3176 suscepisse
554 3101 837 3163 scribitur.
957 3101 1133 3162 Orbis
1200 3111 1357 3161 totus

144 3181 475 3256 gratuletur
516 3182 699 3241 corde
726 3192 854 3241 toto
881 3191 1189 3241 veneretur
1228 3180 1358 3240 dul-

146 3261 241 3319 cis
269 3259 540 3321 visitatio.
635 3259 1003 3358 Compassivi
1030 3260 1225 3321 cordis
1253 3261 1353 3320 be-

144 3338 411 3416 nignitas
464 3341 748 3400 excessivi
802 3351 987 3401 status
1054 3339 1356 3400 humilitas

144 3437 323 3477 sacra
351 3420 699 3480 consolatio.
779 3421 861 3479 In
901 3418 1143 3479 introitu
1174 3419 1355 3479 marie

141 3497 385 3574 prolem
439 3511 687 3558 matrem
740 3498 1050 3577 prophetie
1117 3497 1355 3574 spiritus

142 3575 462 3635 illuminat.
554 3580 898 3639 confortata
935 3577 1220 3655 gemitum
1261 3597 1353 3637 ro-

142 3656 363 3716 borata
384 3655 654 3716 debiturn
674 3655 813 3716 felix
829 3677 1041 3734 parens
1058 3655 1349 3716 terminat.

144 3737 325 3810 Ergo
353 3734 486 3795 festi
514 3737 670 3795 hanc
696 3737 1017 3796 auctricem
1046 3736 1223 3795 lauda
1250 3733 1349 3795 dei

138 3812 495 3891 genitricem
525 3835 671 3892 syon
694 3834 767 3875 ex
786 3814 1124 3893 precordiis·
1176 3813 1353 3890 Quic-

142 3891 299 3970 quid
329 3892 495 3952 dicas
521 3894 601 3954 de
646 3894 905 3973 benigna
946 3895 1141 3954 minus
1190 3904 1279 3954 est
1315 3913 1353 3952 a

140 3973 331 4032 laude
360 3969 540 4048 digna
568 3973 783 4035 debitis
810 3972 1119 4050 preconiis,
1198 3974 1251 4031 V
1252 3971 1349 4032 isi-

140 4049 325 4111 tatrix
369 4049 433 4110 in
475 4053 773 4114 montanis
819 4051 1103 4114 visitatrix
1147 4049 1211 4111 in
1238 4051 1351 4112 hiis

139 4129 343 4208 planis
370 4129 451 4190 sis
477 4131 678 4192 matris
708 4133 975 4193 ecclesie.
1036 4129 1350 4191 Medicina

139 4208 470 4269 christiana
512 4212 681 4287 quod
724 4231 847 4272 non
895 4213 1051 4273 valet
1101 4209 1192 4269 vis
1240 4212 1346 4269 hu-

137 4307 327 4349 mana
369 4291 473 4348 fiat
517 4291 681 4351 dono
727 4291 927 4368 gratie.
1008 4289 1350 4350 Benedicta

138 4367 461 4428 mulierum
492 4369 673 4446 sydus
718 4370 895 4431 maris
920 4371 1123 4429 lumen
1150 4388 1354 4428 verum

138 4458 409 4508 mestum
442 4449 752 4510 consolare
797 4452 1037 4515 clerum.
1067 4449 1355 4527 populum

1971 413 2124 465 752

1454 497 1653 561 iradia-
1738 501 2080 564 Benedicto
2107 503 2326 564 ventris
2353 502 2438 563 tui
2464 505 2655 563 fructu

1456 580 1618 639 dona
1645 580 1818 640 nobis
1845 581 1954 640 frui
1982 580 2186 658 sicque
2203 583 2388 642 simus
2416 602 2652 661 semper

1456 657 1548 716 sui
1576 657 1638 718 in
1666 659 1916 735 perenni
1941 660 2141 737 gloria.
2227 662 2438 720 Amen.

1454 737 1847 814 Evangelt'um
1873 739 2176 812 secundum
2204 741 2442 800 Lucam.

1455 817 1584 921 [η
1639 815 1742 876 illo
1797 827 2067 893 tempore
2121 837 2406 896 exurgens
2472 817 2658 876 maria

1540 894 1688 954 abiit
1715 895 1778 954 in
1805 906 2089 956 montana
2115 916 2250 956 cum
2281 896 2657 957 festinatione

1456 973 1520 1033 in
1548 973 1848 1034 civitatem
1881 976 2030 1050 juda
2057 998 2070 1034 :
2112 985 2172 1035 et
2198 975 2433 1034 intravit
2459 975 2520 1034 in
2549 977 2654 1036 do-

1458 1072 1626 1112 mum
1652 1053 1914 1113 zacharie
1956 1064 2013 1113 et
2054 1053 2325 1113 salutavit
2353 1053 2654 1115 elizabeth.

1461 1133 1542 1191 Et
1578 1133 1798 1191 factum
1847 1142 1937 1192 est
1982 1143 2047 1192 ut
2089 1132 2315 1193 audivit
2361 1132 2660 1192 salutatio-

1462 1230 1602 1271 nem
1649 1210 1833 1270 marie
1877 1212 2198 1282 elezabeth,
2245 1211 2525 1272 exultavit
2569 1211 2660 1270 in-

1461 1291 1592 1349 fans
1635 1289 1698 1349 in
1743 1302 1912 1350 utero
1954 1291 2095 1365 ejus,
2185 1291 2262 1350 Et
2304 1292 2529 1367 repleta
2571 1300 2662 1350 est

1462 1367 1670 1446 spiritu
1700 1378 1908 1428 sancto
1946 1367 2251 1442 elizabeth,
2282 1380 2342 1429 et
2369 1370 2658 1428 exclama·

1462 1447 1547 1508 vit
1573 1465 1722 1507 voce
1750 1466 1966 1523 magna
1992 1458 2052 1507 et
2085 1446 2248 1507 dixit.
2334 1447 2663 1508 Benedicta

1462 1537 1530 1586 tu
1556 1526 1710 1585 inter
1749 1525 2022 1585 mulieres
2050 1537 2110 1585 et
2136 1526 2485 1587 benedictus
2512 1530 2664 1585 truc·

1464 1615 1560 1665 tus
1596 1603 1814 1664 ventris
1853 1605 1953 1664 tui.
2041 1606 2119 1664 Et
2145 1606 2306 1665 unde
2336 1607 2452 1663 hoc
2479 1604 2660 1664 michi

1463 1694 1529 1744 ut
1571 1683 1767 1743 veniat
1807 1694 1995 1742 mater
2036 1683 2264 1743 domini
2292 1682 2410 1743 mei
2435 1684 2516 1742 ad
2543 1703 2660 1743 me.

1464 1763 1626 1822 Ecce
1654 1761 1812 1822 enim
1841 1773 1906 1821 ut
1934 1763 2088 1822 facta
2115 1773 2205 1822 est
2241 1781 2359 1822 vox
2401 1762 2659 1822 salutati·

1462 1840 1598 1901 onis
1651 1851 1753 1900 tue
1795 1840 1858 1899 in
1899 1840 2140 1900 auribus
2182 1840 2331 1900 meis
2371 1840 2658 1901 exultavit

1462 1919 1523 1978 in
1569 1919 1787 1996 gaudio
1815 1919 2006 1978 infans
2043 1918 2105 1978 in
2143 1930 2311 1980 utero
2339 1936 2494 1979 meo,
2580 1920 2662 1977 Et

1459 2000 1639 2059 beata
1666 2017 1784 2075 que
1809 1997 2132 2071 credidisti,
2163 1997 2444 2088 quoniam
2487 1999 2659 2074 perfi-

1461 2077 1692 2138 cientur
1717 2077 1779 2136 in
1806 2088 1866 2137 te
1895 2096 1966 2137 ea
1993 2097 2113 2154 que
2139 2078 2300 2137 dicta
2327 2087 2463 2136 sunt
2491 2075 2597 2135 tibi
2625 2096 2662 2134 a

1462 2156 1726 2216 domino.
1813 2157 1892 2215 Et
1933 2155 2017 2216 ait
2058 2154 2242 2215 maria
2281 2155 2661 2232 Magnificat:

1460 2234 1661 2294 anima
1696 2254 1831 2294 mea
1870 2233 2217 2295 dominum:
2259 2235 2339 2293 Et
2380 2232 2660 2294 exultavit

1462 2313 1698 2390 spiritus
1745 2333 1913 2373 meus
1955 2313 2018 2372 in
2067 2314 2183 2373 deo
2227 2311 2462 2372 salutari
2502 2331 2656 2372 meo,

1469 2394 1665 2454 Credo
1719 2390 1782 2451 in
1848 2411 2033 2453 unum
2088 2394 2288 2452 deum.
2379 2392 2660 2468 Officium.

1464 2473 1592 2532 Ave
1661 2471 1844 2530 maria
1909 2470 2097 2548 gratia
2147 2473 2326 2547 plena
2379 2469 2660 2530 dominus

1461 2561 1659 2610 tecum
1691 2573 1705 2610 ε
1746 2550 2062 2611 benedicta
2103 2560 2169 2609 tu
2214 2549 2276 2608 in
2317 2547 2660 2608 mulieribus

1461 2641 1521 2690 et
1545 2628 1896 2689 benedictus
1926 2630 2146 2687 fructus
2174 2627 2393 2688 ventris
2422 2626 2521 2686 tui.
2579 2629 2662 2684 In

1458 2710 1763 2783 temporale
1770 2709 2044 2783 paschali
2067 2706 2357 2783 Alleluya.
2417 2707 2652 2766 Secreta.

1457 2785 1792 2893 Ecclesie
1845 2798 1946 2844 tue
2022 2803 2345 2862 quesumus
2413 2782 2658 2843 domine

1579 2863 1944 2924 oblationem
1989 2862 2287 2939 propicius
2327 2862 2555 2922 intuere
2597 2872 2657 2921 et

1458 2943 1866 3006 intercedente
1944 2941 2203 3018 gloriosa
2266 2940 2490 3016 virgine
2559 2941 2658 2999 dei

1456 3022 1740 3100 genitrice
1793 3020 1992 3094 maria,
2049 3017 2290 3080 unitatis
2357 3039 2430 3078 ac
2493 3017 2657 3095 pacis

1458 3102 1658 3162 eidem
1705 3119 1940 3176 semper
1981 3101 2145 3159 dona
2171 3099 2453 3158 concede.
2542 3099 2658 3156 Per

1458 3182 1717 3240 eundem
1771 3177 2084 3239 dominum
2136 3188 2401 3237 nostrum
2447 3177 2656 3252 Jesum

1459 3257 1758 3320 Christum
1787 3257 1968 3317 filium
1995 3267 2164 3316 tuum
2191 3255 2291 3332 qui
2320 3266 2534 3315 tecum.
2565 3262 2654 3312 etc.

1456 3337 1730 3413 Prq‘atio.
1795 3339 1872 3396 Et
1899 3347 1958 3396 te
1988 3335 2048 3395 in
2076 3334 2425 3394 visitatione.
2455 3371 2462 3378 -
2491 3335 2656 3393 Com-

1456 3417 1666 3476 mum'o.
1741 3417 1928 3476 Beata
1952 3413 2180 3475 viscera
2207 3412 2390 3473 marie
2417 3411 2654 3489 virginis

1457 3515 1575 3573 que
1603 3505 1981 3573 portaverunt
2023 3492 2208 3553 eterni
2241 3491 2423 3568 patris
2450 3491 2654 3550 filium.

1455 3577 1536 3634 In
1562 3582 1807 3650 tempore
1813 3573 2038 3649 pasche.
2125 3573 2414 3650 Alleluya.
2499 3571 2661 3629 Post·

1453 3655 1782 3713 communio.
2433 3649 2652 3710 Oratio.

1452 3735 1682 3840 Deus
1730 3729 1834 3808 qui
1881 3729 2182 3792 mediante
2221 3729 2397 3789 beata
2436 3725 2658 3804 virgine

1575 3810 1760 3872 maria
1785 3810 2012 3870 mundo
2041 3805 2375 3868 succurristi
2401 3805 2658 3883 perdito.

1453 3889 1638 3969 ipsius
1684 3887 1956 3966 gloriosis
1999 3885 2224 3946 meritis
2267 3895 2327 3945 et
2379 3883 2656 3961 precibus

1452 3966 1981 4031 intervenientibus
2040 3964 2311 4025 concede
2363 3963 2653 4040 placatuS.
2723 3985 2737 3998 ·

1451 4061 1520 4110 ut
1545 4049 1626 4109 ab
1652 4043 1918 4110 ecclesie,
1942 4053 2044 4103 tue
2079 4060 2261 4118 regno
2289 4039 2454 4101 omni
2485 4059 2654 4100 scan-

1451 4129 1728 4189 dalorum
1783 4120 2228 4201 perturbatione
2293 4129 2524 4179 remota
2589 4117 2654 4178 in

1450 4218 1553 4268 tua
1579 4222 1813 4282 semper
1837 4220 1987 4280 pace
2027 4198 2138 4261 tibi
2177 4197 2378 4259 debite
2406 4198 2651 4258 famule-

1452 4297 1561 4347 tur.
1648 4282 1769 4360 Qui
1812 4279 1958 4341 vivis
2003 4290 2062 4340 et
2105 4297 2316 4355 regnas
2357 4296 2493 4336 cum
2536 4276 2654 4335 deo

1458 4376 1628 4442 patre
1655 4361 1720 4422 in
1747 4360 1976 4420 unitate
2003 4357 2244 4434 spiritus
2273 4354 2462 4417 sancti
2490 4355 2644 4415 deus

1458 4448 1571 4506 Per
1589 4439 1790 4504 omnia
1808 4439 2008 4500 secula
2024 4439 2376 4498 seculorum.
2433 4437 2648 4494 Amen.
