3117 4959
1615 241 1718 296 m
1762 239 2030 297 FESTO
2952 0 3011 310 j

1116 352 1254 406 413

611 457 875 588 Tunc
951 455 1264 557 philetus·
1311 475 1429 557 per
1503 475 1782 537 puerum

748 565 940 607 suum
961 552 1298 607 nunciawt
1317 545 1577 625 jacobo,
1632 544 1785 609 Sta-

588 634 709 694 tim
757 654 914 696 vero
959 631 1303 714 apostolus
1353 632 1533 694 misit
1586 633 1785 694 suda-

590 721 758 783 rium
793 741 984 784 suum
1019 721 1104 782 ad
1130 720 1368 801 ipsum.
1460 719 1594 802 Qui
1628 739 1784 783 con-

589 809 779 870 tinuo
820 809 1031 889 jact0¹
1066 808 1332 870 sudario
1376 806 1706 870 resolutus
1741 828 1784 872 a

585 896 849 960 vinculo
880 896 1096 978 magi:
1144 915 1408 960 currens
1458 896 1643 958 venit
1694 896 1780 959 ad

580 983 902 1064 jacobum
1009 983 1334 1046 insultans
1439 983 1780 1048 maleficiis

589 1074 786 1154 magi.
881 1072 1342 1152 Hermogenes
1380 1080 1605 1134 autem
1638 1080 1779 1134 arte

588 1163 846 1242 magica
888 1181 1006 1224 sua
1052 1159 1371 1223 excitavit
1416 1159 1778 1224 demones:

585 1258 654 1310 et
717 1249 1008 1330 precepit
1068 1246 1162 1311 eis
1223 1246 1494 1310 dicens:
1546 1248 1650 1310 Ite
1710 1256 1778 1310 et

583 1335 759 1399 hunc
827 1336 1143 1419 jacobum
1219 1334 1382 1399 mihi
1465 1335 1777 1398 adducite

586 1423 781 1487 simul
841 1433 910 1488 et
969 1424 1293 1506 philetum
1377 1422 1777 1504 discipulum

494 1556 502 1564 -
584 1533 823 1576 meum.
914 1512 1276 1576 Venientes
1316 1530 1473 1573 vero
1517 1512 1631 1574 ubi
1672 1511 1774 1593 ja-

579 1601 785 1665 cobus
838 1601 1113 1664 orabat:
1177 1598 1602 1663 clamabant:
1662 1598 1776 1679 Ja-

579 1691 746 1752 cobe
808 1688 1108 1771 apostole
1167 1686 1275 1749 dei
1335 1686 1773 1769 hermogenes

583 1797 705 1840 nos
740 1777 954 1840 misit:
1005 1785 1076 1839 ut
1121 1783 1190 1838 te
1221 1784 1288 1838 et
1320 1773 1644 1856 philetum
1684 1775 1771 1838 ad

579 1866 793 1946 ipsum
859 1865 1380 1946 perduceremus,
1503 1861 1641 1927 Sed
1698 1871 1772 1926 ut

577 1953 850 2035 ingressi
881 1971 1152 2016 sumus:
1201 1949 1474 2032 angelus
1520 1951 1628 2012 dei
1672 1952 1768 2032 ig-

581 2043 724 2104 neis
799 2040 1096 2104 cathenis
1156 2039 1457 2120 religavit
1516 2058 1641 2100 nos
1702 2047 1771 2103 et

543 2203 550 2213 ,
577 2129 956 2192 cruciamur.
1267 2125 1480 2188 Lectio
1509 2136 1767 2208 quarta.

576 2217 846 2346 Dicit
905 2224 1129 2279 autem
1183 2214 1464 2297 jacobus
1512 2214 1597 2277 ad
1654 2215 1769 2278 de-

735 2307 1000 2368 mones:
1053 2303 1132 2366 In
1160 2302 1429 2366 nomine
1459 2303 1666 2383 patris
1697 2312 1765 2366 et

575 2393 688 2455 filii
720 2402 788 2455 et
819 2390 1299 2474 spiritussancti
1341 2389 1613 2454 exolvat
1645 2411 1763 2454 vos

574 2481 850 2562 angelus
909 2479 1060 2545 dei:
1137 2487 1204 2542 et
1264 2498 1398 2541 non
1462 2477 1763 2542 ledentes

573 2569 1042 2650 hermogenem
1093 2568 1209 2631 sed
1259 2567 1556 2630 vinctum
1608 2586 1759 2630 eum

553 2657 698 2722 'huc
748 2657 1108 2720 adducatis,
1202 2653 1334 2738 Qui
1382 2675 1533 2717 cum
1566 2653 1762 2718 abiis·

566 2755 716 2809 sent
764 2746 1132 2827 ligaverunt
1179 2763 1331 2806 eum
1363 2742 1447 2805 de
1477 2743 1761 2807 restibus

568 2855 804 2898 manus
834 2855 873 2897 a
905 2844 1138 2914 tergo:
1186 2839 1252 2894 et
1297 2831 1635 2894 duxerunt
1674 2832 1757 2894 ad

559 2923 894 3005 jacobum.
999 2921 1196 2984 Dixit
1271 2920 1365 2982 eis
1435 2917 1758 2999 jacobus:

569 3013 744 3075 Ecce
780 3011 1068 3094 philetus
1099 3017 1254 3071 ante
1277 3027 1395 3070 vos
1419 3015 1597 3070 stat:
1644 3026 1762 3068 cur

565 3121 696 3163 non
760 3099 998 3162 tenetis
1059 3097 1263 3160 eum?
1387 3095 1637 3158 Dicunt
1697 3093 1757 3157 ei

563 3190 925 3252 demones:
1005 3186 1160 3254 Non
1223 3203 1575 3266 possumus
1637 3201 1757 3245 nec

563 3277 906 3338 formicam
969 3273 1120 3337 lecti
1171 3267 1276 3335 ‘tui
1355 3271 1756 3352 contingere.

565 3365 656 3426 Et
705 3365 880 3426 dixit
927 3362 1206 3444 jacobus
1253 3359 1338 3422 ad
1385 3359 1754 3441 philetum:

565 3451 1027 3533 Hermogenes
1073 3449 1177 3511 te²
1221 3448 1494 3529 ligavit:
1540 3456 1614 3509 tu
1659 3447 1756 3528 ip-

559 3559 708 3602 sum
771 3539 972 3602 solve.
1064 3535 1262 3619 Quod
1341 3555 1490 3598 cum
1559 3535 1754 3597 fecis-

560 3635 700 3689 set:
747 3628 925 3691 dixit
987 3625 1045 3687 ei
1109 3622 1467 3704 apostolus,
1557 3623 1753 3686 Vade

559 3715 770 3779 liber:
815 3715 972 3797 quia
1019 3732 1152 3775 non
1200 3720 1299 3774 est
1346 3720 1571 3774 nostre
1619 3711 1753 3773 dis-

555 3804 839 3886 cipline:
887 3811 962 3866 ut
1007 3802 1248 3864 invitus
1296 3799 1530 3880 aliquis
1591 3817 1749 3862 con-

553 3903 864 3957 vertatur.
1455 3887 1671 3949 Lectio
1690 3907 1747 3952 v.

549 3983 836 4116 Dixit
900 3987 1121 4043 autem
1173 3976 1609 4057 hermogenes
1661 3975 1746 4038 ad

714 4072 726 4084 Ο

703 4070 1058 4152 jacobum:
1109 4066 1280 4129 Novi
1329 4066 1456 4127 iras
1519 4064 1750 4126 demo-

549 4180 750 4224 num:
815 4159 937 4241 ipsi
981 4177 1088 4219 me
1137 4153 1462 4218 tenebunt
1521 4159 1591 4215 et
1651 4151 1745 4214 in-

547 4247 917 4315 terficient:
977 4244 1102 4308 nisi
1149 4261 1531 4306 succursum
1586 4240 1747 4302 mihi

773 4385 788 4413 ¹
825 4389 996 4432 tacto:
1034 4378 1234 4430 R.N.S.

772 4451 793 4480 ²
825 4463 916 4513 pro
947 4446 1169 4496 ‘te’et:
1205 4444 1271 4494 N.

2410 349 2551 404 414

1886 452 2136 519 seceris,
2212 456 2395 521 Dicit
2427 455 2491 521 ei
2524 453 2841 540 apostolus.
2886 457 2967 526 Ac·

1884 543 2033 624 cipe
2066 543 2377 608 baculum
2410 545 2659 609 itineris
2690 548 2800 610 mei
2814 557 2967 612 etcum

1884 650 1968 694 eo
1998 652 2201 714 perge
2248 653 2518 698 securus
2564 635 2885 717 ubicunque
2903 659 2970 700 vo-

1883 718 2097 782 lueris.
2172 720 2331 784 Post
2363 721 2522 785 hec³
2544 731 2760 785 orante
2778 722 2973 803 jacobo:
3008 783 3010 786 Α

1882 805 2323 889 hermogenes
2400 810 2582 891 cepit
2654 811 2741 874 ita
2804 813 2857 874 in
2908 813 2973 875 dei

1882 895 2121 958 timore
2150 917 2297 959 esse
2337 897 2702 979 perfectus:
2742 910 2809 962 ut
2842 900 2976 962 etiam

1878 984 2157 1046 virtutes
2206 1004 2326 1066 per
2376 1005 2532 1048 eum
2587 985 2823 1049 fecisset
2858 988 2977 1052 deus

1880 1069 2135 1134 Videns
2188 1091 2349 1155 ergo
2404 1073 2705 1136 abiathar
2756 1075 2979 1156 pontifex

1879 1156 2354 1241 hermogenem
2387 1171 2457 1224 et
2500 1161 2805 1244 populum
2840 1164 2979 1226 credi-

1878 1247 2095 1311 disse:
2142 1249 2466 1312 excitavit
2496 1251 2863 1313 seditionem
2884 1271 2981 1332 gra·
3007 1295 3010 1318 .

1876 1333 2258 1400 vissimam:
2306 1337 2403 1400 ita
2433 1345 2511 1400 ut
2546 1337 2742 1418 josias
2770 1340 2981 1401 mitteret

1875 1421 2105 1485 sunem
2154 1424 2221 1486 in
2266 1424 2442 1489 collo
2492 1425 2671 1507 ejus:
2713 1435 2778 1488 et
2816 1426 2981 1508 perdu-

1874 1520 2054 1575 ceret
2084 1531 2237 1574 eum
2270 1512 2358 1576 ad
2382 1515 2736 1595 pretorium
2761 1513 2981 1576 herodis:
3008 1587 3010 1594 .

1874 1599 1990 1680 qui
2026 1599 2227 1682 jussit
2274 1619 2428 1664 eum
2472 1601 2789 1664 decollari.
2862 1601 2981 1666 Cun-

1854 1705 2004 1766 ·que
2051 1687 2443 1752 duceretur:
2493 1689 2817 1771 quendam
2856 1709 3010 1771 pam·

1872 1772 2149 1855 lyticum
2196 1775 2265 1838 in
2310 1777 2420 1840 via
2457 1776 2821 1859 jacentem:
2858 1776 2980 1839 etad

1871 1881 1943 1924 se
1987 1862 2433 1932 clamantem:
2480 1866 2549 1928 in
2596 1866 2845 1928 nomine
2878 1865 2979 1946 Jesu

1871 1952 2147 2016 sanavit.
2727 1953 2907 2016 Lectio
2926 1951 2980 2032 vj.
3008 1999 3010 2032 ÷

1870 2039 2061 2169 H
2068 2059 2143 2102 ec
2174 2039 2407 2103 videns
2432 2040 2677 2123 josias:
2718 2043 2824 2124 qui
2850 2059 2983 2123 apos-

2065 2127 2281 2190 tolum
2329 2129 2581 2192 traxit:
2628 2130 2799 2192 misit
2837 2148 2893 2190 se
2924 2125 2980 2190 ad

1868 2213 2071 2294 pedes
2131 2215 2419 2298 apostoli
2457 2238 2472 2280 :
2552 2226 2620 2281 et
2678 2215 3010 2299 postulabat

1868 2301 2353 2384 indulgentiam
2386 2304 2474 2367 ab
2495 2324 2595 2368 eo.
2658 2306 2835 2368 Tunc
2858 2304 3010 2390 abia·¹

1865 2388 2017 2453 thar
2036 2389 2190 2454 fecit
2216 2391 2457 2472 josiam
2493 2393 2738 2456 teneri:
2780 2401 2839 2456 et
2862 2391 3010 2454 dixit*

1864 2476 1963 2541 ei:
2014 2478 2086 2544 Si
2121 2499 2255 2542 non
2285 2479 2663 2546 discesseris
2694 2502 2735 2544 a
2768 2479 2982 2562 jacobo:

1860 2584 2015 2628 cum
2050 2567 2195 2648 ipso
2226 2567 2683 2632 decollaberis,
2754 2569 2983 2650 Respon-

1859 2653 1960 2718 dit
2016 2653 2261 2736 josias:
2341 2655 2742 2720 Maledictus
2796 2665 2893 2719 tu:
2940 2662 2983 2715 et

1860 2761 2094 2805 omnes
2143 2743 2235 2806 dii
2286 2744 2400 2808 tui.
2506 2744 2699 2808 Tunc
2756 2742 3010 2822 abiathar

1854 2827 2051 2910 jussit
2112 2851 2189 2894 os
2237 2831 2380 2913 ejus
2440 2834 2685 2914 pugnis
2742 2832 2901 2896 cedi:
2942 2839 3010 2902 αῖ

1861 2916 2243 2999 impetravit
2297 2919 2385 2982 ab
2433 2919 2725 2984 herode:
2778 2929 2843 2983 ut
2882 2936 3010 2981 cum⁴

1852 3004 2097 3086 jacobo
2129 3007 2589 3074 decollaretur.
2684 3009 2780 3072 At
2808 3015 2873 3070 ut
2890 3025 2987 3088 per-

1856 3102 2133 3156 ventum
2164 3104 2266 3158 est
2299 3096 2382 3158 ad
2419 3095 2640 3160 locum
2688 3094 2989 3179 passionis:

1858 3183 2201 3262 apostolus
2214 3182 2581 3264 perfundit⁴
2595 3183 2829 3265 josiam
2839 3199 2989 3262 aqua:

1858 3289 1936 3333 ac
1968 3271 2303 3334 osculatus
2348 3280 2453 3335 est
2496 3293 2690 3336 eum:
2740 3281 2806 3335 et
2846 3273 3010 3354 bene·¹

1856 3357 2073 3421 dixit:
2117 3360 2346 3442 sicque
2375 3379 2510 3424 una
2541 3361 2708 3424 hora
2732 3368 3010 3440 martyre·

1856 3444 2075 3509 effecti
2151 3447 2347 3510 simul
2438 3457 2867 3530 perrexerunt
2932 3443 2989 3506 ad

1858 3532 2248 3599 Christum:
2322 3537 2429 3599 cui
2494 3545 2615 3600 'est
2694 3538 2889 3601 honor
2944 3540 2989 3594 et

1854 3621 2065 3702 gloria
2169 3624 2237 3686 in
2348 3623 2574 3688 secula
2683 3625 2987 3688 seculorum

1855 3729 2069 3773 amen.
2275 3710 2647 3776 Secundum
2680 3711 2988 3776 mattheum.

1850 3801 1950 3930 l
1961 3817 2002 3860 n
2056 3797 2171 3861 i-llo
2216 3805 2563 3881 tempore:
2612 3800 2901 3864 Accessit
2930 3793 2987 3858 ad

1955 3885 2189 3966 Jesum
2250 3897 2465 3950 mater
2510 3888 2799 3952 filiorum
2854 3886 2987 3950 zebe·

1850 3973 1958 4038 dei
2009 3995 2161 4038 cum
2212 3973 2363 4038 filiis
2411 3976 2594 4041 suis:
2642 3979 2908 4042 adorans
2944 3979 2987 4034 et

1850 4070 2088 4142 petens
2148 4062 2400 4145 aliquid
2454 4064 2542 4127 ab
2592 4085 2692 4129 eo.
2803 4065 2885 4128 Et
2923 4079 2987 4122 re·

1849 4149 2045 4232 liqua.
2162 4151 2414 4215 Omelia
2464 4173 2545 4214 ex
2593 4145 3010 4216 commentario.

1848 4239 2236 4303 venerabilis
2258 4239 2406 4303 bede
2416 4241 2797 4323 presbyteri.
2826 4239 2893 4304 L.
2910 4233 2985 4316 vij·

2272 4375 2291 4405 ⁸
2324 4375 2461 4431 hoc:
2497 4375 2552 4428 S.

2272 4443 2291 4473 ⁴
2324 4442 2543 4506 perfudit
2572 4461 2587 4492 ε
2628 4444 2754 4494 R.S.
