3117 4959
1001 250 1062 306 S.
1113 251 1168 307 A
1179 251 1352 307 GNE
1359 250 1489 306 TIS
1547 250 1927 307 VIRGINIS.

750 358 890 413 143

209 460 276 527 A
287 469 350 528 ἢ.
399 460 776 527 Dexteram
807 482 1028 526 meam
1059 470 1128 527 et
1158 461 1402 526 collum

209 572 441 615 meum
473 553 692 615 cinxit
713 551 1042 633 lapidibus
1061 552 1400 633 preciosis:

207 640 491 703 tradidit
538 641 804 704 auribus
855 640 1020 702 meis
1067 640 1404 701 inestima-

207 727 383 791 biles
405 730 818 809 margaritaS.
848 736 951 808 pf.
999 726 1275 789 Domini
1299 736 1400 789 est

207 823 408 879 terra.
453 833 502 900 γ
550 815 824 878 Diffusa.
1113 813 1326 876 Lectio
1335 814 1397 894 j.

203 905 501 1033 Diem
609 903 852 965 festum
957 902 1399 964 sacratissime

367 992 642 1073 virginis
659 991 920 1072 agnetis
950 988 1356 1052 celebremus
1381 1010 1396 1052 :

205 1097 577 1161 omnesque
636 1077 1041 1159 gratulemur
1073 1079 1140 1139 in
1181 1078 1394 1140 domi-

205 1185 338 1229 no:
416 1177 486 1229 et
544 1167 826 1249 qualiter
885 1185 1083 1247 passa
1143 1166 1230 1227 sit
1305 1162 1406 1227 ad'

203 1256 602 1327 memoriam
627 1273 1026 1316 revocemus,
1060 1252 1393 1333 Tempore

199 1341 322 1404 illo
381 1350 524 1405 erat
582 1342 869 1424 quedam
929 1342 1116 1421 virgo
1166 1360 1392 1403 rome:

203 1429 452 1493 nobilis
512 1450 754 1511 genere
815 1430 1083 1490 nomine
1145 1447 1388 1509 agnes:

203 1537 340 1598 que
420 1527 681 1581 certans
761 1527 991 1580 contra
1061 1516 1390 1597 principes

197 1606 628 1669 tenebrarum
688 1605 1143 1668 tertiodecimo
1192 1604 1388 1665 etatis

199 1712 326 1756 sue
377 1713 553 1758 anno
607 1702 888 1756 mortem
943 1691 1272 1773 perdidit:
1319 1701 1388 1754 et

199 1782 416 1844 vitam
448 1782 734 1844 invenit:
781 1780 938 1861 quia
985 1779 1201 1841 solum
1251 1779 1386 1842 vite

201 1872 544 1932 auctorem
575 1869 831 1931 dilexit.
882 1868 1062 1929 Dum
1083 1886 1124 1929 a
1143 1865 1384 1929 scholis

201 1967 680 2021 reverteretur:
756 1976 798 2019 a
857 1954 1128 2037 prefecti
1205 1956 1384 2017 urbis

197 2044 342 2107 filio
371 2045 739 2107 adamatur.
807 2042 1014 2123 Cujus
1073 2050 1382 2123 parentes

198 2141 524 2214 ceperunt
585 2133 646 2194 ei
708 2132 918 2193 multa
997 2129 1232 2191 offerre
1313 2138 1383 2193 et

199 2220 393 2301 plura
421 2220 824 2302 promittere.
869 2218 980 2281 Re.
1031 2217 1228 2279 Diem
1251 2216 1379 2279 fes-

193 2317 346 2370 tum
399 2308 841 2370 sacratissime
896 2306 1166 2386 virginis
1210 2304 1380 2368 cele-

195 2395 504 2458 bremus:
624 2395 907 2475 qualiter
1009 2412 1204 2474 passa
1293 2393 1379 2455 sit

197 2484 400 2546 beata
431 2502 676 2564 agnes:
724 2481 807 2545 ad
843 2482 1230 2543 memoriam
1278 2500 1376 2543 re-

193 2591 560 2634 vocemus:
616 2570 812 2633 tertio
872 2570 1134 2631 decimo
1178 2568 1376 2630 etatis

191 2679 317 2721 sue
395 2678 573 2721 anno
625 2668 905 2720 mortem
961 2656 1248 2738 perdidit
1307 2665 1374 2718 et

192 2748 407 2809 vitam
483 2746 751 2808 invenit.
888 2743 1067 2825 Quia
1157 2745 1374 2806 solum

191 2836 330 2897 vite
361 2834 602 2897 dilexit
619 2842 974 2896 auctorem.
1023 2848 1072 2916 γ
1118 2832 1378 2913 Ingres-

192 2942 270 2985 sa
331 2941 538 3003 agnes
611 2919 1077 3002 turpitudinis¹
1155 2920 1374 2982 locum

193 3010 511 3090 angelum
540 3009 793 3072 domini
825 3016 1246 3089 preparatum
1281 3008 1376 3069 in-

191 3098 395 3161 venit.
445 3096 623 3178 Quia
652 3096 886 3159 solum.
1069 3094 1281 3157 Lectio
1306 3094 1371 3176 ᾔ.

341 3186 568 3247 uvenis
627 3192 850 3246 autem
913 3202 1180 3245 omnem
1232 3202 1374 3264 pre-

191 3186 331 3359 J
337 3274 590 3336 ciosum
653 3271 942 3353 lapidem
988 3289 1212 3333 secum
1258 3271 1371 3333 de-

191 3360 395 3424 tulit:
443 3370 510 3423 et
558 3379 678 3442 per
736 3360 1026 3441 seipsum
1058 3359 1116 3421 :²
1146 3368 1214 3420 et
1259 3374 1389 3440 per·

192 3448 448 3511 amicos
478 3448 655 3529 cepit
700 3466 926 3510 aurem
958 3447 1228 3527 virginis
1261 3467 1374 3528 ap-

191 3536 480 3618 pellare:
558 3538 794 3597 domos
884 3536 1374 3616 possessiones:

191 3634 264 3687 et
283 3624 551 3687 omnes⁸
575 3623 1083 3686 mundidivitias
1103 3624 1377 3703 promit-

187 3721 372 3777 tere:
417 3713 473 3774 si
519 3730 913 3775 consensum
958 3729 1152 3772 suum
1206 3710 1378 3791 ejus-

189 3820 326 3883 que
401 3800 786 3880 conjugium
875 3818 1008 3860 non
1087 3807 1377 3878 negaret.

189 3889 388 3952 Tunc
420 3888 620 3950 beata
649 3906 854 3969 agnes
891 3886 1067 3949 diicit
1089 3886 1173 3949 ad
1209 3905 1379 3947 eum.
1413 3890 1420 3895 '

191 3976 490 4039 Discede
521 3996 563 4037 a
613 3994 721 4037 me
782 3972 1100 4055 pabulum
1148 3974 1378 4035 mortis

189 4063 350 4145 quia
391 4063 536 4145 jam
584 4062 670 4125 ab
715 4062 848 4125 alio
892 4072 1188 4124 amatore
1234 4081 1379 4142 pre-

189 4160 396 4215 venta
427 4170 616 4215 sum:
663 4152 775 4231 qui
808 4150 970 4212 mihi
1002 4151 1162 4211 satis
1195 4150 1381 4212 meli-

190 4260 308 4303 ora
383 4249 456 4303 te
509 4238 753 4302 obtulit
814 4246 1248 4301 ornamenta:
1311 4246 1378 4300 et

188 4388 203 4418 ¹
239 4385 513 4453 turpitudis
537 4402 552 4433 t
587 4384 671 4434 W.

441 4455 464 4483 ⁸
507 4449 747 4502 ‘se’otm
781 4468 794 4499 :
831 4450 956 4500 G.S.

794 4384 815 4415 ²
854 4387 869 4412 ‘
886 4390 937 4433 et
959 4399 1050 4449 per
1070 4384 1217 4450 scip)
1233 4398 1332 4481 om.
1348 4383 1532 4515 5²33ae
1551 4448 1565 4471 ,
1589 4463 1673 4499 om
1710 4447 1745 4500 S

2046 360 2179 411 144

1509 462 1755 527 anulo⁴
1790 461 1945 527 fidei
1996 483 2115 526 sue
2164 463 2536 528 subarravit
2577 484 2701 530 nie.

1505 552 1624 614 Re.
1674 552 2049 615 Dexteram
2085 570 2304 614 meam
2338 562 2405 615 et
2452 551 2699 615 collum

1507 658 1731 701 meum
1753 639 1967 702 cinxit
1994 638 2324 721 lapidibus
2344 640 2654 721 preciosis
2682 663 2702 704 z

1507 728 1785 789 tradidit
1820 728 2087 789 auribus
2142 728 2309 789 meis
2358 727 2698 791 inestima-

1503 814 1673 877 biles
1750 816 2159 896 margaritas.
2256 815 2346 877 Et
2421 816 2697 878 circum-

1501 902 1691 965 dedit
1756 922 1865 965 me
1973 903 2403 965 vernantibus
2489 912 2697 985 atque

1498 988 2049 1053 choruscantibus
2124 991 2424 1071 gemmis,
2475 1006 2522 1075 γ
2583 992 2693 1053 In-

1497 1077 1647 1139 duit
1687 1097 1795 1140 me
1857 1079 2167 1140 dominus
2230 1078 2483 1141 ciclade
2528 1099 2692 1141 auro

1494 1173 1727 1228 texta:
1792 1171 1862 1228 et
1925 1166 2268 1227 immensis
2332 1166 2693 1229 monilibus

1494 1254 1754 1315 ornavit
1777 1273 1899 1316 me.
1995 1252 2084 1315 Et
2114 1254 2567 1318 circumdedit.

1489 1341 1896 1471 Audiens
1929 1338 2050 1403 hec
2082 1340 2359 1403 insanis·
2393 1339 2559 1423 [Lec.
2592 1340 2693 1423 iij.

1658 1430 1865 1500 simus
1911 1426 2169 1509 juvenis
2243 1447 2469 1491 amore
2543 1449 2700 1493 ceco

1487 1517 1895 1597 corripitur:
1985 1525 2055 1578 et
2114 1516 2286 1577 inter
2358 1518 2700 1598 angustias

1489 1604 1713 1666 anime
1744 1612 1811 1665 et
1842 1604 2132 1685 corporis
2178 1602 2419 1666 anhelo
2448 1605 2695 1667 crucia-

1489 1689 1685 1753 batur
1712 1692 1963 1772 spiritu.
2056 1690 2258 1753 Fiunt
2289 1691 2409 1753 hec
2442 1692 2694 1755 interea

1487 1788 1649 1841 nota
1680 1780 1893 1861 patri:
1942 1778 2054 1860 qui
2101 1778 2277 1860 cepit
2324 1779 2692 1861 inquirere:

1485 1867 1633 1947 quis
1665 1876 1837 1929 esset
1868 1886 2149 1947 sponsus
2202 1868 2287 1929 de
2339 1868 2525 1947 cujus
2579 1868 2694 1931 se⁵

1485 1972 1690 2033 agnes
1719 1953 1745 1991 ⁶
1857 1962 2190 2035 potestate
2284 1953 2690 2035 gloriaretur.

1486 2042 1892 2122 Dictumque
1912 2051 2013 2104 est
2032 2043 2091 2104 ei
2116 2042 2287 2104 hanc
2320 2062 2461 2104 esse
2493 2041 2695 2105 chris-

1483 2130 1733 2191 tianam
1770 2150 1785 2193 :
1833 2137 1901 2192 et
1962 2130 2056 2192 ita
2117 2129 2390 2211 magicis
2439 2130 2691 2193 artibus

1481 2227 1925 2298 occupatam:
1974 2226 2047 2279 ut
2106 2218 2288 2280 dicat
2350 2216 2688 2282 Christum

1481 2324 1803 2386 sponsum
1864 2324 2057 2367 suum
2119 2324 2280 2367 esse.
2382 2306 2690 2368 Audiens

1477 2392 1600 2453 hec
1647 2392 1973 2474 prefectus
2026 2390 2196 2455 letus
2249 2392 2573 2456 efficitur:
2623 2404 2691 2455 et

1476 2500 1627 2543 eam
1718 2480 1841 2543 sibi
1936 2488 2383 2561 presentatam
2475 2482 2690 2562 primo

1478 2567 1740 2630 blandis
1770 2568 2225 2630 sermonibus:
2273 2569 2516 2631 deinde
2561 2578 2690 2631 ter-

1477 2657 1733 2719 roribus
1765 2656 1999 2737 pulsat.
2056 2655 2192 2720 Sed
2229 2655 2471 2718 Christi
2501 2656 2688 2737 virgo

1475 2744 1714 2805 eodem
1745 2742 1929 2806 vultu
1963 2763 2385 2824 perseverans
2413 2764 2427 2805 :
2459 2754 2528 2806 et
2558 2754 2689 2806 ter-

1477 2840 1730 2895 rentem
1764 2832 1934 2893 sicut
1966 2830 2417 2893 blandientem
2462 2832 2687 2894 animo

1475 2919 1839 2982 deridebat.
1929 2918 2038 2980 Re.
2079 2918 2305 2981 Induit
2338 2938 2443 2979 me
2474 2919 2689 2981 domi-

1479 3027 1605 3069 nus
1635 3008 2034 3069 vestimento
2080 3004 2349 3068 salutis:
2398 3016 2465 3067 et
2496 3007 2686 3069 indu-

1478 3103 1707 3158 mento
1782 3094 1997 3155 leticie
2073 3094 2483 3156 circundedit
2578 3114 2685 3157 me

1479 3184 1572 3245 Et
1620 3192 1939 3262 tanquam
1988 3200 2301 3262 sponsam
2352 3182 2690 3245 decoravit

1478 3290 1586 3333 me
1618 3288 1875 3332 corona.
1968 3284 2017 3352 γ
2061 3268 2367 3331 Tradidit
2422 3270 2687 3333 auribus

1477 3359 1643 3420 meis
1704 3355 2177 3419 inestimabiles
2247 3357 2687 3437 margaritas:

1476 3456 1544 3509 et
1619 3445 2029 3508 circundedit
2094 3464 2201 3505 me
2261 3446 2690 3508 vernantibus

1475 3543 1679 3615 atque
1754 3532 2295 3595 choruscantibus
2385 3535 2689 3614 gemmiS.

1480 3622 1571 3684 Et
1602 3630 1939 3701 tanquam.
2034 3618 2261 3683 Gloria
2312 3622 2501 3702 patri.
2596 3622 2686 3684 Et

1480 3718 1819 3790 tanquam.
1909 3706 1993 3769 In
2054 3708 2323 3770 secundo
2384 3717 2688 3771 nocturno

1477 3806 1584 3859 ari.
1636 3795 1937 3861 Christus
1967 3795 2375 3859 circundedit
2408 3815 2516 3858 me
2546 3817 2690 3858 ver-

1481 3886 1795 3947 nantibus
1870 3892 2072 3966 atque
2147 3883 2690 3948 choruscantibus

1481 3974 1763 4055 gemmis
1795 3973 2123 4054 preciosis
2192 3980 2293 4053 ps'.
2329 3970 2687 4037 Eructavit.

1481 4062 1617 4125 Αῆ.
1712 4060 1936 4123 Posuit
1997 4060 2259 4141 signum
2322 4059 2388 4121 in
2448 4058 2685 4121 faciem

1482 4168 1754 4212 meam:
1800 4158 1873 4210 ut
1934 4147 2189 4209 nullum
2250 4155 2471 4228 preter
2529 4167 2683 4211 eum

1481 4234 1873 4299 amatorem⁷
1906 4234 2275 4297 admittam.
2335 4242 2435 4315 pf.
2504 4236 2689 4299 Deus

1604 4383 1625 4413 ⁸
1664 4380 1899 4455 ‘omnesf
1932 4396 2031 4478 omv.
2064 4398 2077 4429 ε
2114 4378 2166 4429 S.
2306 4382 2327 4411 ⁴
2346 4380 2579 4495 &minoz
2615 4380 2682 4432 G.

2058 4460 2279 4497 amorem
2298 4462 2309 4474 ·
2413 4481 2427 4496 .
