3117 4959
1534 217 1640 269 IN
1678 217 1946 274 FESTO

1037 321 1196 378 685

509 426 906 508 prestiterit:
946 447 1080 492 non
1110 435 1215 492 est
1246 435 1470 491 nostre
1500 423 1710 493 saculss

509 516 669 579 tatis
706 516 1021 580 evolvere.
1115 517 1305 580 Idem
1339 516 1517 580 enim
1550 537 1708 580 con-

511 603 917 667 stantissime
1000 604 1465 686 perseverabat
1501 624 1517 672 ε
1593 606 1707 687 qui

509 693 689 773 prius
702 692 931 756 fuerat.
976 692 1233 756 Eadem
1256 693 1323 755 in
1348 694 1545 757 corde
1564 693 1708 774 ejus

508 779 884 844 humilitas:
930 780 1163 843 eadem
1196 781 1263 844 in
1293 782 1539 844 vestitu
1562 780 1707 863 ejus

510 868 732 931 vilitas
791 877 951 931 erat.
1041 869 1277 950 Atque
1327 870 1422 932 ita
1472 868 1708 951 plenus

510 957 921 1020 auctoritatis
982 965 1050 1020 et
1110 958 1323 1038 gratie
1384 957 1708 1039 implebat

511 1044 803 1126 episcopi
879 1043 1273 1125 dignitatem
1316 1065 1330 1107 :
1421 1053 1494 1108 ut
1573 1065 1706 1107 non

508 1140 733 1195 tamen
764 1134 1179 1215 propositum
1228 1131 1533 1196 monachi
1580 1133 1707 1196 vir-

508 1229 855 1302 tutemque
886 1223 1231 1284 desereret.
1294 1221 1407 1284 Re.
1458 1221 1706 1284 Beatus

507 1308 830 1371 martinus
904 1309 1162 1371 obitum
1236 1329 1433 1371 suum
1508 1308 1707 1390 longe

506 1405 664 1459 ante
702 1397 1013 1477 prescivit
1054 1396 1360 1479 dixitque
1396 1396 1707 1460 fratribus

509 1483 1033 1547 Dissolutionem
1083 1486 1183 1547 sui
1233 1484 1525 1566 corporis
1581 1484 1705 1547 im-

509 1573 778 1636 minere.
871 1573 1049 1655 Quia
1098 1571 1414 1635 indicavit
1463 1593 1533 1635 se
1559 1572 1703 1654 jam

508 1660 763 1724 resolvi.
824 1676 871 1745 γ
917 1661 1186 1724 Viribus
1217 1661 1508 1742 corporis
1527 1662 1706 1743 cepit

507 1758 779 1830 repente
853 1748 1122 1812 destitui
1192 1749 1704 1830 convocatisque

504 1837 845 1917 discipulis
892 1837 959 1899 in
1011 1856 1215 1900 unum
1260 1837 1453 1900 dixit.
1548 1836 1702 1899 Dis-

504 1925 923 1988 solutionem.
1015 1924 1260 1989 Gloria.
1352 1925 1549 2008 Quia.
1614 1923 1703 1988 In

502 2013 691 2076 tertio
720 2023 1025 2076 nocturno
1064 2021 1170 2077 aii.
1248 2013 1474 2076 Media
1506 2021 1702 2076 nocte

502 2102 839 2164 dominica
892 2111 1162 2164 sanctus
1223 2100 1549 2164 decessit:
1595 2101 1700 2163 cui

501 2190 625 2253 celi
687 2191 859 2252 cives
922 2208 1087 2251 mox
1147 2188 1460 2251 obviant:
1508 2187 1700 2251 multi

502 2278 857 2342 audierunt
904 2296 1102 2340 voces
1152 2276 1217 2338 in
1268 2276 1535 2340 sublimi
1585 2277 1698 2359 qui

501 2377 571 2429 et
622 2365 793 2428 vitro
842 2365 1065 2446 purior
1126 2365 1297 2428 lacte
1354 2365 1702 2428 candidior

500 2473 697 2518 carne
770 2473 1039 2536 quoque
1118 2462 1523 2516 monstratus
1599 2461 1702 2516 est

500 2561 773 2624 gemma
830 2540 1268 2605 sacerdotum.
1363 2549 1461 2622 psi
1559 2541 1700 2604 Do-

501 2631 679 2693 mine
709 2630 857 2712 quis
888 2628 1236 2694 habitabit.
1309 2629 1435 2692 Αῑὶ.
1486 2627 1702 2694 Glori-

405 2798 411 2804 ·
500 2717 680 2782 ficati
729 2718 1016 2781 hominis
1064 2718 1371 2782 viderunt
1418 2717 1698 2798 gloriam

500 2807 614 2890 qui
646 2805 1035 2871 affluerunt:
1080 2825 1238 2869 nam
1292 2825 1444 2868 caro
1494 2824 1698 2887 quam

501 2895 667 2960 cinis
727 2914 991 2978 semper
1048 2895 1405 2959 obtexerat
1452 2895 1547 2957 ita
1600 2913 1702 2956 re·

500 2983 875 3068 splenduit:
902 2992 973 3048 ut
1005 2982 1346 3066 quoddam
1380 3002 1700 3045 resurrec-

502 3073 705 3136 tionis
734 3073 938 3136 decus
985 3081 1052 3135 et
1101 3072 1405 3134 extincta
1450 3068 1699 3152 profer-

503 3171 621 3224 ret.
683 3170 781 3243 pff.
833 3160 1127 3223 Domine
1157 3161 1225 3222 in
1255 3160 1515 3222 virtute.
1561 3159 1696 3222 Αῆ.

502 3249 725 3312 Adest
801 3247 1159 3312 multitudo
1221 3246 1696 3310 monachorum

502 3346 571 3400 et
624 3336 955 3419 virginum
1004 3334 1097 3399 hii
1158 3334 1427 3418 speciali
1486 3333 1700 3416 gloria

504 3426 815 3508 precipue
868 3423 1119 3487 flebant
1169 3443 1320 3488 cum
1375 3423 1699 3486 sentirent

504 3515 718 3594 magis
750 3532 895 3575 esse
923 3511 1352 3594 gaudendum
1399 3510 1453 3574 si
1500 3512 1698 3574 ratio-

504 3621 659 3664 nem
691 3601 789 3664 vis
820 3600 1067 3663 doloris
1116 3600 1515 3664 admitteret.
1595 3607 1695 3680 pf.

508 3689 781 3754 Domini
813 3698 917 3752 est
946 3698 1135 3752 terra.
1214 3704 1261 3773 γ
1308 3687 1700 3769 Magnifica-

501 3780 614 3843 vit.
734 3776 1069 3859 Eaposilio
1133 3775 1363 3838 Homo
1422 3775 1698 3857 quidam

506 3865 763 3931 nobilis.
860 3865 1129 3930 Omelia.
1154 3873 1232 3926 ut
1258 3863 1331 3927 in
1359 3864 1698 3929 communi.

502 3957 866 4043 Septimum
952 3953 1067 4018 Re.
1160 3951 1497 4015 Dixerunt
1566 3951 1700 4014 dis-

501 4046 702 4130 cipuli
752 4044 837 4108 ad
889 4041 1160 4105 beatum
1194 4041 1551 4104 martinum
1585 4059 1700 4103 cur

502 4157 625 4201 nos
677 4141 870 4216 pater
916 4130 1163 4194 deseris
1198 4151 1213 4193 :
1260 4138 1375 4193 aut
1424 4128 1528 4191 cui
1578 4147 1698 4190 nos

500 4223 838 4288 desolatos
914 4218 1242 4300 relinquis
1368 4216 1698 4280 Invadent

499 4315 676 4376 enim
711 4327 981 4391 gregem
1015 4315 1203 4369 tuum
1238 4305 1375 4387 lupi
1408 4323 1696 4386 rapaces.

500 4419 546 4488 γ
596 4401 857 4464 Scimus
888 4395 1159 4477 quidem
1206 4393 1583 4457 desiderare
1628 4400 1695 4454 te

2323 325 2482 382 686

1811 429 2149 495 Christum
2211 430 2330 495 sed
2393 431 2578 496 salva
2653 443 2806 499 sunt
2875 433 2976 496 tibi

1809 519 2064 599 premia
2094 528 2212 583 tua
2233 521 2440 583 nostri
2460 521 2684 603 potius
2702 523 2978 584 miserere

1811 626 1982 689 quos
2013 607 2278 672 deseris,
2340 607 2690 672 Invadent.
2753 609 2833 672 L.
2859 609 2979 692 viij.

1808 699 2144 826 Beatus
2165 705 2390 758 autem
2413 697 2738 760 martinus
2750 697 2982 761 obitum

1951 803 2146 847 suurn
2197 783 2398 864 longe
2445 793 2604 848 ante
2655 786 2985 867 prescivit:

1806 869 2112 952 dixitque
2164 870 2476 935 fratribus
2527 873 2664 936 suis
2727 873 2986 936 dissolu-

1806 959 2059 1022 tionem
2120 959 2220 1022 sui
2285 961 2576 1042 corporis
2644 961 2987 1024 imminere.

1809 1046 2342 1129 Convocatisque
2394 1047 2779 1131 discipulis:
2841 1050 2988 1112 indi·

1805 1143 1915 1197 cat
1963 1155 2035 1198 se
2081 1135 2225 1216 jam
2276 1135 2530 1200 resolvi.
2625 1137 2823 1201 Tunc
2851 1157 2986 1200 vero

1807 1242 2023 1285 meror
2082 1231 2152 1286 et
2212 1222 2430 1287 luctus
2489 1226 2798 1288 omnium
2868 1246 2987 1288 vox

1805 1330 1937 1373 una
1968 1309 2447 1393 plangentium.
2511 1311 2646 1376 Cur
2678 1334 2804 1376 nos
2822 1322 2988 1395 patet

1802 1397 2099 1462 deseris?
2162 1408 2278 1462 aut
2331 1400 2436 1462 cui
2499 1419 2618 1464 nos
2669 1402 2986 1465 desolatos

1806 1486 2166 1568 relinquis?
2263 1487 2598 1551 Invadent
2645 1490 2830 1552 enim
2860 1509 2986 1572 gre-

1803 1593 1958 1654 gem
1992 1584 2180 1637 tuum
2215 1573 2351 1656 lupi
2387 1595 2676 1658 rapaces
2747 1577 2986 1642 Scimus

1804 1663 2074 1743 quidem
2107 1662 2482 1726 desiderare
2514 1673 2581 1726 te
2616 1664 2984 1729 Christum:

1803 1748 1919 1813 sed
1953 1750 2135 1813 salva
2180 1759 2336 1814 sunt
2380 1751 2501 1814 tibi
2549 1755 2810 1834 premia
2842 1763 2988 1816 tua:

1802 1858 1924 1900 nec
1985 1838 2192 1901 dilata
2255 1839 2654 1904 minuentur.
2781 1840 2990 1904 Nostri

1802 1926 2025 2007 potius
2101 1927 2408 1990 miserere
2482 1947 2654 2010 quos
2741 1929 2988 1992 deseris,

1803 2015 1994 2077 Tunc
2049 2013 2158 2077 ille
2212 2022 2434 2078 motus
2493 2016 2620 2078 hiis
2687 2015 2991 2080 fletibus:

1800 2121 2152 2165 conversus
2240 2101 2328 2164 ad
2403 2103 2756 2168 dominum
2853 2125 2990 2168 cum

1802 2188 2154 2271 lachrymis
2215 2189 2340 2253 hac
2401 2211 2562 2254 voce
2639 2193 2994 2275 respondit.

1804 2278 2094 2341 Domine
2155 2278 2210 2341 si
2271 2277 2493 2342 adhuc
2551 2281 2814 2362 populo
2887 2293 2990 2344 tuo

1799 2386 1948 2428 sum
2025 2385 2480 2430 necessarius:
2557 2388 2693 2431 non
2779 2389 2992 2433 recuso

1798 2452 2138 2518 laborem:
2187 2453 2304 2517 fiat
2335 2454 2641 2520 voluntas
2673 2465 2818 2521 tua.
2891 2457 2992 2520 Re.

1803 2541 1866 2607 O
1898 2542 2170 2605 beatum
2190 2543 2402 2605 virum
2426 2543 2490 2605 in
2509 2543 2614 2625 cuj
2621 2565 2698 2607 us
2721 2547 2994 2608 transitu

1799 2639 2180 2693 sanctorum
2211 2631 2393 2694 canit
2439 2651 2759 2696 numerus
2807 2653 2996 2716 ange·

1801 2717 2016 2781 lorum
2076 2718 2343 2781 exultat
2401 2717 2656 2784 chorus
2769 2720 2998 2787 Omni-

1798 2825 2048 2888 umque
2109 2805 2454 2871 celestium
2515 2809 2844 2874 virtutem
2897 2831 2997 2873 oc-

1796 2895 2000 2957 currit
2028 2893 2458 2976 psallentium
2501 2899 2868 2963 exercitus
2956 2914 2994 2984 γ

1801 2982 2102 3046 Ecclesia
2132 2982 2306 3047 illius
2336 2985 2577 3048 virtute
2609 2985 2992 3051 roboratur:

1797 3070 2176 3134 sacerdotes
2219 3071 2330 3134 dei
2371 3073 2784 3138 revelatione
2811 3073 2992 3158 glori-

1797 3158 2117 3223 ficantur:
2149 3179 2351 3241 quem
2385 3159 2664 3224 michael
2697 3183 2992 3244 assump-

1797 3248 1884 3310 sit
1946 3266 2095 3311 cum
2157 3247 2428 3330 angelis
2539 3247 2990 3333 Omniumque

1748 3367 1754 3374 ·
1796 3334 2141 3398 celestium
2172 3337 2510 3400 virtutum.
2569 3337 2801 3402 Lectio
2823 3359 2988 3402 nona.

1909 3433 2112 3504 taque
2163 3443 2318 3488 cum
2373 3423 2516 3506 jam
2570 3445 2690 3508 per
2745 3428 2990 3510 aliquot

1907 3511 2049 3574 dies
2123 3511 2186 3574 vi
2263 3511 2543 3590 febrium
2619 3521 2991 3579 teneretur:

1799 3619 1932 3662 non
1965 3609 2193 3663 tamen
2225 3620 2266 3662 a
2298 3601 2404 3663 dei
2437 3621 2642 3683 opere
2671 3604 2991 3667 cessabat.

1796 3688 2003 3751 Anno
2035 3687 2264 3769 itaque
2292 3690 2489 3752 etatis
2521 3709 2638 3752 sue
2668 3690 2993 3775 octogesi-

1799 3796 1913 3839 mo
1975 3775 2230 3858 primo:
2305 3785 2375 3840 et
2428 3777 2860 3860 episcopatus
2903 3777 2992 3840 sui

1798 3865 2114 3928 vicesimo
2174 3873 2372 3928 sexto
2417 3885 2432 3928 :
2511 3864 2736 3930 media
2807 3873 2990 3930 nocte

1797 3971 1930 4034 que
1976 3951 2312 4015 dominica
2359 3952 2784 4020 habebatur:
2833 3955 2991 4018 inter

1791 4039 2024 4103 -divina
2042 4040 2510 4123 predicationis
2527 4043 2734 4106 verba
2752 4064 2769 4106 :
2795 4053 2986 4125 atque

1797 4127 1970 4191 inter
2016 4128 2352 4210 angelicas
2400 4129 2746 4194 celestium
2803 4131 2988 4213 hym·

1797 4235 2031 4279 norum
2079 4237 2276 4280 voces
2321 4237 2490 4300 quas
2523 4217 2716 4282 multi
2770 4220 2986 4282 audie·

1797 4313 1949 4367 runt
1981 4305 2046 4366 in
2077 4304 2224 4367 celo
2267 4306 2404 4368 suis
2447 4309 2826 4370 astantibus
2867 4307 2986 4370 dis·

1795 4391 2030 4474 cipulis
2095 4393 2360 4461 Christo
2439 4415 2629 4457 suam
2707 4393 2984 4458 reddidit
