3117 4959
1336 237 1598 294 INFRA
1654 237 1758 293 OC
1762 237 1863 293 TA
1882 237 2039 294 VAS

962 343 1122 401 489

435 459 508 516 et
537 449 688 514 liliis
725 448 1124 514 convallium
1185 448 1639 516 beatissimam

439 538 986 621 predicaverunt:
1062 545 1130 600 et
1201 538 1425 618 regine
1495 538 1641 599 lau-

441 628 766 690 daverunt
811 645 978 690 eam.
1037 633 1137 706 pf.
1229 624 1641 706 Magnificat.

449 714 692 778 Oratio,
783 712 1196 776 Veneranda,

449 806 512 878 (Ι
557 801 642 862 In
715 809 941 863 octava
999 799 1212 862 sancti
1283 795 1647 861 Laurentii

426 889 555 972 fiet
597 897 800 950 totum
845 887 1185 949 servitium
1230 887 1308 948 de
1347 894 1641 966 assump-

445 975 614 1038 tione
681 984 745 1037 et
819 973 1114 1036 tantum¹
1181 974 1490 1036 memoria
1561 973 1642 1034 de

443 1071 660 1125 sancto
686 1062 1006 1124 laurentio
1049 1061 1190 1124 sive
1217 1061 1286 1122 in
1315 1060 1641 1122 dominica

443 1149 723 1212 evenerit
737 1149 876 1211 sive
889 1149 968 1211 de
981 1149 1156 1212 alio.5¹
1207 1149 1268 1210 A
1280 1156 1340 1210 ᾗ.
1391 1149 1639 1210 Beatus

445 1237 804 1300 laurentius
850 1238 1010 1298 dum
1056 1237 1124 1299 in
1173 1236 1500 1299 craticula,
1593 1251 1641 1320 y

445 1325 777 1404 Dispersit
807 1325 1007 1387 dedit.
1394 1322 1638 1386 Oratio,

445 1414 720 1544 Beati
767 1411 1070 1474 laurentii
1101 1431 1223 1472 nos
1253 1410 1487 1473 saciat³
1517 1412 1637 1473 do-

591 1501 766 1562 mine
832 1499 1051 1580 passio
1111 1498 1486 1561 veneranda
1549 1497 1639 1559 le-

445 1596 708 1651 tantes:
771 1597 839 1650 et
900 1594 973 1648 ut
1033 1605 1180 1648 eam
1243 1585 1641 1648 sufficienter

445 1675 809 1738 recolamus
879 1674 1120 1736 efficiat
1181 1672 1637 1754 promptiores.

445 1782 564 1844 per
593 1762 954 1824 dominum.

449 1854 515 1926 ‘l'
573 1848 784 1912 Tertio
813 1849 918 1910 die
946 1849 1135 1928 infra
1163 1856 1434 1910 octavas.
1497 1845 1637 1910 Lec.

444 1939 543 2068 l
549 1937 727 2018 gitur
745 1937 924 2019 quod
949 1945 1182 1998 natura
1207 1955 1339 1996 non
1361 1933 1638 2016 [prima.

551 2024 828 2086 habuit:
875 2043 1030 2085 usus
1090 2023 1402 2085 nescivit:
1453 2021 1641 2103 igno-

446 2112 616 2174 ravit
645 2112 850 2174 ratio:
899 2130 1086 2174 mens
1132 2129 1264 2172 non
1312 2110 1491 2191 capit
1519 2108 1641 2172 hu-

447 2217 646 2261 mana
669 2207 868 2280 pavet
887 2198 1101 2260 celum
1131 2217 1145 2260 :
1177 2205 1402 2278 stupet
1425 2205 1639 2259 terra:

447 2295 745 2349 creatura
777 2295 842 2349 et
873 2285 1090 2347 omnis
1133 2286 1408 2346 miratur
1437 2283 1641 2347 celes·-

447 2373 576 2437 tis:
653 2373 778 2434 hoc
838 2380 1056 2435 totum
1117 2381 1219 2434 est
1279 2373 1457 2452 quod
1521 2390 1641 2453 per

445 2459 806 2542 gabrielem
861 2461 1064 2522 marie
1108 2459 1423 2522 divinitus
1471 2478 1639 2521 nun·-

447 2548 699 2612 ciatur:
745 2558 813 2611 et
868 2568 985 2629 per
1037 2546 1372 2612 Christum
1427 2546 1639 2609 adim-

447 2635 680 2717 pletur.
773 2635 926 2716 Qua
985 2635 1070 2697 de
1129 2654 1330 2697 causa
1383 2633 1468 2696 de
1521 2634 1639 2696 tali

446 2732 767 2805 tantaque
843 2723 1023 2804 loqui
1099 2742 1208 2784 me
1270 2721 1637 2804 ‘indignum

447 2811 674 2874 fateor,
749 2811 860 2873 Re.
938 2810 1110 2873 Veni
1143 2808 1370 2872 electa,
1457 2809 1534 2872 L.
1569 2809 1638 2890 ij.

445 2899 656 3031 Sed
689 2907 757 2961 et
803 2907 1008 2980 puto:
1055 2899 1212 2979 quia
1258 2915 1454 2960 nemo
1500 2897 1641 2958 est⁴

577 2986 687 3069 qui
714 2995 1088 3068 presumat:
1131 2983 1256 3048 nisi
1280 2985 1390 3065 qui
1417 2983 1639 3046 tanta*⁵

447 3074 579 3136 sint
624 3093 754 3155 que
799 3074 1181 3155 panduntur
1209 3073 1494 3154 penitus
1541 3071 1641 3152 ig-

447 3169 654 3224 norat.
715 3160 972 3224 Tamen
999 3171 1066 3224 et
1089 3161 1144 3223 si
1169 3161 1252 3222 ad
1285 3159 1407 3222 hec
1439 3179 1639 3222 nemo

447 3247 723 3310 idoneus
743 3249 1071 3312 invenitur
1093 3269 1106 3311 :
1137 3247 1308 3311 votis
1329 3247 1637 3309 omnibus

447 3355 703 3398 cessare
733 3355 866 3398 non
898 3336 1102 3398 debet
1131 3335 1410 3415 quilibet
1432 3335 1635 3398 etiam

446 3431 755 3504 peccator
785 3443 824 3484 a
849 3423 1153 3485 laudibus
1176 3422 1476 3503 quamvis
1501 3441 1636 3485 non

447 3519 649 3590 queat
695 3509 967 3590 explere
996 3508 1158 3591 quid
1189 3509 1431 3573 sentit.⁶
1517 3509 1635 3572 Re,

448 3596 598 3679 Que
630 3605 731 3658 est
762 3597 906 3660 ista,
1297 3595 1511 3678 Lectio
1542 3596 1639 3678 iij,

403 3759 410 3764 ,
464 3687 620 3821 U
629 3684 760 3746 nde
795 3702 1014 3746 sermo
1062 3681 1322 3746 divinus
1368 3703 1518 3746 cum
1551 3686 1637 3747 de

627 3779 972 3854 peccatore
1004 3780 1228 3852 ageret
1253 3771 1320 3833 in
1345 3771 1637 3852 psalmis,

446 3860 856 3926 Sacrificium
904 3859 1117 3940 inquit
1165 3858 1380 3921 laudis
1427 3859 1637 3923 hono-

443 3949 725 4013 rificabit
778 3967 924 4011 me:
1000 3956 1067 4010 et
1128 3946 1258 4009 illic
1319 3947 1445 4009 iter
1501 3967 1637 4029 quo

441 4037 790 4101 ostendam
841 4034 933 4098 illi
982 4034 1269 4098 salutare
1310 4034 1434 4098 dei.
1524 4033 1636 4099 Ac

439 4126 492 4188 si
526 4133 836 4207 patenter
882 4122 1082 4186 dicat.
1174 4122 1318 4186 Illic
1365 4129 1465 4184 est
1513 4123 1636 4184 iter

507 4273 524 4303 ¹
581 4281 681 4337 pro
709 4277 784 4320 ‘et
803 4277 1006 4321 tantum
1023 4269 1036 4294 ⁹
1061 4285 1205 4320 cum:
1239 4271 1292 4320 S.

505 4339 525 4369 ²
597 4337 729 4386 ‘die’
752 4337 887 4386 add:
921 4337 974 4385 S.

506 4405 528 4470 ξ
598 4402 812 4451 ‘faciat’
835 4417 976 4452 om.:
1013 4401 1066 4452 S.
1175 4405 1194 4433 ⁴
1235 4402 1362 4457 ‘est’
1390 4417 1489 4454 om,
1521 4421 1534 4453 z
1572 4402 1624 4454 S.

2246 343 2410 399 490

1742 447 1959 512 laudis
1988 449 2082 512 ad
2133 459 2437 513 eternam
2488 447 2759 512 laudem
2802 447 2929 515 sine

1744 534 1875 599 fine
1906 556 2305 600 mansuram.
2402 536 2541 602 Sed
2590 555 2791 600 nemo
2828 558 2933 618 ap-

1740 625 2109 705 prehendet
2142 625 2302 688 illud
2330 625 2455 686 nisi
2482 645 2615 705 ego
2639 645 2937 705 premon-

1742 721 2053 774 stravero.
2144 712 2263 774 Re.
2344 711 2565 792 Stirps
2592 711 2789 791 jesse.
2862 713 2941 775 Iu

1738 819 1996 879 evange.
2041 807 2149 861 αῆ.
2242 798 2498 862 Sancta
2546 801 2763 861 maria
2804 820 2943 861 suc·

1742 906 1929 948 curre
1954 885 2206 948 miseris
2234 907 2247 948 ε
2274 887 2439 967 juva
2457 887 2945 967 pusillanimes:

1742 972 1965 1036 refove
1996 973 2291 1036 flebiles:
2340 995 2458 1036 ora
2490 994 2613 1054 pro
2664 975 2945 1056 populo:

1742 1061 2064 1123 interveni
2127 1081 2247 1142 pro
2308 1061 2531 1125 clero:
2613 1061 2947 1125 intercede

1740 1169 1863 1230 pro
1916 1148 2164 1211 devoto
2224 1147 2518 1212 femineo
2580 1169 2774 1212 sexu.
2854 1159 2947 1230 pff.

1744 1237 2159 1299 Benedictus,
2221 1236 2472 1301 Oratio,
2524 1237 2949 1301 Veneranda.

1740 1324 2073 1386 Memoria
2094 1323 2174 1385 de
2184 1334 2405 1386 sancto
2425 1325 2776 1387 laurentio,
2820 1326 2948 1387 Aa.

1744 1410 1825 1473 In
1846 1411 2178 1474 craticula,
2220 1429 2269 1496 γ
2302 1412 2653 1492 Dispersit.
2702 1412 2949 1476 Oratio.

1745 1498 1934 1560 Beati
1996 1499 2317 1562 laurentii.
2438 1499 2569 1560 Ad
2624 1499 2834 1562 lzoras
2886 1510 2955 1562 ut

1738 1597 1955 1667 supra.
2058 1587 2181 1648 Ad
2231 1596 2529 1666 vesperas
2591 1587 2663 1647 in
2726 1607 2949 1666 evang.

1741 1681 1847 1736 aii.
1924 1673 2051 1736 Ibo
2082 1673 2241 1736 mihi
2275 1673 2361 1736 ad
2392 1683 2695 1736 montem
2734 1694 2951 1754 myrre

1743 1769 1812 1822 et
1872 1762 1959 1823 ad
2022 1761 2224 1824 colles
2285 1761 2517 1842 lybani
2580 1769 2653 1824 et
2719 1761 2953 1844 loquar

1741 1868 1987 1929 sponse
2046 1868 2243 1912 mee:
2318 1857 2465 1910 tota
2519 1850 2833 1930 speciosa
2884 1870 2951 1912 es

1741 1937 2053 2016 proxima
2098 1956 2248 1999 mea
2279 1945 2347 1998 et
2379 1936 2649 1999 macula
2680 1955 2822 1999 non
2856 1945 2953 2000 est

1740 2021 1807 2084 in
1863 2031 1969 2086 te:
2016 2024 2167 2085 veni
2215 2044 2258 2085 a
2307 2023 2600 2104 lybano:
2660 2045 2953 2106 sponsa:

1739 2111 1889 2173 veni
1932 2131 1973 2172 a
2023 2110 2315 2193 lybano:
2362 2110 2552 2174 veni⁷
2602 2113 2841 2176 venies
2888 2122 2953 2174 et

1736 2199 2049 2260 transibis
2121 2199 2209 2261 ad
2286 2208 2589 2262 montem
2668 2220 2830 2281 seyr
2889 2210 2955 2264 et

1738 2285 2015 2347 hermon
2077 2304 2118 2349 a
2176 2285 2503 2349 cubilibus
2572 2287 2859 2350 leonum
2914 2309 2955 2351 a

1740 2373 2080 2436 montibus
2141 2373 2614 2454 leopardorum
2666 2376 2950 2439 alleluia.

1724 2467 1825 2542 pf,
1918 2460 2309 2542 Magnificat
2348 2481 2494 2523 cum
2526 2463 2859 2526 memoria
2884 2465 2961 2526 de

1736 2557 1955 2610 sancto
1984 2549 2243 2629 agapito
2273 2559 2578 2628 martyre.
2628 2552 2772 2614 Ar‘i.
2825 2551 2957 2615 Hic

1738 2644 1841 2698 est
1870 2655 2038 2699 vere.
2134 2652 2178 2721 γ
2224 2635 2453 2700 Gloria
2482 2645 2553 2699 et
2586 2637 2871 2702 honore.

1740 2725 2095 2852 Letetur
2153 2723 2432 2787 ecclesia
2486 2733 2609 2788 tua
2662 2723 2955 2810 [Oratio.

1877 2811 2041 2873 deus
2088 2811 2268 2874 beati
2330 2813 2586 2894 agapiti
2640 2817 2957 2896 martyris

1741 2897 1837 2959 tui
1870 2897 2123 2961 confisa
2168 2899 2499 2982 suffragiis
2549 2910 2771 2983 atque
2817 2904 2957 2984 ejus

1740 2986 2045 3066 precibus
2092 2987 2397 3065 gloriosis
2428 2997 2497 3050 et
2526 2987 2795 3052 devota
2844 2990 2957 3052 tibi

1740 3083 2131 3153 permaneat
2220 3084 2289 3138 et
2370 3093 2604 3138 secura
2698 3079 2959 3140 consis-

1739 3168 1855 3224 tat.
1962 3182 2083 3243 per
2110 3161 2474 3225 dominum.

1740 3251 1805 3324 εἴ
1858 3247 2111 3326 Quarto
2136 3249 2253 3312 die.
2462 3249 2682 3312 Lectio
2702 3251 2957 3330 prima,

1738 3339 2197 3466 Propterea
2240 3335 2471 3400 fratres
2524 3336 2957 3403 charissimi:

1894 3425 2051 3505 quia
2111 3424 2233 3486 iter
2292 3422 2524 3487 salutis
2584 3435 2834 3490 nostre
2894 3429 2957 3491 in

1740 3510 2047 3574 laudibus
2106 3521 2209 3574 est
2266 3511 2658 3576 salvatoris:
2718 3513 2958 3578 hortor

1738 3617 1896 3662 vos:
1945 3606 2014 3661 et
2052 3617 2449 3662 commoneo
2479 3600 2547 3662 in
2580 3599 2713 3663 hac
2764 3623 2957 3667 sacra

1740 3685 2137 3749 solennitate
2190 3686 2296 3749 dei
2348 3687 2688 3767 genitricis
2744 3691 2955 3754 marie

1740 3772 1945 3836 nolite
1978 3793 2233 3836 cessare
2264 3793 2305 3836 a
2336 3773 2665 3840 laudibus,
2744 3777 2951 3860 Quod

1739 3860 1793 3922 si
1824 3861 2013 3942 virgo
2044 3881 2157 3925 es:
2202 3862 2424 3942 gaude
2471 3864 2637 3944 quia
2684 3873 2765 3929 et
2818 3887 2955 3929 me·

1740 3947 1926 4011 ruisti
1988 3969 2132 4012 esse
2185 3958 2254 4012 et
2306 3959 2379 4012 tu
2440 3952 2625 4031 quod
2692 3953 2947 4017 laudas,

1736 4035 2168 4118 Responson’a
2226 4038 2576 4100 secundum
2654 4041 2949 4106 ordinem

1736 4134 1939 4205 supra
1967 4124 2227 4190 dictum,
2630 4127 2859 4194 Lectio
2884 4130 2947 4212 ij.

1831 4272 1852 4302 ⁸
1888 4281 2115 4338 quanta:
2154 4273 2293 4324 RN.

1834 4340 1855 4435 ζ
1886 4339 2335 4456 1⁸22<>eriiqug<¹inse=ntsit
2351 4339 2364 4364 ’
2388 4340 2527 4405 quod
2552 4344 2777 4394 sentitur
2796 4365 2811 4396 ε
2844 4345 2891 4394 5.

2990 4411 3065 4924 1⁴
