3117 4959
1089 239 1149 292 S.
1202 237 1835 292 EMERENCIANE
1881 237 2258 292 VIRGINIS.

967 347 1097 400 157

434 461 658 516 sancta
734 461 969 534 agnete.
1080 453 1141 516 A
1153 461 1214 516 n’.
1326 453 1636 534 Ingressa

440 561 661 623 agnes,
750 558 797 627 γ
843 541 1302 605 Adducentur.
1385 540 1634 604 Oratio.

440 628 887 711 Omnipotens
976 629 1377 710 sempiterne
1451 630 1631 691 deus,

438 717 538 780 Et
570 717 713 799 fiat
758 717 1067 780 memoria
1098 728 1226 798 per
1265 727 1521 779 octavas
1559 715 1638 778 de

437 814 664 867 sancta
709 814 935 886 agnete
974 826 1115 868 cum
1162 803 1533 887 antiphonis
1559 803 1641 866 de

436 891 742 954 laudibus
785 891 1142 954 ordinatim
1196 891 1467 956 iteratzk.
1571 896 1638 969 ff

438 979 566 1044 Ad
585 979 782 1042 horas
810 979 1149 1060 antiphone
1190 980 1268 1042 de
1312 979 1633 1044 laudibus.

446 1068 664 1134 Cetera
694 1068 771 1130 de
798 1068 1126 1130 communi
1165 1068 1363 1130 unius
1393 1077 1635 1148 marty-

442 1154 540 1218 ris
568 1176 709 1218 cum
730 1156 1015 1219 oratione
1034 1157 1316 1237 propria.
1412 1159 1475 1232 ff
1519 1155 1645 1218 Ad

441 1254 733 1324 vesperas
804 1243 1147 1324 antiphone
1199 1243 1277 1306 de
1332 1243 1640 1306 laudibus

438 1352 583 1394 cum
642 1331 925 1413 psalmis
983 1331 1357 1412 ferialibus.
1488 1331 1634 1413 Cap.

442 1420 580 1482 Iste
655 1430 937 1483 sanctus,
1059 1418 1256 1500 Hym.
1378 1417 1640 1500 Martyr

440 1506 565 1570 dei.
667 1523 714 1592 γ
762 1507 989 1570 Gloria
1050 1515 1117 1570 et
1176 1505 1441 1570 honore.
1550 1507 1637 1570 In

438 1615 663 1676 evang.
686 1602 791 1658 aa.
887 1595 1060 1658 Ecce
1086 1594 1225 1675 jam
1260 1595 1326 1657 in
1352 1595 1637 1658 sublime

442 1703 645 1764 agor:
694 1691 762 1746 et
818 1702 1051 1747 omnes
1106 1682 1431 1765 principes
1485 1691 1637 1747 tuos

442 1770 665 1833 seculo
724 1770 920 1834 altior
971 1780 1250 1852 tyranne
1303 1771 1637 1853 despicio:

443 1866 712 1940 paratus
744 1859 828 1920 ad
861 1858 1085 1922 omnia
1128 1879 1249 1942 pro
1295 1860 1638 1922 salvatoris

443 1947 711 2009 nomine
773 1947 1173 2010 sustinenda.
1252 1956 1350 2028 pf.
1445 1948 1638 2029 Mag-

444 2032 688 2097 nificat.
783 2033 1012 2098 Oratio
1061 2044 1136 2096 ut
1182 2045 1398 2116 supra.
1488 2036 1633 2099 Me-

442 2121 653 2184 moria
700 2120 778 2183 de
828 2121 1091 2184 domina
1112 2145 1136 2186 .·
1184 2132 1247 2184 et
1290 2123 1367 2184 de
1411 2133 1638 2186 sancta

440 2208 873 2271 emerentiana
902 2219 962 2272 et
990 2209 1068 2272 de
1092 2220 1314 2272 sancta
1345 2221 1584 2291 agnete.

446 2301 513 2374 (Ι
561 2296 649 2360 Si
687 2306 899 2360 autem
946 2297 1135 2376 infra
1178 2298 1319 2361 lxx.
1356 2308 1507 2361 ante
1537 2309 1634 2361 ta-

443 2405 585 2448 men
604 2385 855 2465 festum
869 2385 1356 2468 purificationis·
1382 2406 1633 2449 concur-

442 2482 600 2535 rant
611 2473 795 2553 festa
827 2473 910 2536 ix.
940 2473 1273 2537 lectionum
1297 2483 1359 2536 et
1386 2473 1589 2537 trium
1613 2497 1638 2538 .·

440 2570 507 2622 et
556 2560 851 2624 memorie
886 2561 1155 2642 fuerint
1188 2561 1492 2642 faciende
1508 2583 1531 2625 .·
1579 2561 1639 2624 is

442 2648 537 2711 sit
590 2648 743 2710 ordo
763 2671 787 2712 .·
817 2649 1002 2730 facto
1050 2650 1315 2712 servitio
1370 2650 1453 2712 ix.
1504 2649 1634 2714 lect.

426 2736 648 2817 primo
689 2747 997 2818 sequatur
1038 2736 1345 2800 memoria
1375 2737 1455 2800 de
1493 2739 1635 2802 lxx.

440 2823 708 2887 secundo
736 2825 815 2887 de
841 2825 1107 2888 domina
1143 2825 1329 2888 tertio
1357 2825 1437 2887 de
1461 2827 1640 2907 festo

446 2912 546 2993 iij.
598 2911 932 2976 lectionum
992 2912 1222 2977 ultimo
1278 2913 1359 2976 de
1412 2923 1640 2977 sancta

445 3010 669 3081 agnete
693 3023 717 3064 :
776 3000 912 3064 nisi
958 3001 1039 3064 de
1080 3002 1255 3082 festo
1300 3002 1521 3082 fuerit
1569 3002 1638 3065 in

444 3088 727 3152 crastino
782 3088 1179 3152 cantandum
1206 3111 1231 3152 .·
1289 3092 1445 3172 quia
1504 3111 1642 3172 ejus

432 3177 719 3257 precedet
746 3177 1055 3240 memoria
1086 3177 1254 3240 unde
1272 3177 1341 3240 in
1360 3179 1643 3240 crastino

444 3274 541 3326 est
566 3263 902 3326 dicendum
945 3266 1142 3328 etiam
1170 3265 1308 3327 sive
1333 3266 1427 3328 sit
1454 3266 1642 3347 infra

445 3351 574 3415 lxm
607 3351 747 3414 sive
770 3373 909 3414 non.

452 3442 515 3515 ff
566 3439 802 3502 Sancte
850 3439 915 3501 E
918 3439 1309 3502 merenciane
1356 3440 1644 3522 virginis·

444 3536 509 3589 et
538 3525 863 3607 martyris.
1357 3529 1570 3592 Lectio
1579 3531 1639 3610 j.

443 3617 701 3748 Post
751 3623 1033 3676 mortem
1079 3635 1235 3678 vero
1280 3614 1477 3680 beate
1526 3638 1641 3699 ag-

594 3702 765 3765 netis
796 3702 1104 3784 virginis:
1138 3714 1441 3784 parentes
1466 3704 1640 3768 illius

444 3789 695 3854 nullam
750 3789 1015 3871 penitus
1076 3791 1160 3853 de
1224 3802 1433 3855 morte
1495 3792 1640 3873 ejus

441 3876 763 3941 habentes
825 3878 1208 3941 tristiciam:
1254 3899 1405 3942 cum
1455 3881 1637 3944 omni

440 3967 687 4048 gaudio
719 3965 1132 4030 abstulerunt
1178 3987 1413 4050 corpus
1450 3969 1638 4049 ejus:

440 4063 509 4119 et
539 4062 900 4137 posuerunt
945 4053 1109 4118 illud
1143 4055 1209 4117 in
1242 4057 1471 4138 predio
1516 4077 1638 4120 suo

440 4163 574 4206 non
638 4142 836 4225 longe
888 4143 976 4205 ab
1032 4142 1193 4206 urbe
1246 4163 1475 4208 roma:
1530 4146 1640 4210 via

438 4249 569 4313 que
588 4230 827 4294 dicitur
846 4240 1254 4294 numentana
1277 4253 1292 4298 :
1336 4233 1447 4296 ubi
1473 4233 1636 4298 dum

824 4400 839 4430 ¹
874 4399 1123 4464 baptizata
1153 4419 1165 4451 ε
1202 4401 1265 4454 G.

2261 345 2400 402 158

1736 451 1954 514 omnis
1991 453 2185 516 turba
2233 453 2738 516 christianorum
2787 469 2938 516 con·

1735 550 2024 603 curreret
2051 562 2065 603 ε
2114 541 2386 603 insidias
2418 561 2459 603 a
2484 541 2766 622 paganis
2799 561 2939 623 per-

1737 629 1910 708 pessi
1935 638 2106 690 sunt.
2179 629 2270 691 Et
2288 630 2589 691 videntes
2617 628 2936 710 populum

1737 713 2102 778 infidelium
2169 736 2369 797 super
2427 737 2498 786 se
2557 717 2936 780 venientem

1735 812 2067 865 armatum
2097 826 2111 867 :
2157 824 2390 866 omnes
2421 803 2751 886 fugerunt.

1891 891 2296 954 merentiana
2343 901 2608 954 autem:
2659 891 2831 974 [Lec.
2869 893 2935 972 ij.

1887 999 2017 1060 que
2048 978 2260 1043 fuerat
2298 979 2712 1042 collactanea
2743 981 2938 1042 beate

1735 1068 2037 1148 agnetis:
2086 1067 2272 1148 virgo
2315 1069 2734 1130 sanctissima
2783 1067 2939 1131 licet

1734 1154 2241 1219 cathechumina
2278 1176 2293 1218 ε
2373 1165 2757 1218 constanter
2845 1157 2939 1218 in-

1737 1244 1998 1326 trepida
2057 1243 2257 1324 juxta
2317 1243 2736 1325 sepulchrum
2797 1242 2939 1324 ejus

1736 1332 1996 1394 stabat:
2044 1330 2441 1394 immobilis:
2488 1341 2554 1394 et
2584 1330 2687 1393 his
2721 1333 2943 1394 verbis

1737 1418 2186 1499 exprobrabat
2217 1420 2311 1481 eis
2352 1420 2597 1483 dicens,
2691 1419 2940 1501 Super-

1738 1505 1852 1568 flui
1916 1506 2136 1570 miseri
2181 1508 2414 1570 caduci
2476 1517 2678 1587 atque
2731 1517 2944 1569 attro-

1734 1594 1978 1656 cissimi
2011 1594 2194 1676 impii
2227 1595 2468 1677 pagani
2497 1615 2512 1658 z
2559 1595 2762 1657 deum
2797 1615 2942 1657 om-

1739 1683 2151 1762 nipotentem
2213 1682 2504 1746 colentes
2557 1683 2942 1746 occidistis:

1737 1779 1805 1832 et
1836 1789 1957 1851 pro
1989 1770 2372 1833 defensione
2415 1769 2714 1852 lapidum
2749 1772 2944 1834 inno-

1739 1865 1964 1922 centes
1995 1857 2298 1921 homines
2323 1859 2697 1939 jugulastis,

1741 1947 2002 2077 Hec
2035 1954 2103 2010 et
2135 1945 2236 2009 his
2281 1947 2520 2009 similia
2554 1945 2798 2029 [Lectio
2845 1945 2944 2028 iij.

1925 2035 2086 2097 dum
2149 2033 2358 2097 turbis
2416 2035 2706 2098 diceret:
2773 2033 2942 2115 lapi-

1736 2121 1896 2185 data
1927 2132 2027 2185 est
2070 2122 2156 2185 ab
2201 2122 2338 2185 eis:
2384 2131 2454 2184 et
2497 2141 2696 2185 orans
2735 2122 2942 2201 juxta

1737 2208 2154 2292 sepulchrum
2226 2209 2604 2273 beatissime
2674 2210 2939 2291 agnetis

1735 2297 2042 2378 virginis:
2076 2296 2294 2360 emisit
2318 2297 2638 2380 spiritum.
2737 2296 2938 2362 Unde

1736 2386 2012 2448 dubium
2069 2404 2202 2448 non
2257 2395 2396 2448 est:
2459 2384 2639 2466 quod
2697 2385 2766 2448 in
2817 2405 2939 2448 suo

1736 2473 2058 2554 sanguine
2089 2473 2175 2537 sit
2200 2473 2563 2555 baptisata¹
2590 2495 2604 2537 :
2653 2493 2788 2554 que
2820 2493 2939 2554 pro

1737 2560 2120 2623 defensione
2165 2559 2421 2641 justitie
2460 2561 2624 2623 dum
2663 2561 2939 2624 confite-

1737 2658 1916 2712 retur
1945 2649 2185 2712 deum:
2233 2658 2516 2714 mortem
2555 2658 2940 2712 constanter

1735 2737 2018 2818 excepit.
2111 2735 2474 2800 Venientes
2533 2746 2762 2800 autem
2827 2758 2942 2819 pa-

1739 2832 1956 2888 rentes
1982 2824 2362 2888 beatissime
2383 2826 2642 2906 agnetis
2666 2825 2940 2906 virginis

1737 2933 1889 2976 cum
1910 2912 2361 2976 sacerdotibus
2385 2933 2400 2976 :
2434 2923 2630 2976 nocte
2649 2912 2944 2976 abstule-

1739 3010 1890 3063 runt
1920 3019 2156 3082 corpus
2202 3009 2428 3062 sancte
2459 3001 2735 3081 virginis
2765 3020 2944 3063 eme-

1740 3089 2082 3152 renciane:
2129 3097 2197 3150 et
2228 3088 2630 3168 sepelierunt
2677 3088 2843 3151 illud
2876 3089 2944 3151 in

1741 3175 2026 3240 confinio
2059 3175 2255 3257 agelli
2288 3175 2671 3239 beatissime
2696 3177 2945 3258 virgin-

1740 3267 1809 3328 is.
1909 3263 2128 3329 Cetera
2201 3264 2281 3325 de
2350 3264 2679 3328 communi
2745 3267 2949 3328 unius

1740 3352 2025 3434 virginis·
2045 3362 2109 3414 et
2137 3352 2466 3432 martyris.

1743 3445 1806 3518 ff
1857 3439 2244 3503 Sanctorum
2299 3449 2667 3520 martyrum
2715 3439 2952 3504 babille

1737 3549 1880 3592 cum
1911 3528 2116 3591 ποι-ἱεὶς.
2651 3527 2876 3592 Lectio
2882 3529 2946 3610 j.

1737 3616 2295 3748 Numerianus
2341 3615 2542 3697 igitur
2581 3635 2744 3679 rex:
2791 3637 2950 3680 cum

1921 3704 2332 3768 immolasset
2381 3704 2748 3766 immundis
2804 3705 2952 3768 ido-

1739 3793 1864 3856 lis:
1927 3791 2138 3855 voluit
2201 3792 2468 3854 introire
2529 3792 2598 3853 in
2657 3791 2950 3855 domum

1739 3881 1891 3944 dei:
1937 3879 2056 3943 sed
2107 3888 2372 3942 sanctus
2424 3878 2710 3942 babillas
2771 3880 2954 3962 epis-

1739 3989 1946 4049 copus
2007 3967 2404 4050 prohibebat
2456 3986 2610 4029 eum
2672 3967 2910 4031 dicens
2935 3987 2956 4030 ε

1742 4057 1897 4120 Νοη
1931 4054 2145 4119 enim²¹
2169 4055 2371 4118 intres
2397 4055 2462 4117 in
2486 4054 2770 4117 domum
2798 4056 2908 4118 dei
2935 4075 2956 4119 z

1739 4144 1992 4208 habens
2108 4163 2343 4206 manus
2458 4143 2950 4224 coinquinatas.

1739 4231 1932 4298 Tunc
1981 4231 2403 4294 numerianus
2457 4230 2706 4295 iratus:
2749 4231 2956 4315 jussit

2017 4403 2038 4470 ‚²
2079 4399 2266 4450 ‘enim’
2292 4414 2389 4449 om.
2425 4417 2436 4449 z
2469 4399 2534 4450 G.
