3117 4959
1271 239 1332 292 S.
1378 238 1673 292 GERMA
1683 239 1789 292 ΝῙ
1814 239 2220 294 EPISCOPI.

1031 345 1188 398 429

507 451 976 516 simulachrum
1008 450 1166 513 solis
1197 450 1282 512 ad
1315 451 1703 534 exemplum

505 542 1010 604 christianorum
1031 538 1239 602 tribus
1258 539 1509 602 diebuS.
1545 541 1705 602 Post

505 630 798 693 triduum
859 629 1046 691 venit
1091 628 1364 709 quidam
1411 628 1707 707 quirinus

503 718 948 780 subdiaconus
985 724 1178 777 nocte
1223 724 1294 778 et
1337 715 1707 779 recondidit

509 825 786 886 corpora
877 812 1254 866 sanctorum
1351 805 1417 866 in
1505 802 1707 866 archa

511 892 826 974 plumbea
887 890 952 953 in
1029 891 1234 953 domo
1309 911 1430 954 sua
1505 892 1704 954 tertio

511 981 833 1043 kalendas
908 979 1188 1061 augusti.
1335 978 1553 1045 Cetera
1627 978 1710 1041 dc

509 1066 835 1130 communi
847 1066 1284 1148 plurimorum
1316 1077 1701 1145 martyrum.

513 1162 575 1234 (Ι
627 1155 683 1219 S
686 1156 715 1218 i
724 1155 978 1235 festum
1001 1155 1214 1217 sancti
1218 1155 1532 1235 germani
1543 1157 1703 1235 epis·-

505 1244 644 1325 copi
669 1244 739 1306 in
769 1241 1093 1305 dominica
1108 1243 1390 1304 evenerit
1406 1265 1430 1305 .·
1469 1241 1704 1306 antici-

493 1333 722 1414 pictur
743 1354 766 1394 .·
810 1339 874 1392 et
897 1329 1038 1413 fiat
1063 1328 1171 1392 die
1204 1329 1463 1394 sabbati
1487 1341 1701 1412 prece-

507 1421 623 1482 den
631 1419 688 1482 ti
707 1443 731 1483 .·
783 1427 845 1480 et
896 1427 1048 1480 tunc
1095 1437 1220 1480 non
1265 1419 1449 1500 fiant
1499 1417 1707 1481 medie

504 1509 793 1570 lectiones
833 1505 914 1568 dc
962 1505 1362 1586 martyribus
1403 1506 1614 1570 abdon
1644 1515 1705 1569 et

504 1615 736 1659 sennen
763 1617 786 1658 .·
853 1593 972 1656 scd
1023 1595 1332 1656 memoria
1394 1603 1651 1658 tantum
1678 1615 1704 1657 .·

503 1693 580 1746 ut
607 1691 875 1747 notatur
915 1680 984 1744 in
1029 1681 1288 1745 rubrica
1316 1691 1471 1747 ante
1513 1682 1701 1746 Deus

503 1772 820 1835 omniurn.
863 1778 970 1832 etc.

509 1865 571 1937 ff
623 1855 858 1923 Sancti
869 1856 1182 1938 germani
1199 1856 1467 1939 episcopi
1479 1865 1543 1919 ct
1557 1877 1701 1920 con-

491 1948 787 2029 sessoris.

505 2036 630 2100 Ad
652 2046 943 2118 vesperas
972 2032 1194 2098 omnia
1220 2032 1408 2117 fiant
1433 2033 1512 2096 de
1537 2053 1701 2096 com-

507 2123 708 2186 muni.
1415 2121 1629 2184 Lectio
1640 2121 1702 2203 j.

507 2213 604 2343 l
612 2211 789 2292 gitur
818 2229 1172 2292 germanus
1217 2209 1701 2272 antisiodoren-

613 2300 729 2361 sis¹
765 2299 992 2381 oppidi
1033 2297 1345 2378 indigena
1377 2295 1537 2360 suit:
1584 2317 1703 2378 pa-

507 2387 802 2450 rentibus
833 2385 1380 2468 splendidissimis
1401 2405 1703 2466 procrea-

509 2485 633 2537 tuS.
749 2472 1194 2537 Erudiebatur
1259 2471 1554 2555 profecto
1604 2473 1705 2535 di-

509 2563 802 2627 vinitatis
845 2561 1105 2625 occulto
1144 2559 1394 2642 judicio
1425 2580 1509 2623 ne
1540 2559 1702 2642 quid

509 2650 931 2733 perfectionis
1005 2650 1266 2712 deesset
1337 2649 1704 2729 apostolico

508 2738 805 2822 pontifici
837 2738 1074 2802 sutum.
1171 2737 1531 2799 Parabatur
1570 2735 1705 2800 elo-

509 2829 784 2909 quentia
813 2823 1372 2909 predicationibus
1400 2825 1705 2887 doctrina

506 2915 797 2996 justitie²
827 2913 1053 2978 uxoris
1089 2913 1370 2977 societas
1401 2912 1485 2975 ad
1518 2914 1705 2975 testi-

512 3006 808 3067 monium
842 3001 1182 3068 castitatis,
1273 2998 1379 3063 Eo
1415 3020 1705 3082 namque

511 3103 812 3174 tempore
871 3091 1268 3155 territorium
1344 3088 1704 3152 antisiodo—

511 3181 718 3242 rensis
772 3180 950 3242 urbis
1006 3177 1385 3242 visitatione
1440 3177 1707 3258 propria

508 3267 942 3349 gubernabat.
1391 3263 1606 3327 Lectio
1636 3264 1705 3346 ij.

510 3355 866 3486 Prefuit
883 3353 1120 3416 eodem
1155 3361 1453 3433 tempore
1485 3353 1702 3429 eidem

669 3442 921 3505 civitati
967 3441 1200 3503 beatus
1245 3448 1506 3502 amator
1533 3441 1705 3520 epis-

511 3528 727 3611 copali
805 3527 1148 3609 dignitate.
1269 3525 1402 3608 Qui
1478 3527 1704 3590 divina

512 3615 911 3680 revelatione
939 3634 1056 3677 sue
1087 3612 1502 3676 resolutionis
1533 3623 1704 3678 tem-

512 3727 636 3789 pus
696 3722 1105 3785 agnoscens:
1181 3711 1250 3766 et
1309 3721 1700 3782 germanum

507 3794 632 3857 sibi
666 3792 958 3856 futurum
1005 3810 1443 3853 successorem
1486 3792 1699 3872 previ-

507 3885 674 3946 dens
735 3883 978 3945 eduam
1039 3877 1370 3961 profectus
1423 3888 1522 3941 est
1553 3901 1568 3942 :
1633 3888 1703 3943 et

501 3973 829 4053 julianum
861 3969 985 4032 sibi
1009 3967 1380 4049 alloquitur.
1462 3967 1699 4030 Finem

505 4081 727 4123 meum
748 4058 1022 4121 domino
1056 4056 1214 4117 mihi
1249 4055 1703 4119 innotescente

502 4149 826 4231 cognovi:
873 4156 942 4209 et
987 4146 1142 4226 quia
1189 4163 1321 4207 non
1367 4151 1469 4206 est
1501 4143 1703 4208 alter³

503 4237 616 4318 qui
651 4235 942 4317 regimen
989 4233 1262 4298 ecclesie
1299 4241 1527 4296 sancte
1558 4253 1703 4297 sus·

635 4371 651 4400 ¹
687 4368 1117 4419 antissiodorensis
1143 4385 1155 4418 ε
1192 4367 1245 4418 S.

1030 4436 1049 4465 ⁴
1082 4441 1313 4482 tonsaret
1349 4431 1488 4482 RN.

1600 4367 1623 4396 ¹
1650 4366 1845 4431 justitia
1868 4383 1881 4418 :
1916 4367 2057 4418 R.N.

3027 269 3030 310 ι

2309 344 2472 399 430
3027 311 3030 412 !

1806 451 2009 532 cipiat
2042 452 2165 514 nisi
2196 471 2553 532 germanus
2580 470 2597 514 :
2642 449 2803 515 sieut
2826 453 2951 515 mihi
3027 431 3030 500 ἦ

1808 559 1847 601 a
1878 541 2155 602 domino
2198 539 2563 602 revelatum
2610 547 2753 602 est:
2792 561 2955 621 posco
3028 549 3030 554 “

1808 635 1882 689 ut
1906 628 2240 691 licentiam
2262 627 2423 690 mihi
2441 627 2695 690 tribuas
2714 628 2953 690 eundem

1806 735 2200 796 germanum
2233 715 2619 780 tonsorare.⁴
2706 714 2823 779 Cui
2846 737 2957 796 pre·

1807 803 2061 866 fectus:
2126 803 2319 867 Licet
2378 802 2541 865 mihi
2598 805 2957 865 necessarius

1804 891 1929 955 sit:
1976 901 2203 954 tamen
2252 891 2409 973 quia
2452 891 2619 953 deus
2662 891 2835 953 illum
2863 891 2957 954 sibi

1803 978 2003 1059 elegit
2038 998 2055 1043 ε
2128 987 2361 1042 contra
2434 978 2542 1042 dei
2612 987 2957 1060 preceptum

1800 1068 2025 1130 venire
2054 1087 2189 1130 non
2222 1087 2513 1148 possum.
2661 1066 2865 1129 Lectio
2888 1067 2961 1147 izj.

1822 1155 2099 1286 Tunc
2130 1156 2483 1236 episcopus
2512 1155 2655 1217 voti
2688 1174 2962 1236 compos:

1969 1262 2265 1306 reversus
2290 1244 2374 1307 ad
2396 1243 2737 1307 civitatem
2770 1261 2962 1305 suam:

1800 1339 1871 1394 et
1903 1330 2152 1412 populo
2182 1330 2270 1393 ad
2292 1351 2367 1394 se
2390 1338 2760 1394 convocato
2786 1331 2963 1392 dixit:

1803 1419 1861 1480 F
1863 1418 2020 1481 ilioli
2067 1419 2239 1482 hanc
2286 1419 2597 1481 dominus
2646 1439 2828 1481 meus
2854 1418 2962 1480 ani·
3028 1463 3030 1500 3

1802 1525 1983 1570 marn
2080 1506 2442 1588 suscipiet:
2544 1505 2825 1569 obsecro
2908 1515 2963 1567 ut

1800 1595 2148 1657 unanimes
2196 1592 2346 1658 loco
2387 1594 2519 1656 mei
2550 1593 2809 1657 faciatis
2848 1613 2961 1674 ger-

1802 1702 2074 1746 manum
2106 1701 2331 1746 meum
2376 1682 2655 1763 adipisci
2696 1681 2965 1744 officium.

1801 1770 1928 1834 Cui
1975 1771 2193 1833 omnis
2240 1769 2529 1852 populus
2580 1769 2965 1833 consentiens

1803 1858 2145 1940 respondit
2262 1857 2509 1921 Amen.
2632 1857 2965 1921 Germanus

1798 1965 1960 2009 vero
2006 1947 2249 2010 invitus
2292 1944 2604 2008 habitum
2654 1944 2963 2008 sacerdotii

1802 2035 2092 2114 recepit:
2138 2033 2256 2096 sed
2288 2043 2562 2114 repente
2608 2031 2963 2096 mutaturin

1800 2121 2126 2185 omnibus
2222 2121 2567 2184 Deseritur
2598 2121 2831 2183 mundi
2857 2137 2965 2181 ma—

1801 2209 1989 2273 licia:
2034 2208 2295 2272 celestis
2318 2208 2583 2272 bonitas
2608 2208 2967 2272 assumitur:

1800 2317 1974 2360 uxor
2035 2297 2100 2359 in
2162 2316 2452 2361 sororem
2514 2306 2857 2360 mutatur:
2916 2304 2968 2356 et

1801 2383 2101 2466 conjugis
2156 2385 2529 2449 substantia
2580 2385 2969 2467 dispensatur

1802 2473 1869 2535 in
1931 2493 2295 2556 pauperes:
2370 2481 2738 2555 paupertas
2794 2471 2969 2535 ambi-

1802 2569 1925 2624 tur.
2640 2561 2849 2624 Loetio
2874 2559 2970 2639 iiij.

2032 2668 2114 2712 ea
2144 2647 2253 2712 die
2282 2669 2417 2730 qua
2459 2647 2709 2712 beatus
2752 2667 2973 2731 germa-

1952 2757 2075 2800 nus
2104 2737 2455 2801 sacerdotii
2491 2737 2787 2818 sumpsit
2810 2755 2973 2798 exor-

1804 2823 1989 2888 dium
2052 2845 2263 2906 usque
2314 2825 2401 2889 ad
2454 2826 2819 2888 terminum
2866 2825 2973 2886 vite

1802 2921 1993 2975 tanta
2052 2912 2454 2977 abstinentia
2502 2914 2809 2995 corporis
2860 2911 2973 2974 ani·

1804 3019 1985 3063 mam
2034 3021 2224 3064 suam
2272 3001 2492 3082 pavit:
2540 3010 2617 3063 ut
2666 3019 2974 3082 nunquam

1804 3108 2048 3169 panem
2110 3086 2467 3152 frumenti:
2534 3109 2677 3151 non
2742 3091 2977 3152 vinum:

1806 3195 1937 3238 non
1976 3176 2237 3240 oleum:
2285 3196 2416 3239 non
2464 3175 2831 3258 legumen:
2872 3193 2977 3238 non

1804 3262 2067 3326 acetum
2109 3263 2216 3328 vel
2261 3264 2469 3327 salem
2501 3264 2587 3327 ad
2622 3283 2827 3327 usum
2854 3282 2979 3326 con·

1802 3352 2031 3415 diendi
2062 3371 2369 3435 saporem
2402 3353 2525 3415 nisi
2552 3353 2619 3414 in
2648 3352 2976 3415 solennita-
3028 3397 3030 3438 ᾖ

1802 3441 1981 3503 tibus
2012 3441 2284 3522 accepit.
2362 3440 2687 3523 Quodam
2711 3448 2977 3522 tempore

1802 3528 2039 3592 beatus
2082 3548 2441 3610 germanus
2472 3548 2593 3610 pro
2626 3549 2801 3611 pace
2830 3525 2975 3610 apud

1802 3616 2265 3699 imperatorem
2299 3615 2737 3698 supplicatur.
2784 3617 2909 3679 Lec.
2932 3633 2973 3676 a

1802 3708 1996 3836 At
2024 3705 2138 3766 ubi
2187 3714 2455 3768 sanctus
2496 3725 2863 3787 germanus
2900 3721 2974 3764 m-

1965 3812 2252 3855 vennam
2297 3793 2706 3874 properabat
2752 3799 2975 3855 sancto·

1802 3900 1947 3942 rum
1998 3880 2145 3944 loca
2192 3881 2511 3951 circuiens
2561 3881 2871 3962 pervenit
2910 3873 2975 3938 ad

1801 3969 2134 4032 tumulum
2176 3970 2389 4032 sancti
2430 3969 2725 4031 cassiani
2760 3968 2973 4050 episco-

1800 4058 1885 4139 pi.
1983 4057 2117 4121 Ubi
2152 4056 2311 4119 fusis
2344 4075 2433 4117 ex
2468 4075 2659 4118 more
2706 4053 2973 4138 precibus

1800 4146 1933 4208 ait:
1995 4143 2194 4226 Quod
2228 4143 2407 4225 agis⁵
2438 4142 2646 4206 frater
2676 4138 2971 4226 gloriose?
3028 4167 3030 4228 3

1799 4231 1899 4296 At
1945 4232 2054 4295 ille
2090 4233 2317 4295 statim
2362 4251 2401 4294 e
2443 4233 2714 4295 tumulo
2760 4229 2971 4296 cunctis
3027 4251 3030 4316 j

2484 4369 2506 4398 ⁸
2538 4367 2707 4419 altero
2733 4388 2751 4420 t
2784 4367 2837 4418 s
3027 4339 3030 4398 Ι

2088 4435 2107 4463 ⁵
2148 4432 2236 4481 ‘o’
2262 4432 2403 4483 add:
2438 4433 2505 4483 N.
