3117 4959
1500 233 1604 286 IN
1651 233 1917 290 FESTO

982 346 1139 400 265

448 461 598 514 ante
630 462 893 534 portam
940 449 1221 512 latinam
1276 448 1383 512 vel
1432 456 1649 511 sancte

446 540 655 603 crucis
674 563 695 602 .·
744 540 850 602 vel
862 537 1137 620 aliquod
1148 537 1366 600 simile
1382 536 1451 599 in
1472 535 1644 616 vigi-

447 628 545 690 lia
574 626 959 690 ascensionis
1000 624 1280 688 evenerit
1296 647 1319 688 .·
1364 624 1460 688 ibi
1500 624 1646 687 cele-

451 715 683 779 bretur.
779 715 835 778 S
835 715 920 778 ed
969 714 1067 777 ad
1118 723 1413 794 vesperas
1462 713 1647 775 nulla

436 803 565 887 fiet
594 802 901 865 memoria
944 802 1026 865 de
1048 810 1267 864 sancto
1286 823 1309 864 .·
1358 800 1493 862 nisi
1503 801 1648 881 fes-

456 899 598 953 tum
642 891 735 953 sit
782 891 1026 972 duplex.
1122 894 1185 966 ΙΙ
1236 889 1293 953 S
1296 888 1325 950 i
1371 909 1515 951 vero
1579 888 1648 950 in

456 979 565 1040 die
590 978 868 1042 evenerit
892 1000 916 1040 .·
958 976 1313 1057 differatur
1362 977 1432 1039 in
1475 997 1652 1038 cras-

458 1067 671 1128 tinum
694 1090 716 1131 .·
762 1076 825 1130 et
853 1076 1003 1128 tunc
1028 1063 1124 1128 ad
1147 1075 1438 1146 vesperas
1458 1063 1527 1126 in
1548 1062 1658 1126 die

455 1154 840 1218 ascensionis
862 1177 885 1217 .·
929 1174 1049 1236 que
1085 1163 1277 1216 erunt
1324 1151 1404 1214 de
1440 1172 1654 1214 ascen·

454 1243 642 1307 sione.
672 1243 813 1325 fiat
836 1241 914 1304 de
942 1242 1034 1304 eis
1064 1240 1387 1303 memoria.

460 1335 523 1407 11
575 1331 631 1394 S
634 1331 662 1394 i
690 1331 939 1411 festum
998 1329 1212 1392 sancti
1266 1327 1653 1410 augustini.

456 1419 563 1482 vel
619 1418 892 1500 aliquod
933 1417 1151 1480 simile
1200 1425 1351 1479 ante
1394 1417 1652 1496 penthe-

452 1516 655 1570 costen
739 1505 1019 1568 evenerit
1040 1527 1064 1568 .·
1142 1515 1273 1568 tres
1359 1502 1652 1566 lectiones

438 1595 625 1678 fiant
649 1615 791 1657 cum
826 1591 1137 1672 regimine
1164 1591 1353 1655 chori.
1449 1596 1512 1668 {1
1565 1590 1654 1655 Si

456 1703 603 1745 vero
634 1682 818 1763 infra
851 1681 1285 1762 penthecosten
1324 1678 1608 1741 evenerit
1625 1701 1649 1742 .·

455 1770 715 1832 omnino
767 1769 1303 1850 pretermittatur.
1419 1772 1482 1844 ΙΙ
1562 1766 1619 1829 S
1623 1765 1653 1829 i

458 1878 606 1919 vcro
624 1865 771 1937 post
797 1856 1233 1939 penthecosten
1279 1875 1499 1918 novem
1532 1854 1651 1917 lec-

459 1945 658 2007 tiones
657 1945 854 2026 fiant.
918 1949 984 2021 01
1035 1945 1090 2007 S
1093 1944 1122 2006 i
1149 1943 1218 2006 in
1235 1943 1411 2021 festo
1437 1951 1655 2005 sancte

458 2031 783 2094 trinitatis
810 2032 1126 2094 evenerit.
1122 2053 1136 2068 ·
1180 2030 1534 2132 differatur
1578 2029 1647 2092 in

452 2119 832 2182 crasti.num
926 2118 1121 2196 Quod
1146 2120 1364 2181 minus
1407 2117 1514 2181 hic
1543 2117 1650 2180 di-

453 2208 629 2269 citur
652 2207 729 2269 de
756 2206 951 2288 liujus
982 2206 1152 2269 modi
1174 2205 1380 2288 festis
1400 2214 1648 2268 sancto-

458 2316 656 2357 rum:
744 2295 1140 2375 querantur¹
1222 2293 1516 2375 superius
1578 2293 1648 2355 in

455 2381 715 2444 rubrica
796 2382 863 2444 in
947 2381 1185 2464 vigilia
1262 2381 1648 2444 ascensionis

452 2471 620 2533 satis
640 2471 850 2551 plane.

458 2563 523 2636 (ἶ
570 2559 617 2621 J
612 2580 655 2621 n
671 2559 849 2639 festo
894 2557 1321 2639 apostolorum
1362 2556 1650 2639 philippi

454 2657 519 2710 et
526 2646 763 2729 jacobi

454 2735 579 2798 Ad
615 2745 905 2838 vesperas
949 2755 1053 2798 an.
1143 2732 1284 2796 Vos
1337 2733 1449 2814 qui
1502 2732 1647 2794 reli-

455 2823 708 2904 quistis
753 2823 857 2886 et²
890 2821 1109 2884 ceteris
1129 2819 1543 2902 antiphonis³
1573 2829 1650 2882 ut

454 2909 523 2972 in
590 2910 915 2972 communi
984 2909 1414 2988 apostolorum
1496 2928 1643 2970 cum

436 2998 721 3079 psalmis
767 2997 1139 3079 ferialibus.
1258 2995 1406 3077 Cap.
1488 2996 1643 3057 Non

448 3105 567 3148 vos
602 3105 708 3148 me
740 3084 1047 3168 elegistis·
1140 3100 1187 3170 y
1237 3084 1437 3146 Ibant
1481 3103 1649 3164 gau-

447 3173 701 3237 denteS.
1324 3171 1644 3250 Hymnus.

445 3262 749 3394 Proni
812 3280 1122 3343 rogamus
1191 3258 1488 3340 philippe
1572 3280 1648 3322 os

607 3349 934 3431 lampadis
963 3349 1107 3431 pias
1154 3347 1411 3410 celestis
1458 3367 1648 3410 aures

448 3438 637 3518 pulsa
679 3437 953 3517 judicis:
1001 3447 1075 3499 ut
1138 3454 1268 3516 que
1317 3454 1649 3497 meremur

448 3523 725 3604 repellat
757 3522 1077 3604 supplicia
1105 3545 1118 3586 :
1168 3530 1233 3584 et
1254 3541 1384 3601 que
1416 3543 1642 3603 preca-

449 3631 596 3672 mur
618 3611 768 3673 :det
793 3630 1073 3690 superna
1090 3609 1355 3689 gaudia.
1378 3611 1644 3674 versus.⁴

612 3698 820 3760 acobe
847 3697 1020 3778 juste
1066 3697 1225 3776 Jesu
1273 3694 1474 3759 frater
1521 3698 1640 3761 do-

614 3786 773 3847 mini
820 3785 905 3847 sit
950 3783 1067 3846 tibi
1120 3784 1229 3864 pia
1276 3805 1475 3864 super
1521 3807 1641 3849 nos

441 3873 857 3955 compassio:
903 3891 1069 3953 quos
1122 3890 1265 3934 reos
1316 3871 1471 3935 fecit
1532 3895 1638 3936 su-

441 3962 645 4044 perba
700 3961 1023 4042 jactantia
1106 3969 1307 4041 atque
1391 3960 1640 4024 sedavit

440 4051 671 4113 mundi
789 4048 1175 4129 petulantia.
1312 4047 1637 4128 Hymnus.

436 4137 686 4199 Annue
752 4137 1032 4201 Christe.
1124 4151 1171 4220 y
1224 4135 1302 4197 In
1364 4157 1634 4200 omnem

435 4233 698 4288 terram.
821 4225 903 4287 In
966 4243 1221 4306 evange.
1319 4233 1427 4289 aii.
1561 4224 1634 4289 Si

538 4359 551 4389 ¹
588 4365 835 4424 queratur
849 4374 866 4406 .·
900 4359 961 4408 R.
970 4359 1039 4410 Ν.

1313 4360 1333 4389 ²
1357 4367 1456 4422 pro
1485 4359 1763 4410 ‘estc-mn:
1796 4363 1940 4414 RN.

770 4427 787 4454 ⁴
812 4432 908 4488 pro
940 4431 953 4453 ‘
968 4441 1135 4475 versus
1151 4427 1164 4448 ’
1189 4427 1453 4488 Ilymnus:
1486 4425 1550 4474 R.
1565 4425 1693 4477 MS.

2269 343 2423 398 266

1749 449 2124 512 manseritis
2156 449 2223 511 in
2276 469 2384 513 me
2435 457 2501 512 et
2557 449 2762 512 verba
2805 468 2946 511 mea

1746 539 1812 600 in
1845 538 2036 601 vobis
2067 539 2428 600 manserint
2455 558 2470 600 :
2503 538 2949 617 quodcunque

1745 626 2066 708 petieritis
2097 625 2212 688 fiet
2243 625 2448 688 vobis.
2499 623 2770 687 alleluia
2801 623 2950 686 all’a

1746 713 1913 777 all’a.
1995 723 2092 795 ps.
2143 712 2552 794 Magnificat.
2697 711 2947 777 Oratio.

1747 805 2039 932 Deus
2085 802 2197 884 qui
2249 821 2370 864 nos
2411 820 2632 862 annua
2680 809 2948 881 aposto-

1927 889 2138 952 lorum
2200 898 2464 953 tuorum
2538 887 2821 969 philippi
2883 897 2948 950 et

1745 977 1964 1058 jacobi
2086 975 2485 1042 solennitate
2624 975 2944 1038 letificas,
2932 998 2945 1010 ·

1753 1074 1974 1147 presta
2034 1085 2394 1166 quesumus
2515 1073 2588 1128 ut
2660 1083 2947 1145 quorum

1751 1153 2122 1236 gaudemus
2213 1153 2460 1215 meritis
2542 1153 2951 1214 instruamur

1753 1240 2258 1322 exen1p1i5.per
2305 1239 2502 1302 domi.
2612 1239 2948 1302 Memoria

1751 1339 1828 1392 ut
1871 1339 2088 1410 supra.
2181 1327 2306 1390 Ad
2347 1327 2710 1390 matutinas
2755 1327 2946 1389 Invi-

1752 1426 1930 1479 tato:
1983 1417 2240 1498 Regem
2290 1415 2763 1498 apostolorum.
2843 1424 2944 1497 ps.

1747 1505 2006 1568 Venite.
2201 1504 2523 1584 Hymnus.
2691 1503 2947 1566 Eterna

1750 1592 1995 1656 Christi
2090 1607 2364 1654 munera
2482 1591 2944 1672 apostolorum

1743 1681 1973 1762 gloria.
2047 1699 2190 1742 cum
2263 1679 2502 1742 versu³
2557 1677 2945 1760 Quesumus

1747 1778 1976 1831 auctor
2047 1769 2361 1830 omnium.
2483 1784 2530 1851 γ
2607 1767 2714 1829 Tu
2778 1777 2942 1830 esto,

1742 1867 1846 1920 etc.
1894 1857 1979 1919 In
2011 1866 2314 1918 nocturno
2340 1863 2445 1917 an.
2543 1854 2622 1916 In
2669 1874 2942 1918 ornnem

1745 1953 2007 2007 terram.
2085 1953 2184 2024 ps.
2233 1943 2376 2008 Celi
2409 1951 2740 2006 enarrant.
2809 1945 2942 2006 Αῆ.

1749 2030 2238 2097 Clamaverunt.
2337 2039 2434 2113 pf.
2515 2031 2938 2094 Benedicam.

1750 2120 1886 2182 Αῆ.
1955 2120 2355 2184 ConstitueS.
2433 2126 2534 2200 ps.
2575 2119 2940 2183 Eructavit.

1745 2223 1792 2292 γ
1844 2208 1920 2270 In
1953 2227 2222 2270 omnem
2253 2215 2516 2270 terram.
2573 2206 2938 2269 Secundum

1743 2297 1892 2426 ln
1963 2295 2078 2358 illo
2126 2304 2462 2376 tempore:
2539 2294 2938 2378 [johannem.

1855 2381 2052 2446 Dixit
2111 2383 2303 2463 Jesus
2364 2382 2706 2466 discipulis
2760 2383 2937 2445 suis:

1749 2471 1902 2533 Non
1935 2471 2234 2533 turbetur
2253 2490 2368 2533 cor
2387 2481 2707 2534 vestrum:
2726 2491 2937 2551 neque

1743 2559 2069 2622 formidet.
2121 2557 2410 2623 Creditis
2459 2559 2525 2621 in
2574 2561 2824 2622 deum:
2871 2567 2938 2621 et

1746 2647 1811 2709 in
1847 2667 1952 2708 me
1983 2647 2246 2709 credite.
2344 2647 2435 2709 Et
2467 2646 2733 2728 reliqua.

1750 2733 2004 2798 Omelia
2038 2734 2204 2798 beati
2231 2734 2574 2815 augustini
2599 2735 2877 2815 episcopi.

1743 2823 1974 2951 Ne
2051 2831 2332 2885 mortem
2409 2831 2554 2885 tan·
2611 2821 2848 2905 [Lectio
2879 2821 2939 2903 j.

1936 2930 2138 2992 quam
2214 2909 2517 2974 homines
2591 2911 2940 2974 timerent:

1745 3006 1810 3059 et
1845 2997 1993 3060 ideo
2043 2997 2500 3062 turbarentur:
2565 2998 2944 3061 consolatur

1744 3085 2054 3148 dominus
2085 3085 2446 3167 discipulos
2499 3106 2695 3150 suos:
2743 3087 2938 3150 deum

1745 3193 1818 3234 se
1849 3193 1992 3236 esse
2012 3183 2409 3238 contestans
2505 3172 2940 3258 Consequens

1746 3269 1847 3322 est
1879 3262 2055 3324 enim
2085 3283 2100 3325 ε
2126 3270 2201 3324 ut
2231 3261 2284 3324 si
2319 3263 2384 3324 in
2418 3262 2620 3325 deum
2643 3264 2938 3327 creditis:

1746 3349 1910 3410 etin
1959 3369 2067 3411 me
2109 3349 2374 3412 credere
2426 3351 2749 3415 debeatis
2867 3353 2938 3414 In

1744 3437 1951 3499 domo
2033 3439 2239 3519 patris
2339 3439 2469 3502 mei
2567 3441 2940 3503 mansiones

1746 3523 1952 3588 multe
1985 3535 2178 3588 sunt:
2225 3528 2383 3608 quia
2415 3528 2652 3590 merita
2683 3539 2938 3593 sancto-

1746 3632 1889 3675 rum
1923 3613 2183 3677 diversa
2205 3624 2375 3678 sunt.
2452 3615 2696 3678 Nullus
2715 3637 2937 3679 eorum

1743 3701 2138 3765 alienabitur
2196 3703 2284 3765 ab
2344 3703 2456 3767 illa
2515 3704 2766 3770 domo:
2838 3705 2937 3768 ubi

1743 3790 2155 3853 mansionem
2219 3811 2340 3872 pro
2423 3812 2546 3854 suo
2647 3793 2938 3874 quisquis

1743 3887 2131 3958 accepturus
2163 3889 2264 3941 est
2283 3880 2553 3960 premio.
2621 3879 2797 3944 Ideo
2818 3901 2938 3943 non
3056 3909 3059 3926 ·

1739 3965 2041 4027 turbetur
2129 3986 2242 4029 cor
2328 3975 2639 4031 vestrum.
2771 3969 2938 4032 Nam

1739 4071 1908 4114 unus
1939 4053 2250 4116 denarius
2294 4055 2607 4118 omnibus
2653 4057 2723 4118 in
2755 4058 2939 4120 vinea

1736 4138 2191 4204 laborantibus
2253 4162 2366 4223 per
2447 4142 2650 4206 fidem
2721 4156 2940 4210 eterna

1735 4226 1932 4290 datur
1975 4230 2132 4291 vita.
2221 4229 2336 4293 Re.
2384 4231 2653 4295 Virtute
2703 4255 2938 4321 ma3na

2183 4371 2203 4399 ⁸
2234 4377 2378 4418 cetere
2394 4371 2668 4433 antiphone
2681 4389 2700 4422 .·
2735 4375 2789 4424 S.

2044 4435 2064 4462 ⁸
2104 4438 2275 4483 ‘versu
2293 4434 2306 4458 ⁹
2329 4451 2420 4484 om.
2444 4450 2462 4482 .·
2497 4437 2548 4486 S.
