3117 4959
1088 270 1458 328 NOMJNJS
1505 270 1737 344 JESU.

708 380 862 435 ‘769

160 486 289 593 In
316 485 431 545 hac
470 483 823 545 solennitate
848 483 1133 545 carissimi
1162 496 1365 547 nostra

248 584 385 642 spes
427 574 555 624 tota
596 563 832 640 erigitur
882 566 1031 625 fides
1084 576 1365 641 augetur:

162 644 379 703 caritas
416 642 801 703 diffunditur:
844 661 1076 703 summe
1116 655 1177 703 et
1215 643 1371 703 indi-

162 722 343 783 vidue
370 721 645 781 trinitatis
671 722 827 781 alma
853 722 1130 797 majestas
1146 720 1377 799 magni-

162 804 277 861 fice
305 800 773 861 commendatur.
862 802 941 860 Et
980 800 1373 875 jubilantibus

164 878 402 940 celestis
455 877 615 939 curie
670 877 995 938 ordinibus
1046 878 1107 937 in
1155 879 1373 939 mentis

166 976 417 1019 excessu
491 957 853 1017 famulantur
914 955 1137 1017 etherei
1192 957 1368 1017 cives.

168 1036 359 1097 Rosei
437 1036 806 1111 applaudunt
874 1046 1155 1112 martyres
1236 1035 1377 1111 quia

166 1117 315 1177 dum
343 1116 519 1190 Jesus
548 1126 637 1174 est
664 1112 729 1173 in
754 1112 958 1173 animo
982 1116 1162 1174 robur
1186 1113 1377 1175 victo-

164 1212 264 1255 res
292 1213 357 1253 se
387 1192 640 1269 inclytos
668 1202 938 1251 noscunt.
1027 1194 1106 1252 Et
1141 1194 1375 1253 conses-

166 1291 333 1333 sores
383 1270 625 1331 candidi
682 1272 927 1331 laudant
970 1290 1107 1330 cum
1156 1290 1378 1332 canore

165 1350 363 1428 jubilo
391 1351 536 1409 dum
562 1352 737 1425 Jesus
764 1360 828 1409 ut
856 1350 973 1409 mel
1001 1348 1287 1410 dulcescit
1316 1349 1378 1409 in

164 1449 293 1490 ore.
376 1431 459 1489 At
509 1429 656 1488 dum
710 1428 899 1487 melos
952 1427 1149 1487 suavis
1202 1430 1378 1505 Jesus

166 1509 369 1585 pulsat
392 1504 683 1583 virgineas
709 1525 877 1566 aures
904 1528 917 1564 :
962 1506 1079 1567 filie
1106 1506 1367 1567 hierusa—

168 1589 293 1646 lem
340 1595 623 1645 canentes
668 1584 990 1645 cursitant:
1032 1585 1378 1662 hymnidice

170 1664 471 1743 gaudent:
524 1662 867 1723 catervatim
910 1664 1175 1723 exultant
1220 1674 1279 1723 et
1318 1663 1381 1722 in

172 1742 390 1805 simul¹
434 1758 643 1802 ornnes
682 1741 1005 1818 primordia
1052 1741 1255 1801 salutis
1296 1740 1381 1802 di·

172 1833 383 1882 centes
410 1822 555 1896 Jesu
596 1831 798 1880 nostra
839 1819 1173 1897 redemptio
1212 1839 1381 1880 amor

172 1913 239 1961 et
267 1898 641 1959 desiderium.
709 1901 848 1958 Hec
876 1911 966 1958 est
992 1897 1093 1957 illa
1118 1900 1381 1975 preclara

172 1977 465 2039 festivitas
508 1996 689 2053 quam
735 1989 931 2054 patres
974 1976 1080 2037 diu
1132 1977 1382 2053 suspira-

173 2068 317 2117 runt
343 2057 518 2132 longe
544 2066 684 2115 ante
712 2056 1088 2132 predixerunt
1127 2058 1381 2133 prophe-

176 2148 285 2197 te:
340 2134 589 2210 mystice
640 2134 1116 2210 significaverunt
1178 2136 1377 2209 figure.

175 2218 267 2275 At
294 2214 539 2273 tandem
566 2212 664 2272 ille
691 2214 1129 2290 paranymphus
1161 2212 1385 2289 gabriel

174 2292 419 2353 celestis
462 2290 768 2351 nunciavit
810 2290 1007 2351 marie.
1094 2292 1275 2367 Quod
1310 2311 1385 2350 ex

178 2384 245 2433 te
272 2382 548 2429 nascetur
588 2382 858 2431 sanctum
900 2369 1207 2430 vocabitur
1233 2369 1385 2429 filius

180 2450 283 2513 dei
316 2461 377 2509 et
402 2468 623 2509 nomen
650 2450 777 2525 ejus
798 2450 985 2525 Jesus.
1045 2450 1146 2508 Re.
1180 2450 1385 2509 Salvos

178 2531 281 2589 fac
312 2546 425 2587 nos
461 2527 703 2587 domine
742 2528 894 2588 deus
923 2538 1123 2587 noster
1154 2538 1215 2587 et
1242 2546 1382 2586 con-

179 2626 363 2686 grega
390 2625 501 2665 nos
528 2606 605 2666 de
632 2606 984 2667 nationibus,
1073 2607 1161 2665 Ut
1200 2607 1385 2665 confi·

180 2700 417 2748 teamur
443 2684 671 2744 nomini
697 2696 801 2746 tuo
830 2695 1038 2745 sancto
1077 2696 1137 2744 et
1178 2683 1386 2761 glorie-

182 2784 323 2825 mur
348 2764 409 2822 in
446 2764 623 2825 laude
666 2774 780 2823 tua.
866 2766 915 2839 Ῠ
958 2765 1037 2823 Et
1064 2774 1300 2838 sperent
1325 2762 1389 2821 in

184 2856 251 2905 te
292 2844 395 2918 qui
436 2852 731 2902 noverunt
770 2860 991 2901 nomen
1033 2852 1198 2901 tuum
1238 2860 1387 2917 quo-

184 2922 353 2982 niam
395 2939 519 2981 non
567 2920 931 2997 dereliquisti
972 2930 1287 2997 querentes
1328 2930 1390 2980 te

186 2999 454 3061 domine.
543 3002 644 3059 Ut.
1086 3000 1272 3058 Ledio
1298 3001 1384 3074 iij.

310 3078 471 3139 esus²
498 3079 631 3138 sons
666 3077 785 3138 vite
810 3076 1070 3154 signatus
1092 3076 1195 3153 qui
1223 3088 1390 3155 quat-

310 3169 444 3216 tuor
505 3158 569 3215 in
610 3156 764 3217 rivos
832 3176 896 3217 se
961 3154 1241 3216 diffundit
1286 3174 1395 3232 per

188 3237 421 3315 plateas
468 3238 643 3312 Jesus
670 3256 707 3295 a
734 3236 853 3296 deo
880 3234 1055 3294 nobis
1082 3236 1272 3295 factus
1300 3245 1391 3295 est

188 3314 483 3391 sapientia
517 3313 754 3390 justicia
794 3312 1183 3374 sanctificatio
1209 3324 1390 3390 atque

186 3393 543 3469 redemptio,
628 3396 699 3451 In
728 3390 1135 3469 predicatione
1162 3391 1394 3467 sapien-

188 3472 315 3534 tia:
352 3470 589 3547 justicia
634 3470 697 3531 in
742 3481 1124 3547 peccatorum
1156 3472 1393 3531 absolu-

187 3551 363 3611 tione
397 3550 459 3609 in
492 3549 939 3609 conversatione
980 3549 1389 3609 sanctificatio:

191 3630 261 3690 in
288 3627 567 3706 passione
592 3627 942 3704 redemptio,
1008 3628 1191 3688 Unde
1219 3628 1397 3703 scrip-

190 3721 325 3769 tum
374 3718 463 3767 est
507 3710 654 3767 Tres
694 3706 799 3765 rivi
841 3707 1136 3766 fluxerunt
1173 3726 1209 3765 a
1248 3708 1392 3782 Jesu

190 3788 445 3847 verbum
499 3785 721 3845 doloris
769 3784 831 3843 in
905 3803 1027 3860 quo
1101 3784 1395 3844 confessio

194 3862 439 3941 sanguis
481 3862 839 3941 aspersionis
892 3862 955 3922 in
984 3882 1105 3940 quo
1132 3862 1395 3923 afflictio:

190 3962 355 4021 aqua
430 3941 869 4003 emundationis
933 3941 995 4000 in
1050 3960 1169 4018 qua
1234 3960 1395 4002 com·

190 4021 447 4100 punctio
474 4021 827 4097 designatur.
888 4020 1033 4080 Hoc
1060 4031 1150 4080 est
1178 4037 1399 4081 nomen

194 4100 363 4178 quod
384 4103 601 4159 Paulus
619 4098 891 4176 portabat
907 4118 1105 4159 coram
1123 4099 1399 4175 gentibus

192 4191 261 4239 et
288 4178 525 4255 regibus
552 4189 617 4237 ut
644 4179 945 4237 lucernam
976 4196 1151 4253 super
1178 4179 1397 4237 cande-

193 4260 447 4318 labrum.
534 4256 811 4317 Mirabile
858 4267 949 4317 est
989 4254 1148 4317 enim
1176 4274 1249 4316 ac
1276 4274 1403 4316 sua-

304 4395 319 4425 ¹
353 4394 591 4444 insimul:
626 4394 755 4447 N.S.

304 4464 325 4492 ⁴
360 4468 433 4510 est
457 4461 501 4509 ei
525 4479 537 4509 ε
572 4460 641 4509 N.

1134 4392 1437 4455 *Jews

1136 4461 1157 4489 ⁸
1188 4458 1357 4507 enim:
1394 4458 1445 4508 S.

1998 383 2143 437 770

1472 485 1796 547 vissimum.
1879 486 2066 547 Unde
2117 485 2365 563 quidam
2419 485 2516 547 ait.
2613 484 2678 547 Si

1475 566 1697 627 scribas
1726 588 1739 625 ε
1786 564 1836 625 si
1876 567 2146 626 conferas
2189 584 2315 626 non
2349 564 2504 641 sapit
2529 563 2679 623 mihi

1474 644 1588 704 nisi
1635 646 1838 721 legero
1881 644 1966 704 ibi
2003 646 2228 718 Jesum.
2311 644 2376 705 Si
2404 642 2674 721 disputes

1473 735 1579 784 aut
1625 724 1940 783 conseras:
1979 742 2102 782 non
2157 722 2312 800 sapit
2363 720 2508 781 mihi
2562 720 2680 781 nisi

1476 802 1740 861 sonuerit
1783 800 1864 861 ibi
1891 802 2082 877 Jesus.
2165 804 2342 878 Jesus
2382 819 2525 877 ergo
2567 818 2677 859 no-

1476 899 1618 940 men
1662 882 1840 939 dulce
1895 891 1956 939 et
2008 880 2362 941 delectabile
2394 902 2409 941 ι
2451 897 2678 939 nomen

1474 960 1818 1019 confortans
1871 970 2292 1035 peccatorem:
2353 969 2414 1019 et
2455 976 2680 1017 nomen

1476 1037 1651 1097 beate
1705 1036 1846 1114 spei.
1937 1038 2094 1113 Ergo
2147 1038 2292 1113 Jesu
2347 1048 2476 1097 esto
2529 1034 2682 1094 mihi

1474 1118 1670 1191 Jesus.
1793 1118 1891 1175 Ne
1964 1126 2254 1191 pretereat
2322 1135 2434 1176 nos
2501 1116 2679 1191 hujus

1476 1188 1852 1255 sacratissimi
1891 1192 2153 1253 nominis
2193 1196 2380 1254 multa
2406 1193 2679 1255 virtuosi·

1477 1283 1584 1332 tas.
1682 1274 1826 1332 Hoc
1879 1282 1970 1331 est
2024 1291 2244 1332 nomen
2300 1274 2464 1349 quod
2521 1270 2681 1331 cecis

1477 1350 1729 1411 contulit
1832 1350 2024 1411 visum
2127 1350 2318 1411 surdis
2405 1350 2678 1411 auditum

1478 1428 1708 1489 claudis
1768 1448 2036 1504 gressum
2101 1448 2438 1489 sermonem
2501 1428 2681 1488 mutis

1478 1506 1662 1568 vitam
1751 1507 1996 1567 mortuis
2076 1518 2385 1583 totamque
2455 1505 2682 1566 diaboli

1479 1595 1836 1663 potestatem
1891 1586 1970 1645 de
2023 1584 2280 1645 obsessis
2333 1584 2680 1662 corporibus

1478 1665 1662 1725 virtus
1691 1665 1865 1740 hujus
1891 1663 2150 1724 nominis
2177 1663 2466 1740 effugavit.
2549 1666 2684 1723 Nec

1479 1744 1748 1821 profecto
1795 1741 2038 1802 minoris
2079 1742 2426 1802 excellentie
2455 1753 2514 1803 et
2543 1744 2681 1801 sub-

1480 1820 1743 1882 limitatis
1797 1831 1888 1880 est
1942 1840 2123 1895 quam
2171 1820 2410 1880 virtutis
2497 1821 2684 1881 Unde

1480 1900 1765 1977 scriptum
1782 1910 1885 1959 est.
1933 1901 2177 1959 Nomen
2195 1897 2499 1959 salvatoris
2521 1899 2640 1959 mei
2665 1921 2681 1957 ε

1480 1979 1670 2038 fratris
1692 1977 1810 2037 mei
1837 1976 2029 2037 carnis
2046 1996 2208 2037 mee:
2227 1976 2526 2055 sanguinis
2545 1976 2680 2037 mei.

1482 2060 1724 2117 Nomen
1767 2056 1982 2116 seculis
2029 2054 2448 2116 absconditum
2486 2056 2594 2116 sed
2620 2054 2683 2115 in

1482 2138 1600 2195 fine
1641 2137 1974 2195 seculorum
2019 2136 2358 2196 revelatum.
2443 2136 2684 2193 Nomen

1486 2213 1753 2274 mirabile
1813 2232 2036 2273 nomen
2087 2211 2420 2274 ineffabile:
2463 2232 2686 2273 nomen

1484 2292 1916 2353 inestimabile:
1976 2292 2161 2352 immo
2222 2311 2296 2353 eo
2363 2290 2686 2353 mirabilius

1485 2370 1693 2448 quam⁸
1721 2370 2115 2431 inestimabile
2143 2390 2219 2431 eo
2246 2370 2432 2449 magis
2457 2382 2686 2449 gratum

1486 2450 1694 2527 quam⁸
1714 2450 2041 2527 gratuitum.
2091 2452 2234 2510 Hoc
2249 2461 2449 2511 autem
2465 2468 2686 2510 nornen

1485 2528 1829 2605 impositum
1858 2528 1914 2589 ei
1943 2529 2067 2588 est⁴
2091 2530 2167 2589 ab
2197 2540 2402 2589 eterno
2435 2551 2448 2589 :
2475 2530 2554 2589 ab
2581 2548 2686 2588 an·

1485 2608 1620 2685 gelo
1650 2618 1710 2667 et
1747 2626 1786 2667 a
1811 2618 1976 2683 patre
2009 2608 2240 2684 joseph.
2312 2610 2410 2668 Ab
2439 2619 2643 2668 eterno
2672 2629 2686 2667 ε

1486 2705 1627 2745 cum
1649 2688 1824 2760 Jesus
1851 2704 1886 2744 a
1915 2685 2180 2762 potentia
2207 2685 2474 2745 salvandi
2503 2688 2688 2745 salva·

1488 2776 1583 2825 tor
1611 2764 2038 2840 interpretatur.
2083 2764 2183 2823 Ab
2209 2765 2422 2840 angelo
2449 2782 2587 2823 cum
2609 2767 2688 2824 ab

1488 2843 1698 2902 habitu
1764 2840 2030 2901 salvandi
2097 2842 2350 2902 salvator
2416 2842 2635 2901 dicitur
2673 2864 2687 2902 ε

1490 2922 1658 2997 quod
1679 2920 1772 2980 ei⁶
1797 2918 2077 2979 convenit
2102 2940 2139 2979 a
2159 2940 2263 2980 sue
2279 2919 2691 2997 conceptionis

1436 3060 1441 3063 .
1488 2998 1796 3077 principio.
1882 3001 1938 3057 A
1968 3010 2132 3074 patre
2177 3017 2285 3058 suo
2329 3000 2544 3076 joseph
2571 2999 2692 3059 hoc

1492 3097 1714 3138 nomen
1759 3076 2100 3153 impositum
2149 3088 2238 3137 est
2282 3096 2418 3136 cum
2446 3080 2523 3137 ab
2550 3089 2692 3138 actu

1490 3154 1784 3233 passionis
1849 3166 1911 3215 et
1998 3166 2196 3215 nostre
2264 3154 2690 3232 redemptionis

1494 3237 1688 3295 future
1715 3237 1890 3311 Jesus
1917 3235 2170 3293 salvator
2207 3236 2538 3310 appellatus
2581 3246 2688 3295 est.

1492 3316 1606 3373 Tu.
1692 3316 1796 3372 Re.
1841 3313 2159 3373 Osculetur
2199 3332 2297 3372 me
2337 3314 2545 3373 osculo
2573 3313 2691 3373 oris

1492 3392 1586 3452 sui
1604 3390 1630 3429 ⁶
1686 3392 1824 3469 quia
1862 3391 2108 3451 meliora
2160 3402 2298 3451 sunt
2365 3392 2548 3452 ubera
2589 3401 2696 3451 tua

1492 3470 1636 3531 vino
1699 3470 2011 3547 fragrantia
2076 3469 2388 3549 unguentis
2454 3469 2693 3549 optimis

1494 3551 1714 3611 Oleum
1769 3550 2021 3609 effusum
2071 3568 2290 3611 nomen
2332 3561 2500 3611 tuum
2542 3550 2695 3610 Ideo

1493 3629 1937 3688 adolescentule
1954 3628 2286 3689 dilexerunt
2305 3640 2380 3689 te.
2426 3631 2479 3705 Ῡ
2499 3628 2696 3688 Trahe

1492 3725 1592 3766 me
1637 3718 1777 3783 post
1823 3718 1882 3767 te
1913 3726 2212 3767 curremus
2254 3706 2428 3767 simul
2456 3706 2515 3766 in
2545 3708 2696 3767 odo·

1492 3803 1620 3844 rem
1649 3798 2083 3863 unguentorum
2121 3797 2372 3845 tuorum.
2457 3786 2692 3846 Oleum.

1496 3864 1716 3925 Gloria.
1805 3865 1970 3924 Ideo.
2054 3866 2134 3922 In
2169 3864 2402 3923 secundo
2429 3870 2699 3922 nocturno

1496 3949 1596 4002 ati.
1642 3945 1810 4002 Deus
1838 3941 1898 4000 in
1929 3939 2170 4001 nomine
2200 3953 2304 4001 tuo
2333 3942 2558 4001 salvum
2599 3960 2697 4000 me

1498 4023 1595 4081 fac
1629 4020 1778 4081 etin
1809 4020 2018 4079 virtute
2053 4031 2156 4079 tua
2197 4019 2402 4095 judica
2441 4038 2554 4079 me.
2599 4024 2697 4096 pff.

1500 4102 1722 4177 Ipsum.
1805 4100 1926 4157 Αῆ.
1997 4098 2096 4158 Sic
2149 4098 2444 4173 psalmum
2500 4096 2698 4157 dicam

1500 4176 1730 4238 nomini
1782 4188 1884 4253 tuo
1943 4174 2004 4235 in
2053 4177 2320 4235 seculum
2380 4175 2564 4237 seculi
2631 4187 2698 4236 ut

1501 4256 1751 4317 reddam
1778 4266 1918 4316 vota
1960 4274 2094 4314 mea
2136 4255 2214 4315 de
2269 4254 2368 4315 die
2409 4254 2472 4314 in
2516 4254 2691 4315 diem.

1967 4395 2156 4508 :233³
2192 4391 2322 4509 ,ἒξ-8·
2404 4428 2430 4453 ·
