3117 4959
1282 204 1345 259 S.
1394 203 1800 258 BARNABE
1847 203 2273 261 APOSTOLI.

1070 308 1231 366 809

540 424 918 496 penetraret
950 435 1155 497 regna
1176 416 1468 479 celorum
1494 439 1508 481 :
1556 435 1744 479 sanc-

542 510 682 564 tam
738 502 1128 567 ecclesiam:
1183 523 1383 584 quam
1448 505 1746 586 precioso

542 610 665 652 suo
696 591 1016 671 sanguine
1063 591 1409 673 acquisivit
1442 612 1560 673 per
1590 592 1746 654 bea-

542 684 651 739 tos
726 677 1066 760 apostolos
1103 699 1117 742 :
1193 688 1263 741 et
1342 679 1745 760 apostolicos

543 765 719 826 viros
774 766 1202 828 immobiliter
1250 767 1554 829 muniens
1602 765 1748 829 fun-

496 926 503 943 ,
546 852 783 915 davit:
859 851 1245 915 mirabiliter
1316 852 1746 917 corroborans

546 938 856 1002 solidavit
887 940 1137 1002 scilicet
1168 949 1242 1002 ut
1274 950 1343 1003 et
1374 941 1517 1023 ipsa
1540 941 1747 1003 invio-

548 1025 687 1088 lata
718 1046 981 1108 semper
996 1036 1066 1089 et
1088 1026 1379 1109 gloriosa
1410 1038 1744 1091 maneret:

549 1123 616 1175 et
672 1112 933 1177 illorum
994 1114 1444 1196 predicatione
1504 1134 1746 1178 novam

549 1200 676 1264 sibi
704 1202 1084 1283 progeniem
1106 1201 1557 1285 plurimosque
1578 1199 1746 1265 filios

422 1370 431 1375 -
550 1288 823 1352 domino
855 1298 1263 1371 aggregaret.
1427 1289 1646 1352 Lectio
1677 1289 1746 1371 ij.

548 1376 842 1507 Nam
897 1378 1093 1441 tertio
1154 1386 1308 1459 post
1366 1378 1746 1460 passionem

730 1464 984 1527 domini
1044 1484 1264 1529 anno:
1332 1484 1484 1529 cum
1546 1464 1748 1546 paulo

551 1551 637 1614 ad
699 1552 1112 1633 apostolatus
1166 1552 1624 1617 celsitudinem
1677 1561 1747 1615 et

551 1640 1067 1720 predicationem
1123 1641 1437 1704 divinitus
1497 1638 1747 1702 electus

552 1735 653 1789 est
678 1746 691 1789 :
736 1737 1017 1791 vocante
1049 1728 1197 1790 illos
1219 1730 1453 1791 eodem
1476 1727 1706 1809 spiritu
1733 1748 1746 1791 :

552 1824 618 1876 et
652 1813 951 1879 dicente:
988 1810 1364 1896 'Segregate
1408 1815 1570 1877 mihi
1602 1816 1748 1878 bar-

553 1900 796 1963 nabam
858 1911 926 1964 et
987 1902 1258 1984 paulum
1311 1904 1377 1965 in
1431 1922 1598 1983 opus
1659 1901 1743 1964 ad

553 1988 732 2069 quod
810 1989 1133 2071 assumpsi
1194 2010 1324 2053 eos,
1449 1989 1588 2052 Iste
1649 1998 1750 2052 est

552 2075 881 2137 barnabas
914 2085 1219 2140 sanctus:
1268 2076 1381 2158 qui
1415 2086 1483 2139 et
1510 2075 1747 2159 joseph

554 2182 723 2225 unus
756 2182 843 2224 ex
876 2164 1300 2245 septuaginta
1324 2164 1586 2227 duobus
1615 2165 1750 2227 dis-

554 2249 786 2331 cipulis
835 2250 1139 2314 domini:
1209 2251 1323 2332 qui
1384 2252 1748 2314 secundum

554 2336 839 2400 nominis
888 2338 987 2400 sui
1037 2340 1412 2421 presagium
1465 2339 1583 2401 tali
1635 2359 1751 2402 no-

556 2426 733 2487 mine
765 2425 1091 2489 vocitatus
1122 2436 1238 2490 est.
1408 2426 1622 2489 Lectio
1652 2426 1750 2508 iij.

552 2512 843 2643 Nam
891 2513 1219 2577 barnabas
1264 2512 1608 2577 hebraice:
1657 2512 1751 2576 la-

690 2664 697 2673 ,
734 2600 873 2663 tine
986 2601 1158 2664 filius
1277 2601 1751 2665 consolationis

555 2687 809 2752 dicitur.
903 2688 1365 2753 Communiter
1388 2688 1565 2752 enim
1599 2708 1750 2753 cum

554 2776 800 2838 sanctis
876 2776 1167 2858 degebat
1236 2775 1555 2858 apostolis
1592 2795 1607 2839 :
1683 2784 1752 2841 et

555 2862 1077 2930 consolationem
1116 2865 1483 2928 maximam
1518 2863 1752 2945 prebe-

555 2950 673 3014 bat
704 2950 874 3014 inter
920 2972 1051 3017 eos,
1146 2952 1354 3016 Beato
1403 2971 1557 3014 vero
1603 2951 1754 3014 bar-

557 3039 728 3102 nabe
770 3040 1075 3121 apostolo
1121 3059 1239 3122 per
1284 3041 1498 3103 visum
1546 3060 1752 3121 appa-

556 3127 687 3189 ruit
764 3127 1077 3191 dominus
1163 3128 1359 3207 Jesus
1451 3126 1752 3190 Christus

555 3214 782 3278 dicens
812 3234 827 3277 :
875 3215 1207 3278 Constans
1238 3224 1383 3279 esto
1414 3214 1752 3278 barnaba:

556 3301 873 3384 quoniam
928 3322 1049 3383 pro
1109 3312 1337 3365 sancta
1401 3303 1754 3365 devotione

556 3409 691 3469 qua
710 3388 1030 3471 reliquisti
1048 3392 1545 3470 generationem
1568 3398 1752 3452 tuam

557 3495 677 3556 pro
724 3476 992 3538 nomine
1040 3496 1231 3540 meo:
1286 3477 1361 3540 in‘
1406 3497 1487 3539 ea
1536 3497 1754 3559 perse-

555 3562 848 3625 verando
923 3564 1175 3645 premia
1250 3572 1478 3627 eterna
1548 3564 1755 3646 perci-

558 3650 716 3731 pies,
1384 3651 1602 3715 Lectio
1633 3652 1752 3734 iiij.

557 3734 945 3868 Expleta
1018 3757 1177 3819 ergo
1255 3739 1704 3821 predicatione
1741 3762 1754 3803 :

712 3824 1140 3907 plurimisque
1239 3827 1594 3909 judeorum
1687 3838 1754 3891 et

560 3913 905 3995 gentilium
928 3915 1011 3977 ad
1036 3913 1371 3979 Christum
1393 3915 1756 3980 conversis:

2385 310 2526 367 810

1839 416 2074 482 fratres
2105 418 2301 482 valde
2325 416 2778 499 prestolantur
2799 416 3050 479 adven

1843 515 1984 569 tum
2035 514 2242 570 tuum.
2365 504 2566 588 Quod
2629 524 2782 567 cum
2847 504 3064 567 beat<

1843 593 2137 657 barnabe
2161 592 2520 675 panderet:
2553 593 2648 655 ait
2673 592 3036 654 barnabas

1847 682 1998 744 Fiat
2058 681 2366 744 voluntas
2426 680 2724 743 domini:
2779 688 3064 741 tantun

1845 768 2163 831 obsecro:
2213 768 2548 830 intercede
2609 786 2730 849 pro
2792 785 2903 828 me
2965 786 3064 828 ast

1845 856 2208 919 dominum.
2301 864 2376 917 ut
2435 855 2800 918 decertatio
2863 873 3048 917 mea

1845 940 1962 1005 fiat
2037 943 2464 1023 acceptabilis
2539 942 2608 1004 in
2684 953 3064 1021 conspecti

1845 1031 2006 1110 ejus,
2129 1030 2325 1093 Nunc
2386 1049 2668 1112 propero
2729 1048 3042 1109 cyprum

1845 1118 2066 1199 ibique
2142 1116 2344 1179 finem
2421 1115 2776 1197 complebo
2854 1118 3012 1177 vite

1843 1204 2080 1268 faciem
2109 1214 2292 1267 tuam
2327 1203 2779 1285 proch²dolor
2809 1223 3064 1284 corpo·

1846 1292 2070 1355 taliter
2099 1312 2230 1355 non
2276 1293 2548 1355 visurus,
2644 1290 2791 1353 Hec
2821 1290 3064 1371 prolo-

1845 1399 2055 1460 quens
2085 1380 2369 1460 procidit
2399 1378 2483 1442 ad
2518 1378 2722 1461 pedes
2763 1378 2952 1459 pauli
2989 1390 3064 1441 ei

1845 1466 2027 1530 flevit
2057 1487 2298 1531 amare.
2739 1466 2962 1529 Lectio
2999 1486 3063 1527 v

1859 1554 2125 1689 Cujus
2201 1553 2413 1617 dolori
2489 1554 2725 1616 beatus
2809 1553 3064 1635 paulus

1975 1642 2428 1722 compatiens:
2475 1642 2610 1704 noli
2659 1660 2913 1703 merere
2958 1642 3064 1703 in-

1848 1730 1993 1811 quit
2023 1729 2237 1792 frater.
2333 1729 2488 1791 Non
2535 1728 2711 1791 enim
2759 1728 2908 1791 sine
2955 1729 3064 1791 di·

1847 1819 2004 1880 vino
2037 1815 2356 1897 mysterio
2379 1817 2612 1898 agitur.
2697 1816 2847 1879 Hac
2869 1816 3064 1879 enim

1849 1912 2046 1967 nocte
2121 1904 2427 1985 apparuit
2503 1903 2664 1966 mihi
2735 1904 3064 1967 dominus

1848 1992 2076 2054 dicens
2103 2013 2118 2055 :
2169 1992 2272 2054 Ne
2303 1990 2658 2073 prohibeas
2681 1990 3064 2053 barnabam

1849 2079 1940 2142 ire
1995 2080 2290 2159 ciprum:
2345 2080 2662 2159 quoniam
2718 2076 2852 2140 illic
2905 2098 3064 2159 pre·

1849 2176 2082 2249 parata
2111 2175 2214 2229 est
2243 2166 2459 2247 gratia
2499 2167 2606 2229 dei
2639 2166 2723 2227 ad
2758 2165 3064 2228 illumin-

1849 2256 2142 2318 ationem
2204 2253 2610 2316 multorum:
2657 2262 2726 2316 et
2783 2272 3064 2316 sacrum

1851 2342 2240 2422 martyrium
2324 2339 2816 2421 perficiendum.
2945 2340 3064 2403 Tu

1849 2438 2074 2492 autem
2106 2448 2308 2509 perge
2349 2428 2760 2490 hierusalem.
2853 2426 3064 2491 Tunc

1849 2516 2082 2598 positis
2127 2516 2408 2597 genibus
2461 2525 2726 2578 orantes
2755 2524 2824 2577 et
2855 2534 3064 2578 oscu-

1849 2603 2062 2667 lantes
2117 2603 2201 2666 ad
2249 2601 2614 2665 invicem⁸2
2665 2602 2814 2664 vale
2861 2601 3064 2664 dicto

1849 2692 2307 2754 discesserunt.
2719 2688 2934 2751 Lectio
2965 2690 3063 2771 ψ’.

1960 2785 2344 2841 ntroeuntes
2418 2786 2642 2840 autem
2713 2776 3063 2839 barnabas

1959 2876 2026 2930 et
2075 2865 2435 2945 discipulus
2481 2863 2624 2946 ejus
2665 2864 2734 2926 in
2779 2862 3063 2927 salami-

1850 2972 2050 3017 nam:
2097 2954 2490 3016 invenerunt
2532 2952 2809 3033 impium
2855 2950 3056 3032 jude-

1849 3060 2007 3105 um:
2057 3040 2325 3103 nomine
2356 3039 2673 3103 barien⁴:
2729 3038 2845 3121 qui
2875 3040 3063 3102 sedi-

1848 3128 2032 3191 tione
2092 3128 2268 3192 sacta
2329 3138 2560 3191 contra
2629 3126 3060 3191 barnabam:

1851 3216 2006 3279 fecit
2035 3236 2188 3278 eum
2235 3213 2753 3297 comprehendi:
2799 3212 3058 3295 affligi:

1851 3313 1920 3367 et
2009 3303 2234 3367 multis
2326 3302 2664 3383 suppliciis
2757 3302 3056 3366 cruciari.

1853 3392 2198 3454 Postremo
2259 3390 2544 3471 ligantes
2596 3388 2821 3452 funem
2876 3390 3058 3453 circa

1851 3478 2096 3542 collum
2147 3478 2328 3559 ejus:
2377 3476 2712 3541 trahentes
2742 3496 2896 3539 eum
2930 3497 3055 3539 ex-

1851 3576 1956 3629 tra
2004 3575 2265 3649 portam
2306 3564 2854 3628 circundederunt
2893 3584 3052 3627 eum

1853 3655 2045 3736 igne:
2093 3665 2158 3716 et
2189 3651 2542 3715 crudeliter
2573 3659 3049 3715 cremaverunt.

1855 3742 2099 3823 Sicque
2173 3741 2410 3804 beatus
2499 3740 2838 3821 apostolus
2931 3759 3052 3820 pro

1856 3828 2100 3893 Christi
2151 3848 2376 3891 amore
2426 3828 2744 3891 adustus:
2809 3826 3049 3907 migra-

1854 3917 1949 3980 vit
2009 3918 2093 3979 ad
2155 3918 2546 3980 dominum:
2601 3914 2715 3996 qui
2763 3915 2925 3977 vivit
2979 3923 3044 3978 et

562 4001 861 4083 angelica
933 4001 1098 4065 visio
1160 4002 1337 4067 sacta
1396 4013 1499 4067 est
1556 4004 1760 4068 beato
1857 4014 2090 4086 regnat
2184 4005 2247 4067 in
2343 4002 2565 4065 secula
2659 4001 3044 4066 seculorum.

561 4090 761 4172 paulo
793 4090 1097 4171 apostolo
1126 4091 1369 4156 dicens,
1463 4091 1756 4157 Celerius

561 4198 843 4260 propera
914 4177 1362 4243 hierusalem:
1438 4180 1753 4262 quoniam

662 4352 675 4383 ¹
712 4366 865 4401 meo:
900 4352 961 4401 R.
1138 4355 1157 4384 ²
1191 4352 1351 4417 proh:
1390 4354 1525 4403 ΚΝ.

1703 4357 1720 4385 ⁸
1754 4353 2067 4405 adinvicem:
2107 4352 2243 4404 RN.

1866 4093 2025 4155 Tres
2073 4091 2302 4155 ultime
2352 4091 2638 4153 lectiones
2686 4089 2766 4151 de
2815 4091 3048 4169 mposi—

1859 4179 2026 4243 tione
2071 4178 2394 4262 evangelii
2432 4177 2778 4241 secundum
2821 4176 3043 4243 lucam.

2455 4355 2470 4381 4
2501 4351 2701 4401 barieu:
2739 4350 2941 4402 R.N.S.
