3117 4959
1488 239 1594 294 IN
1635 235 1901 292 FESTO

988 353 1145 408 269

464 461 754 528 Domine
785 457 1079 524 ostende.
1107 464 1209 538 ps.
1242 454 1470 520 Deus
1454 474 1518 517 m
1541 473 1660 516 no-

462 554 657 614 mine.
746 550 881 612 Αῆ.
960 546 1240 610 Gratias,
1303 553 1414 643 ops.

458 658 721 721 cunque
750 635 909 700 vult.
996 633 1123 696 Ad
1160 631 1420 695 tertiam
1472 639 1537 692 et
1573 629 1670 692 ad

462 727 634 790 alias
664 725 858 787 horas
886 720 1227 802 antiphone
1240 720 1321 782 de
1338 717 1658 782 laudibus

470 815 615 894 Cap.
692 809 1118 910 Responsoria
1190 808 1271 869 de
1340 805 1667 868 communi

463 922 607 964 cum
654 899 942 963 oraticme
979 895 1267 978 propria.
1359 894 1482 956 Ad
1523 913 1658 956 ves-

462 1002 659 1071 peras
710 1009 817 1050 an.
882 985 1173 1048 Domine
1235 983 1515 1046 ostende
1604 990 1668 1043 et

464 1087 657 1139 cetere
695 1073 1037 1154 antiphone
1064 1072 1143 1134 de
1184 1070 1488 1133 laudibus
1516 1089 1662 1132 cum

452 1163 737 1246 psalmis
781 1161 860 1225 de
916 1159 1216 1242 apostolis
1274 1157 1415 1220 nisi
1472 1157 1660 1236 infra

466 1262 649 1315 octav
648 1271 757 1314 am
789 1246 1176 1311 ascensionis
1202 1245 1483 1308 evenerit
1511 1254 1665 1306 tnnc

466 1341 637 1403 enim
685 1347 841 1400 sunt
895 1335 1153 1398 dicende
1208 1332 1553 1414 antiphone
1599 1341 1664 1395 et

454 1427 707 1526 psalmi
732 1426 812 1488 de
851 1423 1208 1486 ascensione
1242 1430 1444 1520 prout
1482 1430 1661 1482 nota-

468 1526 585 1578 tur
629 1515 699 1578 in
742 1512 983 1594 vigilia
1011 1509 1413 1573 ascensionis.
1510 1508 1659 1588 Cap.

474 1605 596 1667 Per
628 1621 882 1666 manuS.
971 1599 1087 1662 Re.
1158 1596 1443 1663 Candidi
1500 1596 1658 1659 facti

468 1693 673 1772 Hym.
754 1687 1042 1754 Exultet·
1098 1684 1332 1749 celum.
1455 1699 1502 1769 y
1582 1683 1661 1746 In

466 1799 735 1842 ornnem
795 1787 1055 1840 terram.
1148 1773 1233 1836 In
1280 1791 1503 1853 evang.
1554 1779 1661 1834 an.

470 1867 543 1932 Si
599 1863 1071 1948 cognovissetis
1120 1881 1225 1923 me
1288 1869 1355 1922 et
1404 1869 1662 1941 patrem

466 1972 689 2018 meum
743 1953 972 2033 utique
1019 1948 1533 2029 cognovissetis:
1599 1955 1666 2010 et

470 2042 715 2105 amodo
744 2039 1157 2120 cognoscetis
1210 2055 1406 2099 eum:
1453 2042 1522 2099 et
1570 2034 1666 2098 vi-

471 2129 661 2192 distis
699 2147 869 2190 eum.
918 2125 1068 2187 all‘a
1120 2124 1267 2186 all'a
1318 2122 1485 2186 all’a.
1561 2131 1664 2203 ps.

474 2213 881 2297 Magnificat.
969 2212 1116 2275 Oro.
1173 2211 1357 2274 Deus
1377 2211 1492 2292 qui
1526 2229 1663 2272 nos.

472 2303 803 2368 Memoria
834 2311 911 2364 ut
936 2310 1154 2381 supra.
1250 2298 1307 2362 S
1310 2298 1337 2359 i
1384 2297 1499 2362 hoc
1522 2297 1666 2377 fes-

474 2401 611 2454 tum
647 2390 713 2452 in
764 2388 871 2452 die
912 2386 1299 2451 ascensionis
1342 2386 1622 2449 evenerit
1643 2409 1666 2448 .·

474 2479 827 2560 differatur
855 2477 927 2540 in
970 2474 1331 2538 crastinum
1358 2494 1381 2536 .·
1427 2483 1489 2536 et
1518 2483 1670 2535 tunc

472 2566 569 2630 ad
589 2564 898 2628 secundas
949 2573 1241 2644 vesperas
1289 2561 1359 2624 in
1408 2561 1515 2624 die
1561 2581 1668 2622 as-

469 2653 780 2718 censionis
792 2652 931 2735 fiat
958 2650 1267 2714 memoria
1309 2650 1388 2711 de
1428 2657 1672 2730 aposto-

468 2743 557 2806 lis
579 2763 603 2806 .·
644 2749 707 2804 et
736 2740 805 2804 in-
834 2739 1115 2802 crastino
1143 2737 1237 2800 ad
1276 2747 1568 2817 vesperas
1595 2737 1676 2799 de

477 2828 781 2912 apostolis
792 2827 977 2910 fiant
1008 2825 1321 2888 memorie.
1353 2825 1431 2888 de
1450 2825 1671 2888 inven-

479 2919 646 2982 tione
699 2926 914 2979 sancte
960 2913 1167 2977 crucis
1212 2923 1275 2976 et
1317 2913 1398 2976 de
1458 2933 1670 2974 ascen-

478 3007 651 3068 sione
680 3015 742 3068 et
768 3005 849 3066 de
877 3000 1288 3082 martyribus.

482 3100 545 3172 11
591 3094 675 3157 In
708 3092 1067 3156 inventione
1110 3097 1326 3152 sancte
1351 3086 1557 3150 crucis
1585 3086 1681 3150 ad

479 3191 770 3262 vesperas
827 3178 1120 3242 Alleluia
1188 3176 1521 3258 pertinens
1586 3174 1683 3237 ad

467 3270 727 3368 seriam
772 3287 921 3330 cum
953 3263 1239 3347 psalmis
1274 3262 1675 3362 ferialibus:

483 3356 621 3420 nisi
669 3375 738 3419 m
728 3354 858 3434 fra
924 3362 1215 3416 octavam
1292 3349 1677 3413 ascensionis

482 3444 777 3508 evenerit.
1286 3435 1675 3540 Capitulum.

482 3533 714 3665 M·
697 3529 785 3592 ihi
817 3536 1041 3590 autem
1066 3525 1242 3598 absit
1265 3525 1526 3606 gloriari
1550 3526 1675 3588 nisi

698 3618 764 3679 in
842 3634 1032 3680 cruce
1123 3613 1377 3677 domini
1471 3614 1678 3676 nostri

479 3707 639 3790 Jesu
706 3703 989 3769 Christi:
1065 3721 1183 3782 per
1255 3720 1453 3781 quem
1518 3701 1680 3763 mihi

481 3792 769 3858 mundus
830 3789 1185 3853 crucifixus
1244 3797 1345 3850 est
1419 3795 1487 3850 et
1554 3809 1684 3870 ego

484 3882 753 3946 mundo,
814 3879 926 3942 Re.
979 3877 1129 3940 Hoc
1158 3877 1420 3958 signum
1453 3878 1680 3940 crucis,

586 4007 599 4036 ¹
644 4011 657 4033 ‘
677 4005 761 4054 ut’
785 4019 877 4053 om.
904 4016 921 4049 .·
952 3999 1157 4050 R.N.S.

581 4073 601 4102 ²
641 4075 655 4100 ‘
677 4071 764 4120 ab’
790 4069 921 4119 add:
956 4068 1097 4116 ΚΝ.

584 4140 604 4168 ⁸
644 4143 658 4164 ‘
676 4145 727 4186 et
770 4134 960 4198 fulgida
1004 4139 1178 4181 ornata
1233 4131 1361 4196 regis
1422 4147 1674 4196 purpura:

484 4203 641 4252 electa
684 4201 839 4264 digno
883 4198 1049 4262 stipite
1084 4207 1186 4247 tam
1234 4205 1405 4246 sancta
1450 4198 1676 4247 membra

482 4276 685 4332 tangere
703 4267 875 4315 ':add
911 4265 976 4314 R.
984 4265 1052 4312 N.

642 4330 885 4380 ‘brachiis
934 4328 1153 4394 precium
1200 4328 1439 4393 pependit
1482 4328 1674 4378 seculi:

486 4407 667 4449 stat-era
690 4397 819 4446 facta
854 4405 927 4444 est
968 4395 1188 4459 corporis
1222 4395 1525 4458 predamque
1559 4394 1674 4443 tulit

480 4463 705 4516 tartaris’
728 4462 867 4534 add:
904 4461 967 4510 R.
976 4461 1042 4510 N.

2275 347 2426 400 270

1755 453 1937 517 Licet
1961 453 2136 517 enim
2165 453 2548 534 hocsestum
2571 473 2700 515 non
2723 451 2819 514 sit
2843 451 2960 515 du-

1494 540 1661 623 Qui-
1741 541 1898 641 plex
1926 552 2138 606 tamen
2167 542 2417 604 dicitur
2457 541 2962 622 Responsorium

1759 629 1829 692 in
1847 631 2094 712 primis
2125 630 2403 712 vesperis
2441 630 2559 692 ut¹
2608 628 2962 691 secundum

1759 738 1950 780 usum
1998 718 2234 781 ecclesie
2311 717 2718 780 eboracensis.
2799 716 2969 797 quod

1758 826 1882 868 non
1929 807 2246 885 contingit
2285 805 2418 868 alio
2449 804 2771 886 tempore²
2826 803 2960 866 isto.

1761 893 2082 973 Hymnus.
2173 894 2398 956 Arbor
2473 891 2768 956 decora.³
2905 909 2963 976 y.

1761 983 1970 1045 Beata
2029 981 2261 1063 cujus⁴

1760 1090 1912 1152 spes
1944 1070 2137 1133 unica
2168 1069 2294 1132 hoc
2342 1069 2748 1132 inventionis
2797 1075 2968 1130 tem-

1760 1158 1967 1239 pore.⁵
2056 1175 2103 1242 γ
2151 1157 2533 1240 Quesumus
2557 1155 2844 1219 auctor.⁶
2867 1155 2972 1218 vel

1760 1247 1865 1309 Tu
1917 1254 2078 1308 esto,
2124 1242 2481 1326 queratur⁷
2513 1244 2638 1307 iste
2682 1244 2970 1324 hymnus

1760 1333 1829 1396 in
1875 1333 2198 1396 dominica
2251 1333 2322 1396 in
2349 1332 2654 1412 passione
2695 1331 2970 1394 domini.

1758 1421 1882 1485 Ad
1911 1422 2178 1503 primas
2256 1431 2565 1502 vesperas.
2683 1437 2730 1504 y
2819 1419 2972 1482 Hoc

1759 1510 2024 1592 signum
2057 1509 2266 1572 crucis
2285 1510 2407 1571 erit
2429 1509 2495 1571 in
2519 1506 2716 1571 ce10.⁸
2793 1507 2970 1572 Cum

1759 1597 2071 1660 dominus
2103 1597 2188 1660 ad
2216 1597 2657 1677 judicandum
2707 1597 2973 1659 venerit

1761 1684 1924 1748 all’a.
2043 1684 2128 1748 In
2187 1705 2408 1765 evang.
2463 1693 2572 1748 αῆ.

2352 999 2399 1066 γ
2477 981 2540 1045 Ο
2601 1001 2778 1042 crux
2843 999 2966 1042 ave
3072 991 3075 1042 ἑ

2699 0 3073 406 Ὗ

3070 695 3075 818 l

3072 889 3075 990 Ι

2684 1683 2972 1748 Ocrux

1762 1773 2116 1838 benedicta
2174 1773 2332 1854 quia
2393 1773 2458 1835 in
2513 1781 2584 1834 te
2639 1772 2970 1853 pependit
3075 1775 3077 1864 ζ

1761 1862 2052 1924 salvator
2089 1859 2364 1923 mundi:
2411 1869 2479 1922 et
2509 1860 2576 1922 in
2633 1869 2705 1922 te
2739 1861 2972 1922 trium-

1763 1949 1994 2031 phavit
2063 1969 2182 2012 rex
2241 1948 2630 2030 angelorum
2685 1947 2970 2010 alleluia.
3077 1937 3079 1950 Ὗ

1748 2046 1848 2119 ps'.
1900 2035 2307 2138 Magnis-icat.
2721 2035 2968 2100 Oratio

1763 2128 2036 2256 Deus
2067 2125 2179 2206 qui
2213 2125 2279 2186 in
2312 2123 2610 2205 preclara
2629 2123 2971 2186 salutifere
3076 2117 3079 2134 ¹

1919 2231 1953 2274 c

1961 2213 2128 2275 rucis
2191 2212 2574 2275 inventione
2637 2210 2968 2294 passionis

1763 2309 1878 2364 tue
1911 2299 2226 2363 miracula
2257 2300 2630 2363 suscitasti:
2679 2301 2972 2364 concede

1765 2398 1840 2452 ut
1870 2387 2089 2450 vitalis
2122 2388 2280 2470 ligni
2315 2389 2535 2469 precio
2575 2397 2804 2450 eterne
2835 2388 2973 2450 vite

1767 2475 2078 2557 suffragia
2195 2495 2698 2557 consequamur.
2835 2475 2972 2557 Qui

1767 2563 1930 2627 vivis
1991 2573 2061 2626 et
2121 2583 2376 2644 regnas
2495 2562 2832 2624 Alemoria
2902 2563 2979 2624 de

1769 2651 2183 2732 martyribus.
2273 2651 2408 2714 Αῆ.
2459 2650 2628 2715 Filie
2679 2651 2978 2713 hierusa-

1768 2738 1918 2802 lem.
2010 2756 2057 2823 γ
2105 2739 2450 2802 Exultent.
2727 2738 2980 2802 Oratio.

1768 2828 2107 2957 presta
2137 2847 2502 2908 quesumus
2545 2827 2978 2908 omnipotens

1931 2915 2094 2976 deus
2127 2924 2198 2978 ut
2233 2915 2344 2996 qui
2377 2923 2759 2976 sanctorum
2803 2935 2978 2976 mar·

1771 3012 1995 3084 tyrum
2029 3011 2290 3065 tuorum
2325 3002 2676 3066 alexandri
2729 3002 2976 3065 eventii

1771 3100 1837 3154 et
1873 3089 2166 3154 theodoli
2209 3089 2520 3154 natalicia
2567 3090 2895 3152 colimus:
2941 3110 2980 3152 a

1771 3179 2027 3241 cunctis
2075 3177 2266 3240 malis
2313 3178 2824 3241 imminentibus
2871 3197 2980 3240 eo·

1773 3285 1920 3328 rum
1955 3265 2534 3329 intercessionibus
2557 3264 2584 3302 ⁹
2616 3265 2982 3329 liberemur

1775 3373 1894 3435 per
1971 3353 2307 3418 Christum
2384 3354 2735 3416 dominum
2828 3373 2980 3416 nos-

1773 3450 1970 3504 trum.
2093 3441 2213 3504 Ad
2261 3442 2726 3522 processionem
2835 3451 2988 3504 ante

1773 3549 2032 3592 crucem
2121 3527 2236 3592 Re.
2317 3528 2380 3594 Ο
2440 3549 2610 3592 crux
2669 3528 2980 3610 gloriosa.

1775 3633 1825 3702 γ
1869 3616 2093 3680 Arbor
2145 3636 2386 3680 amara.
2507 3633 2554 3703 y
2603 3617 2834 3680 Dicite
2899 3618 2983 3679 in.

1784 3703 2026 3768 Oratio.
2121 3703 2306 3766 Deus
2359 3705 2474 3786 qui
2529 3725 2652 3787 pro
2673 3705 2722 3742 ¹⁰
2771 3704 2982 3767 nobis.

1776 3793 1860 3855 In
1893 3791 2102 3854 reditu
2153 3792 2235 3853 de
2277 3791 2535 3856 domine
2587 3801 2696 3857 ανῖ.
2773 3793 2986 3856 Alma

1779 3879 2236 3962 redemptoris:
2269 3881 2373 3944 De
2402 3880 2699 3944 omnibus
2741 3880 2988 3945 sancti-r

1875 4004 1896 4032 ⁸
1935 4005 2090 4064 ‘auge
2113 4003 2210 4066 piis
2229 4002 2470 4065 justitiam
2503 4002 2700 4067 reisque
2733 4003 2875 4052 dona
2907 4019 2986 4052 ve-

1775 4067 1936 4117 niam’
1963 4067 2064 4116 add
2089 4086 2102 4116 τ
2139 4069 2201 4117 R.
2212 4068 2278 4117 N.

1874 4136 1894 4163 ⁸
1933 4137 1946 4161 ‘
1963 4125 2186 4182 omnium
2209 4133 2261 4180 in
2285 4131 2381 4182 hoe
2404 4133 2628 4197 paschali
2661 4133 2854 4197 gaudio
2879 4152 2892 4184 ε
2925 4133 2990 4182 ab

1776 4199 1910 4247 omni
1927 4199 2100 4248 mortis
2117 4199 2306 4262 impetu
2325 4206 2465 4247 tuum
2481 4199 2696 4248 defende
2713 4201 2954 4263 populum
2975 4199 2986 4218 ⁸

1776 4265 1914 4360 &df
1941 4265 2091 4378 lifirlbb
2121 4335 2392 4394 ‘queratur
2405 4329 2418 4352 ’
2447 4345 2599 4394 usque
2613 4331 2723 4378 ad‘
2737 4329 2986 4394 vespens’

1776 4410 1904 4446 oms
1937 4397 2080 4445 RN.
2579 4396 2724 4447 ‘Re.‘
2747 4397 2878 4444 add:
2909 4395 2976 4444 N.

1875 4463 1896 4490 ⁰
1929 4461 2304 4511 intercessione:
2331 4461 2400 4512 N.
2445 4463 2522 4492 ‘0‘
2507 4463 2662 4526 ‘'pro
2677 4477 2780 4512 om.
2812 4465 2914 4511 :S.
