3117 4959
1512 231 1620 284 IN
1647 229 1916 285 FESTO

1009 343 1164 395 225

481 448 736 532 accepit
758 447 1074 530 hospicio,
1147 446 1270 511 Cui
1296 445 1457 509 dum
1478 455 1679 509 terre-

480 557 639 601 num
654 536 868 618 querit
880 537 1247 598 ministrare
1262 555 1501 616 panem
1518 535 1682 597 reci-

485 645 638 707 pere
672 625 911 687 meruit
941 623 1271 686 celestem.
1346 639 1394 706 γ
1442 623 1680 704 Digre-

485 715 661 775 ditur
684 731 971 792 namque
994 712 1092 773 vir
1108 712 1216 774 dei
1238 729 1479 792 panem
1502 710 1684 791 cupi-

488 820 605 863 ens
620 798 870 862 deferre
896 799 1220 862 calentem
1246 820 1260 862 :
1282 797 1403 860 sed
1424 797 1684 860 rediens

490 906 913 968 nequaquam
993 886 1240 949 invenit
1320 885 1686 948 convivam.

491 975 617 1040 Cui
678 975 857 1037 dum.
966 973 1195 1038 Gloria
1254 973 1442 1055 patri.
1558 972 1684 1036 Cui

491 1063 671 1126 dum.
760 1063 845 1124 In
876 1061 947 1143 ij.
978 1070 1283 1123 nocturno
1306 1069 1409 1122 αῆ.
1506 1060 1686 1122 Edo-

494 1170 686 1213 mans
740 1168 975 1231 corpus
1023 1148 1319 1229 juvenis¹
1371 1149 1437 1210 in
1492 1148 1688 1210 undis

494 1245 842 1320 pernoctat
909 1236 1109 1298 maris
1168 1236 1281 1298 ubi
1343 1236 1473 1298 deo
1530 1244 1691 1298 vota

494 1325 710 1388 laudis
756 1345 846 1387 ex
894 1324 1134 1386 affectu
1185 1324 1403 1386 reddit
1456 1322 1689 1386 cordis.

480 1421 584 1494 pf.
678 1412 846 1476 Cum
882 1413 1269 1475 invocarem.
1346 1411 1481 1474 Αῆ.
1561 1410 1689 1473 Mi-

497 1519 643 1563 rum
718 1500 969 1563 dictum
1046 1499 1199 1562 huic
1277 1517 1543 1580 egresso
1622 1507 1691 1560 et

496 1588 711 1650 oranti
742 1607 915 1668 genu
950 1585 1165 1649 flexo²
1196 1587 1493 1648 membra
1525 1584 1692 1647 reso-

495 1683 657 1758 vent
738 1675 948 1756 rigida
1024 1674 1285 1755 equoris
1364 1672 1692 1736 animalia.

481 1772 583 1845 pi
683 1763 904 1826 Verba
966 1781 1131 1825 mea.
1231 1762 1365 1824 Αῆ.
1472 1761 1695 1823 Adest

496 1851 699 1913 frater
757 1850 1049 1913 curiosus
1115 1848 1473 1931 explorans
1533 1847 1694 1929 quid

499 1947 661 2018 agat
715 1937 934 2018 justus
988 1956 1187 2017 quem
1250 1936 1569 2018 languore
1627 1943 1696 1998 et

499 2044 744 2106 pavore
820 2045 983 2086 mox
1057 2034 1431 2106 correptum
1502 2031 1697 2086 sanat

502 2132 712 2195 prece.
810 2121 910 2193 ps':
1024 2111 1312 2174 Domine
1385 2111 1697 2174 dominus

500 2209 739 2262 noster.
788 2216 833 2284 γ
854 2200 1121 2280 Justum
1137 2199 1434 2263 deduxit.
1480 2199 1556 2261 L.
1575 2199 1698 2280 iiij.

697 2297 889 2349 votus
920 2287 1027 2349 dei
1060 2286 1346 2349 famulus
1393 2287 1700 2349 cuthber-

659 2384 765 2437 tus
797 2376 1133 2455 quendam
1158 2374 1489 2456 hospitem
1516 2394 1700 2437 more

502 2462 701 2526 solito
746 2461 1082 2526 humiliter
1126 2463 1455 2543 suscepit:
1512 2482 1702 2524 eum·

505 2570 635 2633 que
708 2549 860 2612 lotis
922 2551 1229 2613 manibus
1291 2559 1359 2612 et
1417 2550 1702 2631 pedibus

505 2657 730 2701 secum
786 2657 1052 2700 manere
1097 2639 1331 2719 coegit.
1426 2637 1702 2701 Statim-

506 2746 636 2808 que
668 2735 743 2788 ut
773 2726 1078 2789 vescendi
1124 2733 1389 2806 tempus
1432 2725 1703 2788 aderat:

508 2833 806 2876 mensam
846 2813 1157 2895 apposuit
1188 2822 1255 2876 et
1286 2813 1396 2876 ait.
1490 2813 1706 2877 Obse-

507 2922 618 2965 cro
663 2910 731 2964 te
762 2900 961 2964 frater
1009 2910 1294 2981 expecta
1338 2901 1445 2964 hic
1490 2901 1706 2964 donec

510 2990 769 3052 rediens
802 3009 1041 3070 panem
1072 2989 1361 3053 calidum
1394 2989 1514 3051 tibi
1547 2989 1708 3051 affe-

510 3096 667 3141 ram.
762 3076 861 3139 At
913 3077 1024 3139 ubi
1080 3077 1311 3140 rediit:
1372 3075 1705 3157 hospitem

511 3185 645 3228 non
678 3165 927 3228 invenit
971 3184 1170 3247 quem
1216 3165 1525 3227 edentem
1560 3163 1708 3226 reli-

511 3262 760 3334 querat.
852 3251 966 3315 Re.
1060 3253 1179 3316 Vir
1216 3253 1471 3315 domini
1518 3251 1707 3315 cuth-

510 3340 737 3403 bertus
814 3339 1011 3402 maris
1086 3349 1487 3422 tempestate
1554 3359 1706 3402 cum

511 3428 706 3490 sociis
795 3426 1169 3509 preclusus³
1242 3427 1443 3491 futuri
1526 3427 1706 3490 diem

512 3515 723 3578 sereni
784 3523 1037 3576 certum
1099 3516 1409 3596 predixit.
1533 3515 1705 3580 Cum

512 3603 754 3685 quibus
786 3602 936 3664 cibo
957 3622 1080 3664 sua
1103 3602 1226 3664 sibi
1252 3623 1443 3684 prece
1474 3604 1711 3667 divini-

511 3699 619 3753 tus
698 3689 858 3752 dato
920 3689 1099 3770 pasci
1160 3692 1539 3771 promeruit.
1662 3708 1710 3775 γ

516 3777 754 3840 Positis
767 3796 1032 3858 nanque
1041 3778 1320 3858 genibus
1339 3779 1708 3842 orationem

511 3864 687 3928 fudit
715 3873 1085 3946 nautasque
1116 3865 1183 3927 in
1215 3865 1488 3929 domino
1508 3865 1712 3929 fidere

506 3953 721 4036 jussit.
814 3951 985 4016 Cum
1020 3953 1276 4035 quibus.
1403 3953 1620 4016 Lectio
1651 3975 1710 4017 v.

509 4040 1011 4174 stupefactus
1060 4042 1159 4104 vir
1202 4042 1455 4104 domini
1503 4051 1570 4104 et
1613 4062 1714 4104 se-

638 4147 787 4191 cum
829 4148 1110 4209 querens
1142 4130 1226 4192 de
1256 4130 1477 4193 sacto:
1526 4150 1710 4211 repo-

514 4216 645 4278 suit
679 4235 975 4279 mensam
1024 4218 1087 4278 in
1138 4219 1450 4281 conclavi.
1546 4218 1714 4280 Mox

542 4351 557 4382 ²
588 4349 823 4416 jejuniis:
861 4352 919 4400 E.
1076 4353 1096 4382 ²
1128 4351 1425 4415 genuflexo:
1463 4353 1545 4402 W.

748 4420 767 4447 ⁵
800 4417 1101 4482 intolerabili
1128 4437 1139 4469 z
1177 4419 1308 4470 E.G.
1322 4419 1371 4472 S.

1762 4353 1781 4382 ⁸
1815 4353 2094 4416 perclusus:
2135 4353 2192 4400 E.

1557 4421 1577 4448 ⁸
1610 4418 1788 4468 totius:
1829 4419 2116 4470 W.E.G.S.

2289 336 2446 392 226

1783 453 1856 508 ut
1893 465 2199 527 egressus
2243 453 2383 508 est:
2433 443 2704 507 obviam
2757 441 3006 507 habuit

1785 533 1931 596 miri
1983 533 2206 595 odoris
2259 532 2741 613 fragrantiam:
2801 533 3005 594 vidit-

1783 641 1916 703 que
1985 620 2188 701 juxta
2245 622 2500 701 positos
2572 629 2708 682 tres
2791 639 3006 701 panes

1784 709 2037 771 calidos
2070 707 2315 770 insoliti
2347 707 2658 771 candoris
2681 715 2752 770 et
2785 707 3008 788 gratie

1786 816 2168 878 pavensque
2213 795 2406 858 dixit.
2501 795 2723 859 Cerno
2781 795 3007 876 quod⁴

1788 883 2064 965 angelus
2110 883 2364 946 domini
2411 893 2554 946 erat
2599 902 2810 964 quem
2861 902 3010 944 sus·

1787 973 1950 1052 cepi.
2047 971 2138 1034 Et
2183 991 2392 1052 panes
2438 970 2712 1034 attulit:
2763 969 3010 1051 quales

1788 1070 1965 1123 terra
1986 1059 2259 1140 gignere
2285 1059 2531 1140 nequit.
2578 1059 2696 1120 Re.
2747 1058 3012 1120 Merito

1789 1147 2162 1210 sanctitatis
2223 1156 2290 1209 et
2355 1145 2568 1227 gradu
2645 1145 3015 1227 dignitatis

1791 1243 2067 1315 accepto
2126 1235 2226 1296 vir
2285 1233 2392 1296 dei
2453 1234 2838 1296 sacerdotio
2891 1253 3016 1296 no-

1791 1342 1946 1384 men
2008 1321 2300 1403 equabat
2359 1320 2590 1384 officio,
2705 1320 3018 1383 Prebens

1773 1410 2046 1472 ,cunctis
2067 1410 2321 1472 monita
2342 1408 2575 1471 salutis
2593 1416 2662 1471 et
2680 1408 3021 1490 exempla

1793 1497 1970 1560 bone
2029 1497 2326 1560 actioniS.
2437 1513 2488 1582 γ
2551 1495 2756 1577 Quod
2823 1497 3017 1559 enim
3091 1493 3095 1586 4

1791 1585 2010 1648 verbis
2061 1585 2349 1647 docebat
2408 1585 2722 1666 operibus
2787 1584 3018 1646 adim-

1795 1671 2040 1754 plebat.
2135 1673 2439 1735 PrebenS.
2662 1671 2894 1734 Lectio
2925 1673 3015 1753 ψ’.
3091 1649 3095 1738 l

1793 1761 2160 1893 Sanctus
2212 1759 2416 1822 etiam
2476 1758 2874 1822 cuthbertus
2941 1780 3014 1821 a-
3093 1759 3095 1780 '

1924 1867 2128 1930 quam
2191 1846 2464 1910 allatam
2519 1847 2878 1910 benedixit
2943 1856 3011 1910 et

1797 1935 1990 1998 uxori
2051 1932 2399 2015 cujusdam
2459 1935 2726 1997 comitis
2791 1944 3012 1997 trans·

1799 2024 1996 2086 misit.
2111 2043 2243 2104 que
2303 2041 2476 2104 pene
2530 2021 2673 2103 jam
2737 2033 3008 2085 mortua

1793 2111 2078 2193 jacebat.
2172 2110 2344 2173 Mox
2373 2129 2532 2172 vero
2551 2119 2626 2172 ut
2649 2129 2804 2172 eam
2831 2129 3010 2191 aqua
3091 2143 3095 2172 ι

1800 2199 2048 2280 tetigit:
2070 2199 2418 2261 sanissima
2429 2199 2735 2260 surrexit.
2771 2197 3010 2280 Quan-
3093 2263 3095 2266 Α

1801 2287 1957 2349 dam
1991 2287 2191 2349 etiam
2216 2285 2794 2349 sanctimonialem
2817 2285 3007 2347 femi·
3093 2279 3095 2292 ³

1804 2394 1958 2436 nam
1991 2394 2108 2455 per
2139 2375 2469 2455 integrum
2518 2393 2769 2436 annum
2806 2373 3006 2435 intol-

1803 2461 2094 2524 lerabili³
2124 2463 2360 2542 capitis
2390 2471 2459 2524 et
2489 2461 2738 2523 tocius⁶
2780 2461 3006 2523 lateris

1803 2549 2072 2613 alterius
2131 2548 2362 2612 dolore
2420 2559 2786 2612 vexatam:
2859 2550 3008 2611 oleo

1804 2637 2159 2699 benedicto
2204 2637 2564 2718 perunxit:
2611 2656 2744 2717 que
2775 2636 2867 2698 ab
2898 2637 3010 2698 illa

1807 2745 1970 2786 mox
2037 2723 2200 2786 hora
2277 2723 2605 2786 meliorari
2685 2723 3010 2805 incipiens
3092 2775 3095 2780 .

1806 2821 1958 2893 post
1990 2811 2132 2874 dies
2164 2831 2411 2893 paucos
2454 2810 2655 2892 plena
2686 2811 3010 2892 sospitate

1807 2900 2158 2962 convaluit.
2271 2899 2386 2962 Re.
2498 2899 2667 2980 Igne
2735 2899 3010 2962 fervoris

1807 2987 2012 3049 divini
2067 3006 2419 3048 succensus
2472 2997 2746 3049 sanctus
2801 3005 3010 3049 sacer-

1808 3075 1931 3137 dos
1961 3075 2347 3137 cuthbertus
2367 3074 2554 3155 ignes
2579 3074 2825 3137 noxios
2857 3093 3010 3155 sepe

1809 3163 2133 3244 repressit.
2227 3161 2381 3225 Suis
2430 3162 2631 3224 sacris
2686 3161 3008 3244 precibus

1809 3268 1857 3335 y
1924 3250 2379 3314 Fantasticum
2448 3250 2723 3330 quidem
2787 3251 3012 3332 ignem
3093 3267 3095 3270 ⁴

1809 3358 1960 3402 cum
1994 3347 2264 3400 auctore
2295 3357 2415 3400 suo
2441 3337 2776 3417 effugavit.
2873 3357 3011 3399 ma·
3093 3341 3095 3356 '

1808 3426 2106 3490 terialem
2169 3446 2327 3488 vero
2387 3424 2474 3488 ab
2534 3423 2770 3486 edibus
2849 3444 3013 3505 quas

1807 3515 2088 3578 vorabat
2119 3513 2432 3578 extinxit.
2526 3512 2697 3576 Suis,
2784 3510 3013 3576 Gloria

1811 3603 1998 3685 patri.
2116 3602 2286 3666 Suis.
2399 3600 2486 3662 In
2549 3600 2644 3682 iij.
2705 3609 3014 3662 nocturno

1810 3699 1914 3753 aii.
2011 3689 2370 3776 Quandam
2411 3697 2732 3752 vexatam
2779 3685 2858 3750 a⁷
2897 3689 3013 3749 de-

1813 3798 2011 3841 mone
2079 3779 2298 3860 pergit
2371 3787 2642 3839 sanctus
2716 3775 3009 3838 invisere.
3093 3845 3095 3854 Ι

1814 3867 1931 3930 sed
1995 3886 2158 3930 mox
2220 3865 2401 3926 dirus
2447 3864 2619 3946 sugit
2677 3863 2893 3927 hostis
2939 3863 3010 3926 fit

1816 3952 2469 4028 mulierincolumiS.
2565 3959 2665 4033 pff.
2778 3951 3012 4014 Domi·

1818 4062 1900 4104 ne
1943 4042 2090 4122 quis
2121 4040 2452 4103 habitabit
2545 4039 2680 4102 Aa.
2760 4039 3010 4102 Multos
3091 4003 3095 4132 A

1817 4130 1923 4192 hic
1947 4130 2206 4191 sanavit
2229 4148 2423 4210 egros
2452 4149 2466 4190 :
2515 4126 2876 4210 languores
2903 4127 3012 4190 de·

1819 4218 2074 4299 pellens
2119 4237 2327 4280 sevos
2423 4214 2669 4277 multas
2699 4214 3009 4296 effugavit

2325 4355 2342 4382 ⁴
2379 4351 2606 4418 quizw.
2683 4349 2804 4414 quia
2831 4367 2846 4398 t
2881 4349 3004 4400 EG.

2432 4421 2448 4446 ¹
2491 4415 2848 4468 ‘a'om.:G.
3091 4431 3096 4450 ¹
