3117 4959
1509 243 1615 298 IN
1653 245 1922 300 FESTO

1014 351 1151 408 681

478 457 800 542 apostolis
874 466 1270 522 consertus:
1334 452 1675 538 presulum

480 566 751 628 gemma
778 567 793 611 :
825 545 959 610 fide
990 555 1057 610 et
1090 544 1339 609 meritis
1370 544 1678 627 egregie:

479 636 731 720 pietate
752 635 1199 699 misericordia
1220 632 1545 696 charitate
1575 633 1678 696 in-

476 724 799 788 effabilis:
846 743 1147 786 succurre
1177 721 1371 785 nobis
1402 740 1579 784 nunc
1610 729 1678 784 et

480 821 639 876 ante
669 812 887 875 deum.
920 820 1021 894 pff.
1056 808 1469 892 Magnificat.
1528 809 1676 873 Oro.

478 905 753 1034 Deus
814 900 927 982 qui
988 899 1313 981 conspicis
1374 898 1534 980 quia
1585 917 1675 960 ex

636 989 818 1052 nulla
864 997 1089 1052 nostra
1134 987 1377 1051 virtute
1430 986 1676 1048 subsis-

480 1077 734 1142 timus:
784 1077 1073 1140 concede
1148 1075 1473 1158 propitius
1521 1095 1536 1137 :
1604 1083 1677 1136 ut

482 1164 947 1229 intercessione
993 1163 1169 1228 beati
1220 1162 1483 1225 martini
1516 1181 1676 1224 con-

481 1252 745 1318 fessoris
789 1255 886 1317 tui
920 1262 1123 1336 atque
1153 1249 1486 1333 pontificis
1518 1269 1675 1312 con-

478 1351 585 1406 tra
657 1343 883 1406 omnia
943 1341 1219 1404 adversa
1280 1338 1673 1402 muniamur.

480 1450 599 1512 per
670 1432 1035 1494 dominum.
1197 1426 1527 1490 Memoria
1599 1425 1680 1488 de

476 1528 695 1582 sancto
725 1539 958 1582 menna
988 1524 1290 1595 martyre.
1356 1515 1488 1578 Αῆ.
1540 1513 1675 1576 Hic

478 1616 581 1671 est
611 1627 781 1672 vere.
872 1622 919 1691 γ
962 1612 1027 1668 et
1052 1604 1260 1666 oratio
1304 1610 1380 1665 ut
1410 1603 1479 1664 in
1508 1622 1671 1664 com-

478 1695 681 1760 muni.
828 1693 953 1758 Ad
1036 1690 1292 1755 matuti.
1424 1690 1670 1754 Invita.

478 1782 807 1847 Martinus
840 1801 993 1846 ecce
1023 1781 1267 1862 migrat
1288 1777 1395 1842 hic
1420 1797 1675 1861 pauper

471 1871 617 1935 celo
691 1872 891 1934 dives,
993 1868 1214 1952 Quem
1288 1875 1671 1930 sanctorum

472 1965 835 2024 concentus
888 1955 1155 2022 Christo
1203 1954 1490 2038 psallens
1550 1954 1669 2018 de-

473 2047 659 2112 ducit
688 2067 811 2111 nos
842 2045 1199 2109 celestibus
1228 2043 1497 2126 hymnis
1528 2040 1668 2106 lau·

473 2136 711 2199 demus
742 2135 810 2197 in
858 2132 1035 2198 hunc
1084 2132 1305 2195 deum.
1385 2139 1481 2210 pff.
1528 2131 1668 2194 Ve-'

471 2223 628 2287 nite.
718 2222 1031 2304 Hymnus
1099 2221 1237 2284 Iste
1312 2217 1664 2283 confessor.

470 2311 557 2374 In
590 2309 811 2392 primo
864 2319 1169 2372 nocturno
1214 2316 1323 2371 aii.
1377 2306 1668 2372 Sanctus

470 2399 796 2462 martinus
855 2396 1115 2460 obitum
1198 2415 1392 2459 suum
1468 2394 1668 2477 longe

470 2496 628 2550 ante
673 2485 980 2570 prescivit
1023 2484 1138 2567 qui
1191 2491 1260 2547 et
1306 2483 1668 2565 discipulos

470 2576 539 2640 in
585 2593 791 2639 unum
839 2572 1267 2656 congregavit
1315 2580 1518 2654 atque
1566 2569 1666 2634 sui

469 2663 977 2728 dissolutionem
998 2661 1341 2725 imminere
1354 2659 1665 2742 predixit.

455 2762 556 2836 pff.
630 2754 875 2817 Beatus
934 2749 1049 2814 vir.
1138 2749 1271 2814 Αῆ.
1330 2748 1501 2812 Cum
1564 2766 1668 2811 re-

468 2850 672 2925 pente
714 2840 961 2904 viribus
1006 2837 1299 2920 corporis
1344 2836 1521 2918 cepit
1550 2836 1666 2899 de-

467 2929 692 2994 stitui:
740 2937 897 2992 tunc
930 2945 1147 2990 meror
1176 2934 1244 2988 et
1275 2924 1489 2988 luctus
1520 2943 1668 2987 om·-

468 3019 652 3081 nium
700 3037 837 3080 vox
888 3013 1343 3098 plangentium
1400 3032 1666 3094 unaque

467 3106 877 3187 precantium
912 3124 995 3166 ne
1024 3111 1253 3185 pastor
1281 3120 1441 3163 oves
1472 3099 1664 3163 dese-

466 3214 589 3258 ras,
650 3203 750 3276 pf.
799 3191 1024 3274 Quare
1052 3189 1473 3253 fremuerunt.
1526 3188 1661 3252 Αῆ.

471 3282 733 3348 Scimus
765 3280 1035 3361 quidem
1068 3287 1139 3342 te
1170 3286 1361 3360 pater
1400 3275 1659 3339 deside-

468 3389 611 3433 rare
673 3367 1011 3432 Christum
1070 3366 1187 3429 sed
1250 3364 1433 3427 salva
1506 3371 1662 3427 sunt

468 3457 591 3521 tibi
652 3455 905 3539 premia
965 3463 1083 3516 tua
1156 3451 1362 3515 nostri
1438 3452 1660 3533 potius

468 3545 780 3606 miserere
810 3560 979 3623 quos
1009 3541 1258 3604 deseris
1290 3547 1493 3622 pater.
1556 3549 1657 3622 pf.

471 3631 765 3696 Domine
839 3629 999 3711 quid
1062 3627 1499 3710 multiplicati.
1614 3645 1661 3714 γ

466 3719 750 3785 Amavit
776 3737 948 3782 eum.
1370 3715 1588 3779 Lectio
1597 3716 1660 3798 j.

466 3812 565 3943 l
574 3808 754 3892 gitur
813 3804 1134 3869 martinus
1194 3803 1452 3867 sabarie
1497 3824 1664 3887 pan-

574 3897 923 3960 noniorum
1020 3891 1271 3975 oppido
1346 3892 1661 3955 oriundus

466 3987 590 4050 suit
634 4006 649 4050 :
695 3983 811 4048 sed
874 3984 1045 4046 intra
1122 3980 1375 4044 italiam
1451 3980 1660 4062 tycini

464 4075 663 4137 alitus
694 4082 813 4137 est.
875 4069 1263 4134 Parentibus
1294 4069 1660 4132 secundum

463 4161 863 4242 dignitatem
940 4159 1141 4222 seculi
1180 4159 1185 4165 ’
1218 4176 1351 4220 non
1416 4155 1661 4219 infimis

450 4249 824 4331 gentilibus
883 4257 1109 4312 tamen
1244 4245 1443 4310 Pater
1499 4265 1658 4310 vero

2285 353 2446 410 682

1779 456 1923 537 ejus
1985 456 2178 520 miles
2239 458 2580 540 primum:
2641 467 2798 541 post
2857 459 2946 522 tri·

1781 545 1997 609 bunus
2043 545 2334 610 militum
2384 546 2529 610 suit.
2655 546 2826 611 Cum
2863 569 2948 610 ve-

1780 653 1855 696 ro
1914 643 2092 698 esset
2151 655 2480 698 annorum
2533 633 2776 698 decem
2817 635 2952 699 invi·

1780 722 1866 784 tis
1911 722 2299 804 parentibus
2347 723 2432 786 ad
2482 723 2836 787 ecclesiam
2871 723 2954 786 fu·

1777 811 1924 891 git:
1969 831 2176 894 seque
2233 809 2782 874 catechuminum
2841 811 2957 874 fieti

1777 898 2162 980 postulavit.
2299 899 2470 962 Mox
2549 901 2799 963 mirum
2867 900 2956 962 in¹

1781 988 2054 1050 modum
2088 995 2270 1050 totus
2303 987 2368 1053 in
2413 987 2523 1050 dei
2575 1008 2789 1070 opere
2823 1008 2956 1051 con·
3049 1037 3051 1068 s

1777 1095 2005 1138 versus
2051 1096 2203 1139 cum
2241 1083 2416 1138 esset
2447 1096 2789 1139 annorum
2818 1077 2960 1140 duo-

1775 1163 1992 1226 decim
2018 1163 2361 1227 heremum
2389 1165 2800 1248 concupivit.
2863 1165 2958 1228 Re.

1781 1251 1912 1316 Hic
1974 1260 2075 1315 est
2126 1253 2466 1315 martinus
2539 1251 2806 1316 electus
2869 1255 2960 1317 dei

1775 1338 2084 1420 pontifex
2115 1339 2218 1404 cui
2252 1340 2565 1404 dominus
2597 1351 2764 1424 post
2793 1363 2958 1425 apos-

1763 1426 1949 1491 tolos
2011 1436 2269 1492 tantam
2329 1430 2618 1510 gratiam
2683 1431 2962 1495 conferre

1776 1515 2089 1598 dignatus
2113 1526 2229 1580 est.
2289 1517 2388 1582 Ut
2411 1517 2480 1579 in
2511 1517 2772 1582 virtute
2802 1520 2961 1582 trini-

1773 1604 1934 1667 tatis
1966 1603 2198 1668 deifice
2227 1614 2594 1669 mereretur
2609 1605 2760 1670 fier-i
2786 1608 2960 1670 trium

1776 1701 2187 1756 mortuorum
2249 1694 2606 1756 suscitator
2675 1696 2964 1777 magnifi-

1771 1801 1906 1844 cuS.
1998 1797 2045 1866 γ
2092 1781 2339 1846 Sancte
2387 1781 2718 1845 trinitatis
2781 1784 2962 1847 fidem

1775 1869 2096 1932 martinus
2125 1869 2466 1933 confessus
2485 1879 2592 1934 est
2611 1863 2698 1934 ac
2716 1881 2966 1936 tantum

1771 1957 2136 2040 promeruit
2165 1959 2467 2040 gratiam.
2517 1959 2621 2024 Ut
2652 1961 2750 2024 in.
2805 1961 2879 2024 L.
2909 1961 2966 2043 ij.

1783 2045 2024 2177 Cum
2057 2044 2352 2109 edictum
2383 2055 2561 2110 esset
2610 2067 2655 2110 a
2715 2049 2972 2130 regibus

1911 2141 1987 2196 ut
2028 2143 2492 2197 veteranorum
2523 2134 2647 2196 filii
2683 2136 2782 2199 ad
2818 2138 2972 2200 mili-

1771 2219 1935 2284 tiam
1967 2222 2444 2286 scriberentur:
2490 2223 2843 2305 prodente
2871 2247 2976 2308 pa-

1769 2317 1872 2372 tre
1945 2309 2059 2392 qui
2135 2308 2434 2373 felicibus
2494 2309 2646 2391 ejus
2725 2314 2974 2378 actibus

1771 2396 2112 2461 invidebat
2171 2416 2323 2461 cum
2383 2407 2564 2461 esset
2644 2419 2974 2466 annorum

1770 2486 2149 2567 quindecim
2182 2495 2410 2568 raptus
2459 2495 2527 2550 et
2577 2488 2975 2553 cathenatas

1769 2573 2200 2638 sacramentis
2232 2573 2634 2639 militaribus
2679 2577 2980 2661 implioe-

1771 2670 1878 2725 tus
1909 2671 2010 2725 est
2033 2683 2048 2725 :
2073 2682 2206 2724 uno
2225 2669 2489 2726 tantum
2509 2667 2719 2728 servo
2741 2667 2980 2730 comite

1769 2759 2138 2814 contentus
2195 2750 2320 2815 Cui
2351 2757 2584 2815 tamen
2617 2774 2834 2818 versa
2851 2757 2978 2819 vice
3049 2815 3051 2818 Α

1767 2837 2078 2902 dominus
2109 2838 2475 2902 serviebat:
2521 2841 2714 2905 adeo
2751 2854 2834 2909 ut
2857 2844 2976 2928 ple·
3049 2865 3051 2908 2

1767 2945 2047 3008 rumque
2097 2925 2158 2989 ei
2213 2935 2284 2990 et
2329 2927 2803 2996 calciamenta
2855 2935 2976 3016 ipse

1765 3013 2143 3078 detraheret
2217 3025 2286 3078 et
2360 3015 2504 3097 ipse
2572 3019 2972 3104 detergeret

1766 3102 2009 3169 Cibum
2043 3123 2178 3166 una
2206 3113 2525 3184 caperent
2555 3126 2572 3170 :
2609 3107 2734 3172 hic
2767 3111 2974 3192 sepius

1763 3189 2182 3255 ministraret.
2270 3191 2384 3256 Re.
2433 3193 2756 3261 Domine
2787 3201 2849 3261 si
2879 3198 2978 3262 ad·

1759 3276 1889 3342 huc
1921 3279 2170 3362 populo
2215 3287 2333 3342 tuo
2372 3300 2522 3344 sum
2557 3287 2976 3349 necessarius

1763 3387 1895 3429 non
1962 3386 2193 3430 recuso
2247 3367 2468 3430 subire
2520 3381 2827 3454 propter
2877 3393 2978 3437 eos

1763 3452 2080 3518 laborem.
2175 3455 2327 3518 Fiat
2358 3456 2686 3522 voluntas
2725 3470 2870 3526 tua.
2937 3478 2978 3545 γ

1767 3543 2058 3606 Domine
2091 3542 2144 3604 si
2177 3541 2396 3606 adhuc
2421 3543 2488 3606 in
2515 3551 2840 3626 presenti
2871 3571 2980 3634 pm

1764 3631 1995 3694 castris
2027 3639 2293 3694 tuorum
2326 3640 2504 3695 stare
2536 3653 2655 3698 me
2691 3638 2982 3721 precipis

1762 3736 1896 3781 non
1975 3738 2204 3781 recuso
2249 3737 2264 3781 ε
2340 3739 2466 3782 nec
2541 3721 2982 3790 fatiscentem

1760 3805 2088 3869 causabor
2116 3814 2382 3872 etatem.
2431 3807 2608 3875 Fiat.
2709 3815 2864 3879 Lac.
2897 3817 2980 3898 ἐκ]

1786 3894 2246 4024 Triennium
2278 3894 2414 3958 fere
2445 3907 2610 3962 ante
2633 3899 2982 3985 baptisma

1917 3982 1982 4044 in
2017 3983 2217 4046 armis
2247 3982 2412 4048 suit:
2443 3985 2726 4069 integer
2758 4003 2983 4056 tamen

1761 4069 1849 4133 ab
1879 4067 2008 4133 hiis
2037 4071 2222 4135 viciis
2252 4071 2494 4153 quibus
2541 4075 2726 4140 illud
2775 4079 2984 4145 homi·

1761 4179 1921 4222 num
1955 4178 2167 4240 genus
2192 4159 2514 4242 implicari
2540 4164 2756 4231 solet.
2807 4169 2984 4252 Quo-

1762 4247 1917 4310 dam
1980 4247 2208 4329 itaque
2265 4256 2579 4330 tempore
2635 4274 2804 4320 cum
2847 4259 2982 4340 jam

1464 4432 1553 4479 pro
1583 4422 1597 4446 ⁸
1618 4417 1700 4468 in’
1727 4419 1847 4470 im.:
1883 4419 1936 4470 S.
