3117 4959
1133 276 1196 332 S.
1247 276 1669 332 HYPOLITI

691 373 814 428 471

160 481 346 612 N
351 500 426 544 ec
459 479 791 543 immerito
829 499 979 544 eum
1027 481 1366 563 apostolo-

352 587 498 631 rum
529 568 872 650 suparem¹
900 569 1320 649 predicamus
1348 591 1363 634 :

164 657 270 719 cui
313 665 383 719 et
433 657 703 719 castitas
729 655 1086 738 ‘leviticum
1137 658 1363 720 minis-

163 746 406 808 terium
438 745 664 808 dedit:
711 752 781 808 et
815 744 1162 826 plenitudo
1194 765 1364 808 mar-

163 833 322 914 tyrii
355 831 750 914 dignitatem
775 832 1071 896 contulit.
1143 831 1362 914 Quem

163 919 558 984 venerabilis
591 919 827 986 Sixtus
874 940 1147 984 romane
1185 922 1364 984 urbis

164 1008 448 1072 antistes
477 1028 630 1070 cum
665 1009 1076 1090 impietatem
1109 1011 1364 1072 sevien-

163 1097 250 1159 tis
286 1096 518 1159 mundi
564 1116 682 1177 per
727 1105 1059 1159 tormenta
1095 1116 1365 1178 supera-

161 1193 266 1246 ret
296 1205 311 1247 :
341 1185 728 1264 videretque
758 1184 948 1246 eum²
971 1193 1246 1266 paterna
1279 1185 1364 1247 de

163 1279 382 1334 morte
414 1271 858 1335 tristissimum
888 1292 904 1335 :
946 1273 1040 1334 ita
1058 1273 1362 1354 spiritum

157 1359 515 1442 prophetie
563 1359 953 1423 convenisse
1013 1369 1362 1422 narratur:

158 1446 327 1510 Noli
371 1446 464 1508 fili
517 1457 766 1510 mestus
815 1466 1002 1512 esse:
1049 1455 1202 1529 post
1248 1448 1362 1510 tri-

153 1535 378 1598 duum
411 1555 520 1597 me
551 1535 859 1615 sequeris
1015 1535 1235 1598 Lectio
1265 1535 1362 1616 iij.

333 1622 597 1685 riduum
618 1632 842 1685 autem
867 1621 1044 1685 dixit
1067 1623 1362 1686 medium

335 1710 510 1772 inter
549 1709 726 1772 diem
779 1710 1104 1791 passionis
1154 1711 1361 1791 sixti.

147 1805 226 1860 et
259 1797 448 1860 diem
480 1797 804 1880 passionis
829 1797 1008 1861 beati
1039 1797 1362 1862 laurentii.

143 1885 496 1949 Triduum
545 1892 647 1948 est
695 1886 1006 1948 medium.
1098 1885 1160 1950 Ο
1204 1906 1364 1948 con-

143 1974 425 2037 solatio,
518 1973 674 2036 Non
706 1974 814 2037 ait.
911 1973 1068 2036 Noli
1101 1972 1192 2036 fili
1227 1993 1362 2037 me-

145 2082 346 2125 rere:
397 2061 656 2125 desinet
700 2063 1114 2143 persecutio:
1161 2071 1228 2124 et
1259 2081 1363 2125 se-

140 2169 361 2213 curus
438 2149 580 2213 eris.
675 2149 792 2213 sed
855 2149 991 2212 noli
1068 2169 1361 2213 merere.

142 2237 488 2320 quoniam
549 2253 676 2318 ego
736 2237 1064 2319 precedo:
1119 2246 1192 2300 tu
1253 2257 1364 2300 me

138 2325 460 2407 sequeris
499 2346 513 2388 :
589 2343 711 2388 nec
789 2325 1170 2388 consecutio
1243 2335 1362 2388 tua

138 2413 484 2477 differtur.
533 2411 856 2475 Triduum
885 2413 1178 2476 medium
1199 2413 1361 2478 erit:

137 2510 218 2566 et
256 2521 530 2564 mecum
567 2500 708 2564 eris,
799 2497 1088 2582 Accepit
1132 2520 1363 2565 oracu-

137 2589 303 2652 lum
335 2589 497 2652 vicit
528 2587 906 2652 diabolum:
952 2589 1251 2670 pervenit
1274 2588 1360 2652 ad

134 2674 592 2758 triumphum.

139 2770 218 2844 ff
279 2763 672 2827 Sanctorum
703 2771 1069 2844 martyrum
1093 2763 1367 2845 hypoliti

132 2851 601 2933 sociorumque
625 2851 778 2932 q‘us.

135 2941 290 3005 Ad
333 2949 625 3021 vesperas
651 2937 992 3020 antiphone
1016 2948 1082 3001 et
1113 2938 1366 3020 psalmi

113 3027 444 3110 feriales.
519 3027 664 3108 Cap.
738 3025 966 3092 Sancti
993 3047 1110 3109 per
1138 3025 1359 3091 fidem.

141 3117 394 3184 Cetera
437 3114 516 3177 de
558 3115 884 3178 communi
914 3115 1360 3196 plurimorum

129 3212 546 3284 martyrum.
1109 3201 1358 3266 Oratio.

139 3295 507 3425 Daq
461 3309 823 3374 quesumus
935 3289 1360 3371 omnipotens

315 3378 518 3441 deus:
564 3387 639 3441 ut
657 3377 837 3441 beati
869 3376 1154 3459 hypoliti
1186 3398 1359 3440 mar-

129 3467 326 3551 tyris
359 3465 457 3529 tui
489 3467 949 3546 sociorumque
987 3464 1132 3545 ejus
1161 3485 1358 3528 vene-

130 3555 372 3619 randa
398 3552 796 3617 solennitas.
840 3563 906 3615 et
931 3553 1357 3616 devotionem

133 3643 359 3708 nobis
414 3649 656 3724 augeat
705 3649 772 3705 et
825 3639 1129 3704 salutem.
1241 3661 1363 3724 per

127 3730 528 3797 dominum.

134 3825 213 3899 ff
263 3817 606 3882 Memoria
634 3815 714 3880 de
740 3826 957 3879 sancto
984 3815 1321 3880 laurentio.

253 3907 445 3989 gitur
473 3913 936 3967 consummato
967 3922 1138 3967 mar·
1174 3903 1279 3986 [L.
1291 3903 1352 3986 j.

253 3994 442 4077 tyrio
461 3991 638 4056 beati
652 3991 991 4055 laurentii·
1011 3989 1354 4073 hypolitus

123 4092 305 4169 post
354 4081 628 4145 tertium
668 4079 898 4142 diem
880 4099 945 4142 m
981 4079 1184 4143 domo
1233 4099 1355 4143 sua

121 4171 340 4238 dedit
373 4187 610 4252 pacem
641 4167 846 4230 servis
868 4167 1040 4230 suis:
1087 4175 1154 4230 et
1175 4187 1352 4230 com-

117 4256 520 4328 manicavit
577 4256 662 4318 de
737 4253 1055 4318 sacrificio
1126 4254 1354 4319 altaris

274 4434 295 4502 j
327 4443 552 4502 parem:
590 4427 729 4482 R.N.
803 4441 1108 4494 supparem:
1145 4427 1196 4478 S.

1971 378 2119 433 472

1467 481 1645 546 beati
1667 481 1989 548 laurentii.
2040 485 2131 548 Et
2148 486 2367 569 posita
2388 508 2617 552 mensa
2642 511 2657 555 ε

1463 570 1847 652 priusquam
1894 573 2117 636 cibum
2165 586 2497 641 sumeret:
2543 599 2657 641 ve-

1463 668 1704 722 nerunt
1769 659 2011 723 milites
2072 670 2141 726 et
2201 663 2659 744 perduxerunt

1463 767 1618 809 eum
1689 748 1777 811 ad
1844 749 2125 814 decium.
2247 749 2371 816 Cui
2433 752 2658 816 decius

1463 834 1682 897 dixit:
1750 835 2061 900 Sacrifica
2114 857 2199 901 ne
2248 857 2479 919 pereas
2541 860 2658 922 per

1462 928 1839 986 tormenta.
1872 923 2042 988 sicut
2073 923 2472 991 laurentiuS.
2508 928 2658 1010 Hy-

1461 1008 1749 1091 politus⁸
1796 1011 2015 1076 dixit:
2063 1012 2471 1096 Exemplum
2520 1035 2657 1078 me-

1464 1117 1609 1160 rear
1659 1097 1837 1160 beati
1886 1098 2187 1164 laurentii
2229 1101 2407 1166 fieri:
2453 1125 2655 1186 quem

1461 1192 1535 1247 tu
1569 1185 1768 1248 miser
1798 1206 1996 1250 ausus
2026 1186 2207 1252 suisti
2254 1190 2511 1271 polluto
2541 1213 2656 1257 ore

1463 1273 1821 1337 nominare.
1929 1275 2123 1338 Tunc
2173 1278 2377 1341 iratus
2430 1279 2657 1344 decius

1455 1359 1653 1441 jussit
1714 1380 1867 1424 eum
1920 1361 2204 1426 fustibus
2266 1366 2455 1429 cedi:
2520 1367 2653 1450 Qui

1461 1467 1615 1509 cum
1674 1449 2021 1513 cederetur
2092 1451 2311 1516 dixit:
2382 1453 2657 1518 Gratias

1463 1555 1593 1616 ago
1622 1534 1898 1600 domino
1936 1557 2103 1602 me0.
2194 1538 2309 1604 Re.
2404 1542 2656 1606 Beatis-

1461 1622 1669 1686 simus
1725 1623 1970 1688 Christi
2014 1635 2268 1708 martyr
2314 1627 2655 1710 hypolitus

1461 1709 1625 1773 dum
1657 1711 1971 1793 baptismi
1991 1715 2273 1794 gratiam
2295 1718 2655 1798 accepisset

1461 1817 1503 1860 a
1533 1797 1735 1862 beato
1779 1799 2143 1866 laurentio:
2189 1804 2483 1884 ponebat
2516 1825 2657 1869 ma-

1463 1905 1589 1948 nus
1648 1907 1845 1968 super
1904 1888 2132 1952 oculos
2192 1909 2540 1958 cecorum.
2588 1902 2657 1958 et

1461 1973 1885 2040 sanabantur.
1963 1993 2011 2062 y
2059 1976 2407 2059 Baptisato
2430 1989 2654 2045 autem

1462 2061 1661 2125 beato
1722 2061 2071 2145 hypolito:
2132 2086 2365 2130 omnes
2425 2068 2656 2151 populi

1460 2149 1603 2229 ejus
1702 2151 2045 2216 credentes
2134 2153 2653 2259 baptisabantur.

1463 2236 1780 2302 Ponebat.
2331 2244 2549 2308 Lectio
2586 2245 2655 2328 ij.

1457 2327 1793 2455 Decius
1822 2326 2039 2392 dixit:
2083 2329 2363 2394 Deridet
2394 2331 2655 2415 hypoli-

1616 2423 1723 2476 tus
1754 2413 1998 2479 fustes:
2044 2435 2196 2480 cum
2241 2418 2457 2482 cardis
2498 2441 2650 2485 eum

1461 2501 1691 2565 cedite.
1786 2501 1876 2566 Et
1911 2503 2222 2568 cedentes
2254 2507 2652 2573 defecerunt.

1462 2588 1709 2652 Decius
1758 2610 1914 2653 vero
1962 2591 2167 2654 iratus
2204 2593 2389 2657 dedit
2420 2615 2653 2660 omnes

1461 2675 1809 2740 facultates
1839 2677 2123 2760 hypoliti
2145 2680 2482 2745 valeriano
2506 2704 2653 2766 pre·

1461 2763 1675 2828 fecto:
1745 2773 1813 2828 et
1867 2765 2064 2846 jussit
2124 2776 2198 2830 ut
2258 2769 2652 2836 interficeret

1459 2870 1632 2915 eum.
1726 2853 1984 2916 Eadem
2015 2854 2125 2916 die
2156 2855 2572 2920 valerianus'
2555 2879 2654 2922 in-

1455 2940 1643 3002 venit
1687 2938 1755 3002 in
1800 2940 2004 3003 domo
2050 2940 2331 3024 hypoliti
2381 2965 2650 3011 omnem

1459 3025 1781 3090 familiam
1814 3025 2280 3093 christianam:
2323 3052 2492 3113 quos
2510 3053 2652 3115 ipse

1458 3133 1683 3196 preses
1729 3114 1969 3178 adduci
2017 3125 2174 3178 ante
2220 3129 2649 3201 conspectum

1457 3221 1651 3264 suum
1678 3201 1913 3282 jussit:
1958 3212 2027 3267 et
2057 3204 2234 3268 dixit
2263 3206 2347 3268 ad
2381 3206 2649 3272 beatum

1456 3287 1875 3371 hypolitum:
1935 3289 2184 3355 Adhuc
2242 3293 2521 3358 confidis
2582 3298 2650 3360 in

1457 3385 1668 3440 artem
1701 3378 2068 3460 magicam:
2115 3389 2183 3442 et
2208 3401 2339 3444 non
2366 3382 2651 3448 honoras

1457 3465 1634 3528 deos
1728 3465 1821 3529 Et
1863 3465 2060 3546 jussit
2104 3487 2258 3531 eum
2290 3469 2441 3534 duci
2473 3473 2651 3536 foras

1458 3572 1681 3616 muros
1729 3563 1919 3634 porte
1966 3554 2304 3636 tyburtine
2352 3579 2503 3622 cum
2555 3560 2651 3625 sa-

1458 3640 1642 3703 milia
1672 3661 1806 3705 sua.
1898 3642 2090 3706 Tunc
2120 3642 2461 3726 hypolitus
2488 3668 2651 3712 con-

1456 3726 1747 3792 fortabat
1776 3728 2092 3794 familiam
2140 3753 2329 3796 suam
2378 3736 2648 3800 dicens:

1459 3815 1722 3879 Fratres
1782 3817 1989 3882 nolite
2047 3821 2319 3886 timere:
2394 3842 2520 3904 ego
2580 3833 2651 3888 et

1453 3923 1572 3966 vos
1592 3923 1797 3966 unum
1817 3906 2018 3968 deum
2038 3905 2378 3972 habemus
2424 3911 2537 3973 Re.
2585 3911 2648 3976 Ο

1453 3989 1757 4073 hypolite
1806 3993 1863 4055 si
1918 3994 2271 4058 credideris
2322 3995 2389 4058 in
2436 3996 2649 4060 domi-

1453 4099 1615 4142 num
1661 4080 1889 4160 Jesum
1930 4079 2283 4144 Christum.
2378 4079 2472 4145 Et
2502 4087 2649 4147 the-

1453 4186 1682 4230 sauros
1740 4167 1863 4230 tibi
1923 4169 2249 4231 ostendo:
2311 4177 2379 4230 et
2438 4171 2647 4236 vitam

1453 4264 1751 4319 eternam
1805 4256 2141 4336 promitto,
2235 4271 2283 4340 y
2334 4255 2405 4319 Si
2455 4259 2653 4328 dictis

1471 4429 1492 4457 ²
1523 4440 1669 4475 cum:
1706 4424 1772 4474 N.
2046 4430 2067 4500 ⁸.
2100 4427 2423 4492 Hypolytus:
2460 4429 2512 4482 S.
