3117 4959
693 192 756 248 S.
808 184 1241 245 BASILIDIS
1286 186 1411 240 ET
1450 188 1887 245 SOCIORUM.

586 300 717 355 311

66 407 279 482 ,efacta
306 414 403 471 est
446 406 804 470 contentiO.
900 402 1154 469 Omelia
1182 410 1261 485 nt

72 500 154 574 'nin
177 494 520 561 communi¹
553 494 753 557 unius
769 493 1051 574 apostoli.
1120 490 1259 553 Nec

66 585 391 658 dubitetur
417 581 575 664 quin
604 580 953 662 antiphona
984 578 1256 660 Juravit.

64 684 146 745 3wt
164 682 344 737 cetere
372 690 513 732 cum
543 669 829 750 psalmis
857 668 936 730 de
960 664 1261 749 apostolis

64 795 83 834 ιε
96 759 325 832 dz'cende
360 767 516 821 sunt
546 756 615 818 in
647 755 938 818 secundis
981 752 1261 833 vesperis

68 850 149 922 „m'
178 856 350 912 extra
390 854 649 907 octavas
687 842 966 924 corporis
1016 839 1265 906 Christi

64 936 415 1016 gerontigerit.
542 936 607 1009 «Ι
682 931 779 993 Et
850 927 1203 993 notandum
1237 949 1260 989 .·

64 1020 251 1112 {equod
270 1023 334 1085 in
348 1022 525 1102 festo
540 1018 753 1081 sancti
780 1016 1059 1080 barnabe
1083 1026 1263 1097 apos·

64 1112 193 1184 32in
238 1130 354 1173 non
383 1108 572 1189 fiunt
615 1104 819 1168 medie
858 1104 1145 1167 lectiones
1186 1103 1269 1165 de

65 1200 239 1278 desto
293 1194 568 1277 corporis
646 1192 898 1271 Christi
926 1214 951 1255 .·
1023 1211 1135 1254 nec
1187 1189 1269 1252 de

64 1278 289 1359 <nancto
360 1282 635 1345 wilelmo
665 1304 689 1345 .·
762 1280 879 1343 sed
954 1278 1265 1341 memoria

65 1384 327 1448 &tontum
359 1394 383 1435 .·
478 1378 737 1451 propter
831 1366 1266 1430 excellentiam

64 1460 423 1543 dignitatis·
450 1456 791 1537 apostolice.
894 1453 1135 1531 Quinto
1163 1451 1269 1515 die

63 1550 265 1631 ffiinfra
296 1556 554 1609 octavas
595 1542 804 1605 sancti
846 1540 1115 1604 wilelmi
1154 1540 1268 1602 lec-

77 1639 165 1707 31:⁶0
173 1638 236 1719 j.
296 1632 585 1697 Veniant
606 1633 670 1693 in
695 1629 1031 1692 medium.²
1082 1646 1271 1710 quere

76 1724 149 1798 §n
175 1719 764 1788 commemoratione
786 1716 1083 1798 ejusdem.

62 1815 145 1891 31
192 1810 583 1876 Sanctorum
632 1814 996 1883 martyrum
1049 1801 1271 1866 basili-

62 1901 181 1976 dis
202 1921 229 1962 .·
272 1895 471 1960 cirini
484 1895 510 1933 ⁸
536 1916 561 1957 .·
612 1892 871 1956 naboris
889 1914 913 1954 .·
966 1899 1028 1954 et
1069 1910 1273 1953 naza-

63 1988 187 2063 ffii.
1024 1978 1270 2043 Oratio.

63 2110 95 2149 2-
198 2082 545 2139 anctorum
595 2076 961 2148 martyrum
1009 2075 1272 2130 tuorum

198 2160 498 2227 basilidis
573 2156 803 2219 cirini⁸
868 2153 1133 2217 naboris
1206 2161 1276 2215 et

62 2250 325 2328 ‚fjxazarii
365 2264 727 2329 quesumus
772 2242 1043 2305 domine
1088 2248 1275 2304 nata-

60 2333 223 2415 sditia
267 2336 459 2399 nobis
505 2332 729 2396 votiva
774 2328 1275 2412 resplendeant:

60 2425 145 2501 μὶ
178 2424 363 2507 quod
397 2420 525 2485 illis
557 2417 835 2483 contulit
880 2416 1277 2480 excellentia

60 2513 486 2595 35empiterna
519 2529 534 2572 :
632 2506 952 2569 fructibus
1054 2513 1279 2568 nostre

60 2598 459 2675 „devotionis
490 2601 864 2660 accrescat:
910 2612 1029 2675 per
1068 2592 1279 2654 domi-

60 2700 260 2779 Jsslum.
989 2678 1207 2742 Lectio
1216 2700 1279 2761 J

60 2806 83 2849 ις
210 2782 565 2839 anctorum
642 2769 841 2851 igitur
917 2777 1280 2849 martyrum

60 2878 81 2936 ῑ.
210 2860 513 2925 basilidis
543 2857 723 2921 cirini
756 2854 1055 2919 naboris⁴
1087 2874 1283 2917 naza-

60 2953 153 3014 :ii
187 2971 202 3014 :
283 2955 354 3012 et
429 2946 792 3010 beatissimi
869 2942 1051 3025 pueri
1128 2941 1282 3006 celsi

61 3033 469 3106 -veneranda
505 3031 911 3096 celebramus
942 3029 1241 3094 solennia
1269 3050 1283 3092 :

64 3126 193 3209 ,qui
259 3130 418 3206 post
485 3121 743 3184 diversa
803 3126 1283 3182 tormentorum

61 3247 69 3285 :
120 3231 337 3277 enera
398 3208 716 3290 martyrio
776 3206 1071 3270 coronati
1132 3213 1287 3268 sunt

60 3322 141 3373 ,n
178 3301 457 3363 civitate
498 3296 889 3360 mediolana.
981 3293 1287 3357 Audiens

61 3408 239 3457 'vero
272 3384 553 3468 quidam
579 3403 667 3445 ex
686 3381 1078 3445 satellitibus
1102 3400 1291 3444 nero-

64 3476 185 3543 nis
222 3497 239 3539 :
320 3472 592 3537 nomine
673 3468 998 3532 cornelius
1033 3489 1048 3532 :
1126 3467 1291 3532 rela-

62 3566 345 3631 tionem
407 3558 649 3623 detulit
696 3556 782 3619 ad
833 3557 1051 3638 ipsum
1102 3576 1291 3619 nero-

120 3671 241 3715 em
269 3671 286 3714 :
322 3647 504 3731 quod
526 3645 826 3709 nazarius
850 3664 969 3725 per
999 3644 1291 3708 diversas

61 3665 467 3823 ssrovincias
527 3732 1019 3797 multitudinem
1081 3732 1294 3795 homi-

61 3847 247 3890 num
326 3843 448 3888 sua
515 3820 965 3904 predicatione
1022 3839 1293 3883 conver-

64 3921 277 3978 teret.
347 3911 629 3990 Cunque
653 3926 812 3971 nero
835 3906 1293 3987 hujuscemodi

66 4001 492 4065 mandatum
614 3995 973 4076 accepisset
1010 4012 1025 4057 :
1116 3994 1295 4057 misit

68 4084 498 4154 deutonem³
528 4082 844 4147 comitem
890 4100 1042 4144 cum
1075 4081 1299 4144 militi-

182 4226 197 4257 ¹
248 4228 265 4252 ⁶
293 4222 473 4272 Cetera
494 4218 551 4269 de
572 4216 829 4268 communi
836 4215 849 4238 ’
872 4216 999 4265 add:
1041 4216 1093 4265 S.

180 4292 205 4321 ²
235 4290 417 4357 prime
440 4286 657 4335 lectiones
693 4282 903 4331 veniant
948 4283 1007 4331 in
1043 4282 1261 4332 mestum
1280 4298 1298 4331 .·

76 4354 153 4406 N‘
184 4424 207 4453 ·
242 4418 461 4485 cyme.-
496 4416 565 4465 Ν.
595 4412 843 4480 (passim).

1884 297 2024 353 312

1355 402 1481 466 bus
1534 402 1620 467 ad
1671 404 2184 487 perquirendum
2247 414 2552 471 sanctum

1361 492 1716 556 nazarium.
2249 494 2460 557 Lectio
2483 494 2552 577 ij.

1360 582 1695 711 Beatus
1725 599 1882 643 vero
1923 580 2223 645 nazarius
2252 602 2292 643 a
2323 592 2556 645 sancto

1503 667 1832 730 clemente
1883 668 2292 749 baptisatus:
2357 680 2426 732 et
2469 671 2557 733 de

1364 752 1497 817 fide
1575 754 1818 819 Christi
1881 756 2280 821 instructus:
2356 757 2558 820 verba

1362 843 1497 905 vite
1573 843 1986 924 predicavit:
2063 854 2130 907 et
2197 864 2426 908 verum
2488 865 2561 907 se

1367 929 1611 993 Christi
1674 930 2045 994 ministrum
2117 933 2558 996 denunciavit.

1368 1018 1650 1099 Cunque
1681 1018 1764 1079 ad
1799 1019 2134 1082 civitatem
2169 1020 2561 1084 ebrodinen·

1366 1125 1506 1168 sem
1540 1106 1876 1168 venissent
1907 1108 2018 1189 qui
2055 1109 2232 1171 missi
2257 1107 2516 1171 fuerant
2545 1129 2562 1171 :

1367 1202 1672 1255 sanctum
1778 1196 2116 1258 nazarium
2221 1196 2562 1277 quoddam

1367 1282 1729 1343 oratorium
1783 1281 2203 1346 edificantem
2258 1304 2410 1346 cum
2458 1284 2566 1365 ju-

1367 1387 1537 1430 vene
1613 1369 1880 1431 nomine
1940 1369 2115 1432 celso
2175 1370 2564 1434 invenerunt

1370 1455 1666 1517 dicentes
1702 1476 1718 1518 τ
1795 1455 1988 1519 Tune
2065 1477 2136 1519 es
2215 1460 2512 1521 nazarius
2549 1481 2564 1522 :

1371 1543 1484 1625 qui
1516 1541 1725 1605 filium
1749 1543 1856 1605 dei
1882 1545 2180 1625 predicas
2207 1546 2230 1608 ?
2324 1547 2567 1610 Beatus

1375 1631 1674 1692 nazarius
1695 1633 2065 1712 respondit:
2097 1633 2315 1715 Quem
2337 1654 2568 1714 quere-

1372 1718 1492 1781 bas
1526 1719 1870 1782 invenisti:
1908 1738 2035 1801 ego
2057 1739 2224 1785 sum.
2287 1722 2568 1803 Cunque

1373 1805 1645 1868 adducti
1664 1805 1940 1871 fuissent
1970 1809 2199 1871 neroni
2225 1810 2422 1891 Jussit
2453 1830 2570 1874 eos

1375 1894 1778 1957 incarcerari.
1871 1895 2041 1958 Cum
2089 1896 2289 1978 igitur
2331 1898 2396 1960 in
2431 1918 2568 1962 car·

1377 2000 1523 2044 cere
1552 1981 1666 2043 diu
1701 1992 1920 2045 essent
1964 1983 2232 2049 afflicti:
2277 2005 2437 2049 nero
2481 1985 2569 2049 ad

1378 2067 1758 2131 avolinum⁶
1789 2071 2159 2135 ministrum
2195 2093 2386 2137 suum
2419 2076 2571 2138 dix·

1379 2156 1473 2219 it:
1554 2155 1881 2221 Conscide
1941 2158 2114 2224 colla
2173 2164 2444 2227 eorum:
2505 2172 2574 2226 et

1378 2242 1703 2308 cadavera
1792 2246 2064 2310 canibus
2153 2268 2415 2331 expone
2506 2259 2575 2314 et

1381 2331 1614 2395 avibus
1653 2351 1772 2395 nec
1821 2354 1934 2397 eos
1984 2336 2318 2416 quiescere
2363 2338 2576 2419 patia-

1382 2419 1485 2482 riS.
2234 2425 2448 2488 Lectio
2479 2427 2573 2510 iij.

1396 2508 1743 2641 Cunque
1789 2509 2126 2574 avolinus⁶
2155 2532 2269 2576 eos
2313 2514 2578 2595 publice

1516 2594 1721 2658 vellet
1793 2596 2128 2664 occidere:
2204 2600 2416 2665 factus
2476 2611 2580 2666 est

1350 2680 1614 2764 'populi
1670 2684 2038 2749 tumultus:
2088 2688 2200 2769 qui
2255 2700 2580 2771 martyres

1390 2769 1634 2833 Christi
1677 2772 2012 2834 nazarium
2047 2781 2116 2836 et
2145 2795 2418 2856 puerum
2449 2780 2583 2840 cel-

1388 2876 1537 2919 sum
1597 2858 2118 2925 venerabantur:
2184 2871 2254 2926 et
2313 2874 2584 2946 propter

1389 2945 1664 3007 virtutes
1696 2964 1862 3025 quas
1911 2948 1977 3008 in
2029 2948 2305 3014 domino
2353 2971 2583 3033 opera-

1390 3032 1636 3095 bantur
1681 3032 2104 3098 affectuosius
2149 3040 2585 3101 consolaban-

1390 3115 1545 3182 tur!
1636 3118 1718 3183 In
1771 3123 2104 3203 ergastulo
2153 3124 2378 3207 itaque
2430 3135 2588 3190 sunt

1394 3206 1682 3287 recepti:
1743 3218 1812 3272 et
1872 3212 2129 3275 occulte
2189 3213 2587 3297 interempti.

1396 3294 1700 3358 Preciosa
1747 3306 2126 3362 sanctorum
2179 3320 2453 3384 corpora
2501 3304 2587 3366 ab

1392 3382 1497 3446 his
1548 3382 1813 3447 sublata
1860 3396 2015 3451 sunt
2073 3390 2188 3470 qui
2240 3390 2586 3454 dominum

1394 3471 1764 3535 timebant:
1811 3481 1881 3536 et
1924 3483 2120 3539 extra
2167 3487 2427 3559 portam
2459 3499 2590 3561 que

1394 3558 1637 3621 dicitur
1680 3580 1954 3625 romana
2003 3562 2310 3646 deposita
2357 3568 2422 3630 in
2471 3568 2592 3630 do-

1396 3666 1582 3709 mum
1637 3647 1852 3711 ciriaci
1899 3650 2021 3714 viri
2075 3652 2591 3735 religiosissimi:

1396 3744 1465 3797 et
1538 3734 1800 3816 sepulta
1860 3737 1944 3799 ad
2007 3737 2272 3804 laudem
2338 3743 2594 3806 domini

1399 3821 1603 3884 nostri
1635 3822 1792 3903 Jesu
1827 3824 2088 3890 Christi.

1400 3908 1598 3972 Sexto
1627 3910 1734 3973 die
1760 3910 1948 3992 infra
1975 3907 2281 3979 octavam.
2381 3916 2519 3981 Lec.
2532 3918 2594 3999 j.

1555 4015 1642 4059 uo
1674 4000 2004 4063 monoculi
2041 4002 2237 4065 simul
2269 4004 2354 4065 ad
2387 4007 2597 4068 sancti

1554 4084 1819 4148 wilelmi
1839 4086 2257 4169 sepulchrum
2278 4098 2598 4176 tanquam

1647 4221 1666 4251 ⁴
1704 4220 1814 4270 ‘et'
1838 4222 1975 4272 add:
2011 4223 2076 4274 N.

1643 4287 1664 4316 ⁸
1697 4285 2003 4338 demonem:
2039 4290 2101 4339 R.
2113 4290 2178 4340 N.

1643 4352 1664 4381 ⁸
1695 4351 1948 4402 amolinum
1975 4372 1987 4404 ε
2025 4356 2082 4405 R.
2097 4356 2160 4405 N.
2193 4358 2433 4422 (passim).

1653 4420 1670 4447 ¹
1704 4418 2086 4472 consolabatur:
2123 4422 2173 4473 S.
