3117 4959
1545 258 1597 313 C
1596 258 1801 313 OMM
1802 256 1975 313 UNE

1034 368 1159 422 11·

2352 366 2439 419 12

481 476 808 559 evangelio
853 484 958 539 aii.
1052 476 1132 538 In
1187 473 1686 557 regeneratione
1788 473 2033 538 multa:
2063 472 2341 555 operarii
2365 471 2576 555 pauci.
2625 480 2725 553 pf.
2778 470 2987 533 Bene-

486 586 640 631 cum
709 564 951 628 sederit
1023 562 1197 626 filius
1271 562 1557 627 hominis
1618 563 1686 626 in
1786 564 2025 626 dicam.
2090 570 2196 625 αῆ.
2265 560 2422 641 Jesu
2459 559 2703 624 Christi
2735 558 2985 622 domini

491 655 650 717 sede
681 653 1048 733 majestatis
1081 672 1197 715 sue
1225 672 1239 715 :
1270 652 1589 716 sedebitis
1619 660 1689 714 et
1787 651 2003 732 gratia
2052 649 2471 714 credentibus
2521 647 2786 730 populis
2836 648 2986 711 doc-

491 762 611 805 vos
652 740 1026 821 judicantes
1076 740 1428 803 duodecim
1481 739 1692 802 tribus

493 830 731 893 israel:
777 828 938 891 dicit
967 829 1294 892 dominus,
1349 836 1450 909 ps.
1499 828 1693 908 Mag-

493 917 737 981 nificat.
834 915 1064 980 Oratio
1093 925 1169 977 ut
1192 925 1396 997 supra
1425 915 1697 996 velpro-

479 1006 659 1086 pria.

498 1098 564 1171 ff
608 1093 694 1155 In
748 1090 965 1155 natali
1009 1091 1554 1173 evangelzstarum
1608 1088 1704 1153 ad

496 1191 792 1261 vesperas
819 1188 925 1243 αῆ.
1014 1179 1158 1243 Vos
1187 1179 1300 1261 qui
1327 1178 1693 1260 reliquistis,

495 1269 632 1333 Αῆ.
742 1267 897 1330 Non
950 1287 1085 1330 vos,
1173 1267 1307 1330 Αῆ.
1399 1267 1699 1330 Tradent

495 1356 693 1419 enim.
777 1356 840 1418 A
851 1363 910 1419 ἢ.
988 1355 1180 1418 Beati
1213 1354 1487 1437 pacifici.
1561 1355 1695 1419 Αῆ.

502 1444 678 1507 Ecce
732 1463 856 1524 ego
911 1443 1106 1506 mitto
1151 1463 1271 1506 vos
1321 1443 1492 1506 sicut
1538 1463 1698 1506 oves

499 1534 568 1595 in
595 1531 815 1594 medio
837 1530 1142 1613 luporum
1163 1531 1325 1595 dicit
1348 1532 1659 1595 dominus
1682 1551 1699 1595 :

500 1627 716 1683 estote
747 1620 1106 1701 prudentes
1131 1620 1300 1684 sicut
1325 1628 1701 1701 serpentes:

499 1717 570 1771 et
673 1706 1006 1788 simplices
1107 1709 1278 1773 sicut
1375 1706 1701 1771 columbe.

501 1795 767 1858 Psalmi
781 1794 1073 1875 feriales.
1311 1796 1699 1877 Capitulum.

522 1882 983 2018 Unicuique
1036 1891 1334 1946 nostrum
1389 1884 1550 1947 data
1602 1892 1705 1945 est

677 1970 894 2051 gratia
922 1971 1286 2033 secundum
1327 1990 1703 2034 mensuram

504 2058 884 2121 donationis
905 2056 1149 2121 Christi
1173 2078 1190 2121 ε
1236 2066 1507 2139 propter
1523 2059 1703 2139 quod

505 2145 705 2209 dicit:
753 2145 1112 2208 ascendens
1145 2146 1211 2207 in
1243 2145 1452 2208 altum
1497 2147 1705 2228 capti-

504 2253 659 2296 vam
730 2233 929 2296 duxit
1002 2234 1459 2315 captivitatem
1520 2233 1709 2298 dedit

508 2321 688 2384 dona
717 2320 1113 2385 hominibus
1186 2321 1304 2385 Re.
1375 2320 1711 2403 Quattuor

508 2407 838 2473 animalia.
983 2409 1308 2489 Hymnus.
1458 2410 1709 2474 Annue

512 2495 789 2561 Christe.
860 2514 908 2583 γ
941 2497 1022 2560 In
1047 2517 1331 2563 omnem.
1400 2498 1485 2560 In
1513 2518 1709 2561 evan-

499 2583 672 2666 gelio
729 2592 836 2649 αῆ.
957 2585 1134 2649 Ecce
1194 2606 1322 2667 ego
1379 2586 1708 2667 johannes

509 2672 648 2735 vidi
689 2672 933 2735 ostium
980 2680 1282 2754 apertum
1315 2673 1382 2737 in
1414 2673 1595 2738 celo:
1642 2684 1711 2737 et

513 2780 666 2823 ecce
697 2760 888 2823 sedes
933 2762 1152 2842 posita
1196 2770 1338 2824 erat
1369 2762 1436 2825 in
1468 2781 1550 2825 eo
1580 2784 1593 2826 :
1640 2770 1709 2824 et

515 2849 582 2909 in
615 2848 834 2910 medio
863 2849 1040 2911 sedis
1064 2857 1133 2912 et
1163 2850 1230 2912 in
1262 2849 1532 2913 circuitu
1568 2848 1709 2931 ejus

514 2945 829 3017 quattuor
887 2936 1200 3001 animalia
1252 2938 1451 3021 plena
1503 2938 1710 3003 oculis

513 3033 669 3087 ante
700 3034 768 3088 et
799 3034 1012 3090 retro:
1059 3034 1128 3089 et
1148 3027 1400 3092 dabant
1425 3027 1709 3110 gloriam

513 3122 582 3175 et
655 3112 972 3177 honorem
1035 3123 1104 3177 et
1178 3115 1710 3179 benedictionem

513 3200 770 3263 sedenti
831 3221 1030 3283 super
1093 3202 1403 3267 thronum
1463 3202 1713 3267 viventi

514 3288 581 3349 in
615 3288 835 3350 secula
865 3288 1251 3353 seculorum.
1324 3300 1426 3371 ps.
1522 3292 1716 3372 Mag-

515 3373 757 3437 nificat.
1181 3377 1411 3441 Oratio
1426 3378 1715 3460 propn'a.

520 3465 586 3538 ff
631 3461 755 3524 Ad
807 3462 1171 3525 matutinas
1225 3465 1715 3529 Invitatorium.

520 3549 780 3630 Regem
868 3549 1421 3630 evangelistarum
1504 3552 1719 3616 domi·

519 3656 724 3700 num:

518 3724 779 3788 Venite.

521 3810 784 3876 Christi.

812 3638 1055 3701 Venite
1129 3638 1501 3704 adoremus,
1616 3649 1720 3722 ps’.

959 3725 1284 3807 Hymnus.
1466 3729 1720 3792 Eterna

873 3814 960 3876 In
970 3814 1031 3895 j.
1056 3825 1358 3879 nocturno
1387 3826 1492 3882 αῆ.
1544 3816 1720 3881 Con-

519 3901 773 3963 vocatis
811 3898 1004 3981 Jesus
1049 3902 1403 3968 duodecim
1454 3914 1719 3987 aposto-

518 3988 600 4051 lis
654 3988 833 4051 misit
869 3987 1014 4051 illos
1051 3992 1390 4072 predicare
1441 4012 1719 4075 regnum

518 4076 672 4140 dei:
737 4077 982 4157 egressi
1036 4088 1260 4143 autem
1313 4080 1721 4164 evangelisa-

520 4164 686 4227 bant
739 4174 807 4227 et
865 4166 1187 4231 curabant
1247 4169 1508 4253 ubique.
1617 4178 1717 4251 ps.

525 4252 667 4317 Celi
743 4264 1066 4319 enarrant.
1185 4258 1320 4322 Αῆ.
1442 4258 1722 4321 Mittens

523 4339 836 4405 dominus
855 4351 922 4406 et
945 4342 1108 4407 alios
1132 4345 1218 4407 ad
1244 4345 1723 4427 predicandum

526 4426 791 4495 dicebat
886 4429 1057 4496 illis:
1135 4434 1365 4497 messis
1454 4434 1725 4519 quidem

1793 747 1969 801 tores
2000 746 2069 801 et
2097 736 2502 819 evangeliste
2530 740 2688 799 ‘sunt
2719 736 2787 797 in
2820 735 2986 797 min·
3020 810 3024 812 ι

1796 826 2090 889 isterium
2124 824 2279 889 fidei
2316 824 2515 887 missi.
2589 832 2693 906 ps‘.
2787 824 2985 885 Eruc-

1794 916 1978 977 tavit.
2070 930 2118 999 γ
2168 914 2246 976 In
2296 932 2580 975 omnem.
2679 909 2987 973 Primum

1795 1002 1909 1065 Re.
2004 1001 2083 1064 In
2114 1002 2366 1064 visione
2397 1000 2505 1063 dei
2528 999 2703 1063 vidi:
2749 1008 2819 1063 et
2840 1018 2987 1062 ecce

1796 1098 2035 1153 ventus
2064 1088 2345 1153 turbinis
2373 1087 2684 1152 veniebat
2705 1086 2791 1150 ab
2812 1088 2989 1168 aqui-

1798 1178 1988 1241 lone:
2035 1178 2377 1258 nubesque
2422 1196 2668 1258 magna
2709 1184 2778 1239 et
2827 1174 2991 1256 ignis

1799 1264 2142 1329 involvens
2174 1264 2617 1348 splendorque
2636 1263 2705 1326 in
2725 1263 2991 1327 circuitu

1799 1354 1857 1435 ej
1867 1374 1957 1417 us,
2052 1352 2144 1416 Et
2168 1372 2256 1415 ex
2282 1353 2503 1416 medio
2521 1370 2749 1415 eorum
2770 1349 2995 1413 simili-

1798 1441 1963 1505 tudo
2038 1449 2355 1523 quattuor
2416 1439 2857 1503 animalium:
2930 1446 2995 1501 et

1800 1538 2107 1611 aspectus
2152 1527 2440 1592 hominis
2476 1536 2618 1591 erat
2646 1529 2715 1590 in
2748 1526 2863 1589 eis,
2952 1542 2995 1611 γ

1804 1618 1910 1681 De
1960 1616 2181 1680 medio
2232 1624 2458 1680 autem
2518 1630 2746 1679 eorum
2811 1612 2997 1697 quasi

1804 1706 2056 1787 species
2078 1704 2340 1768 electri:
2372 1705 2499 1768 hoc
2528 1712 2629 1767 est
2658 1704 2745 1766 de
2779 1702 2998 1765 medio

1804 1794 1991 1875 ignis
2102 1793 2194 1857 Et
2254 1812 2343 1855 ex
2404 1791 2644 1856 medin.
2754 1790 2825 1874 ᾔ.
2889 1791 3043 1854 Ra.

1807 1880 2147 1963 Quattuor
2198 1879 2401 1943 facies
2460 1879 2575 1942 uni
2620 1888 2861 1943 erant:
2940 1888 3002 1941 et

1806 1977 2123 2050 quattuor
2214 1988 2433 2050 penne
2536 1966 2650 2031 uni
2690 1988 2707 2032 :
2798 1966 3001 2049 pedes

1804 2076 2035 2120 eorum
2068 2055 2273 2139 pedes
2305 2055 2463 2120 recti
2492 2078 2505 2121 :
2553 2054 2786 2137 planta
2818 2054 3002 2136 pedis

1806 2165 2036 2208 eorum
2096 2153 2170 2208 ut
2226 2144 2432 2208 vituli.
2556 2144 2649 2207 Et
2720 2142 3003 2206 scintille

1807 2234 1997 2315 quasi
2074 2242 2380 2314 aspectus
2438 2232 2563 2295 eris
2636 2231 3003 2295 candentis.

1808 2338 1857 2472 ζ
1922 2319 2065 2387 Sub
2141 2322 2376 2402 pennis
2464 2340 2691 2383 eorum
2769 2339 3009 2383 manus

1858 2408 2095 2473 ominis
2115 2408 2183 2471 in
2203 2419 2519 2490 quattuor
2536 2408 2858 2490 partibus,
2902 2408 3011 2471 Et.

1810 2498 1906 2580 ἰῇ.
1953 2498 2065 2561 Re.
2162 2496 2543 2562 Similitudo
2594 2496 2822 2560 vultus
2875 2496 3015 2560 ani-

1812 2585 2087 2649 malium
2118 2585 2321 2649 facies
2368 2585 2657 2648 hominis
2700 2593 2771 2649 et
2816 2585 3015 2648 facies

1809 2673 2017 2737 leonis
2066 2694 2108 2737 a
2166 2674 2423 2739 dextris
2478 2674 2772 2756 ipsorum
2827 2682 3017 2755 quat-

1810 2770 2012 2826 tuor:
2086 2762 2287 2826 sacies
2342 2781 2498 2825 vero
2556 2760 2749 2824 vituli
2814 2771 3017 2842 atque

1814 2850 2034 2932 aquile
2074 2870 2115 2913 a
2150 2850 2429 2914 sinistris
2474 2848 2769 2932 ipsorum
2823 2859 3019 2931 quat-

1813 2946 1978 3001 tuor.
2043 2938 2136 3001 Et
2155 2938 2355 3002 facies
2386 2947 2454 3001 et
2486 2957 2704 3020 penne
2736 2945 3019 3000 extente

1814 3026 2099 3108 desuper
2155 3034 2360 3090 erant.
2470 3042 2518 3111 y
2581 3025 2736 3090 Due
2800 3044 3026 3107 penne

1813 3114 2223 3195 singulorum
2248 3115 2739 3196 jungebantur:
2790 3122 2866 3177 et
2897 3114 3029 3176 due

1818 3202 2137 3284 tegebant
2199 3222 2429 3265 eorum
2496 3221 2798 3283 corpora.
2924 3201 3030 3265 Et.

1822 3290 2063 3354 Gloria.
2155 3289 2263 3354 Et.
2353 3290 2439 3352 In
2468 3288 2737 3352 secundo
2768 3298 3033 3352 noctur·

1820 3398 1902 3440 no
1931 3386 2037 3443 αῆ.
2128 3376 2473 3460 Sapientia
2517 3377 2777 3442 domini
2828 3397 3035 3440 evan-

1818 3466 1974 3548 gelii
2036 3475 2392 3549 eruperunt
2452 3466 2719 3548 abyssi:
2774 3474 2854 3529 et
2922 3486 3037 3527 an-

1820 3554 2210 3617 nunciantes
2240 3554 2580 3618 secundati
2616 3573 2762 3618 rore
2799 3552 3036 3617 celesti

1822 3642 2073 3705 mundo
2132 3642 2459 3706 intonant.
2551 3651 2653 3724 ps.
2764 3641 3037 3707 Omnes

1820 3739 2069 3811 gentes.
2116 3732 2250 3796 Αῆ.
2286 3731 2502 3795 Labia
2518 3750 2748 3794 eorum
2776 3729 3039 3795 saluta-

1823 3837 1960 3880 rem
2000 3818 2597 3883 disseminaverunt
2632 3819 3041 3882 scientiam:

1821 3925 1989 3986 opus
2034 3916 2337 3971 sanctum
2388 3908 2666 3990 dignum
2714 3906 3045 3969 benedic-

1821 3993 2004 4056 tione
2051 3995 2322 4077 plenum
2372 3995 2666 4060 fecerunt
2729 3996 3049 4059 ministe-

1826 4082 1992 4144 rium
2041 4082 2165 4146 sibi
2225 4086 2546 4148 traditum
2597 4083 2857 4147 devote
2928 4085 3048 4147 im·

1825 4168 2184 4251 pleverunt.
2279 4180 2381 4252 ps.
2407 4216 2421 4233 .
2496 4170 2773 4235 Exaudi
2880 4172 3047 4235 deus

1827 4258 2380 4340 deprecationem.
2518 4260 2581 4323 A
2591 4268 2652 4322 ἢ.
2808 4258 3049 4341 Elegit

1828 4366 1943 4410 eos
2003 4366 2093 4410 ex
2149 4346 2335 4410 omni
2394 4366 2634 4411 carne:
2713 4354 2788 4410 et
2854 4348 3049 4412 dedit

1829 4436 1955 4499 illis
2003 4445 2317 4518 precepta
2380 4444 2449 4499 et
2494 4435 2714 4518 legem
2769 4439 2936 4502 vite
2993 4448 3049 4501 et
