3117 4959
332 256 387 312 S.
438 256 877 312 DUNSTAA’J
908 257 1311 334 sspsscopl.

681 371 837 425 283

175 479 405 542 Venite.
451 477 766 558 Hymnus.
820 479 956 542 Iste
987 479 1337 543 confessor.

170 569 244 630 In
300 575 591 644 nocturno
645 573 771 631 αῆ.ἱ
841 566 1136 631 Alleluia
1190 567 1340 650 (iij.)

156 663 247 736 ps.
290 655 527 718 Beatus
584 654 697 717 vir.
772 663 873 736 ps'.
930 655 1154 738 Quare
1214 654 1339 718 sre-

168 750 466 804 muerunt.
594 751 695 824 ps.
790 744 1081 806 Domine
1156 744 1334 824 quid.

170 846 209 916 y
248 829 525 893 Amavit.
1054 831 1265 894 Lectio
1274 831 1337 913 j.

168 919 509 1050 Sanctus
584 917 861 981 antistes
965 919 1337 982 dunstanus

284 1025 429 1067 cum
468 1004 608 1085 jam
640 1005 763 1070 flos
795 1005 1237 1079 adolescentie
1269 1007 1336 1068 in

168 1095 339 1154 annis
394 1093 795 1156 adolesceret
856 1095 941 1156 de
996 1094 1338 1177 glasconia

165 1200 441 1262 egressus
474 1202 489 1244 :
565 1181 1067 1264 archiepiscopo
1141 1183 1339 1245 doro-

166 1269 445 1330 bernensi
472 1268 486 1305 ¹
520 1267 811 1332 aldelino
831 1269 855 1304 ²
887 1278 1125 1351 patruo
1168 1270 1337 1333 scili·

166 1364 262 1418 cet
288 1375 401 1417 suo
430 1377 502 1418 se
541 1357 788 1437 junxit.
883 1358 961 1420 In
993 1378 1127 1439 quo
1158 1359 1337 1420 idem

166 1443 449 1524 pontifex
508 1445 792 1524 gratiam
846 1445 953 1508 dei
999 1445 1339 1509 admirans

166 1531 392 1612 palatio
422 1551 573 1594 eum
608 1533 1011 1613 presentavit
1039 1554 1054 1596 ε
1101 1543 1168 1597 et
1201 1533 1337 1615 regi

165 1619 486 1682 adelstano
549 1639 799 1700 magno
858 1621 1098 1684 affectu
1158 1641 1339 1683 com·

166 1708 499 1770 mendavit.
560 1707 633 1770 A
665 1728 801 1789 quo
832 1709 1103 1772 diversis
1134 1708 1342 1771 hono-

165 1794 325 1858 ribus
353 1795 763 1859 sublimatuS.
813 1795 1031 1859 locum
1074 1817 1343 1878 quoque

166 1883 223 1943 in
280 1903 407 1964 quo
454 1884 777 1947 educatus
832 1894 933 1947 est
981 1885 1088 1948 dei
1144 1884 1343 1947 infor-

166 1971 464 2032 mandum
525 1971 796 2033 servitio
857 1973 1181 2054 suscepit:
1228 1971 1343 2034 ubi

164 2057 507 2120 monachus
540 2068 611 2121 et
642 2059 851 2122 abbas
881 2059 1156 2123 effectus
1204 2080 1344 2122 mo-

1693 257 1756 313 S.
1818 257 2141 315 URBANI
2181 259 2420 315 PAPE.

1951 373 2104 428 284

1441 477 1750 542 ultimum
1785 479 1976 543 dixit.
2071 481 2162 544 Et
2193 501 2346 544 cum
2380 503 2498 564 per
2527 483 2639 548 tri-

1436 567 1646 630 duum
1681 566 1890 630 lecto⁴
1922 568 2351 633 decumberet
2387 591 2401 633 :
2449 571 2639 634 viati-

1436 675 1590 718 cum
1623 665 2184 720 sacramentorum
2219 657 2465 722 Christi
2497 679 2638 722 sus-

1436 743 1629 825 cepit.
1725 743 1926 810 Unde
1959 745 2208 826 gratias
2255 766 2461 828 agens
2507 746 2638 810 deo

1435 830 1719 913 psallere
1748 832 1939 914 cepit.
2036 834 2430 896 Memoriam
2479 833 2635 898 fecit

1435 919 1836 984 mirabilium
1869 940 2136 984 suorum
2171 921 2535 984 misericors
2568 930 2635 985 et

1438 1008 1784 1070 miserator
1827 1007 2134 1071 dominus
2180 1029 2400 1072 escam
2448 1010 2635 1073 dedit

1436 1095 1827 1158 timentibus
1872 1115 1956 1158 se.
2056 1095 2238 1159 Inter
2268 1117 2398 1179 que
2430 1098 2636 1161 verba

1435 1183 1736 1264 spiritum
1816 1182 1880 1245 in
1945 1183 2250 1247 manibus
2325 1185 2636 1248 creatoris

1434 1270 1716 1333 reddens
1793 1270 1858 1332 in
1929 1291 2093 1354 pace
2162 1273 2428 1354 quievit.
2517 1272 2634 1336 Re.

1438 1357 1646 1439 Euge.
1737 1358 1850 1421 Re.
1901 1357 2073 1422 Ecce
2105 1360 2428 1422 sacerdos
2520 1359 2635 1422 Re.

1435 1445 1750 1528 Agmina.
1848 1446 2068 1510 omnia
2126 1447 2508 1510 alleluiatice
2567 1448 2640 1512 in

1416 1533 1567 1615 fine
1639 1535 2195 1614 responsoriorum.
2271 1535 2637 1598 versiculus.

1439 1621 1578 1686 Ora
1611 1641 1730 1702 pro
1764 1620 1972 1684 nobis.
2021 1622 2106 1684 In
2128 1622 2432 1686 laudibus
2462 1632 2522 1685 et
2549 1623 2646 1684 ad

1438 1709 1614 1772 alias
1641 1708 1839 1771 horas
1867 1708 2210 1790 antiphone
2237 1710 2643 1774 alleluiatice.

1445 1796 1668 1862 Cetera
1695 1797 1773 1858 de
1799 1798 2130 1862 communi
2156 1798 2356 1860 unius
2397 1799 2644 1881 confes-

1438 1885 1611 1948 soris
1626 1884 1976 1968 pontificis.

1444 1975 1507 2050 {[
1555 1972 1692 2035 Isto
1723 1973 1904 2036 modo
1934 1971 2194 2036 dicatur
2221 1973 2303 2037 de
2315 1994 2383 2036 co
2403 1975 2469 2037 si
2494 1983 2644 2036 ante

1439 2061 1864 2123 ascensionem
1926 2062 2222 2127 evenerit.
2364 2061 2454 2126 Si
2493 2082 2642 2124 vero

164 2145 503 2208 nachorum
536 2147 631 2209 ibi
663 2146 912 2210 scolam
958 2149 1211 2229 primus
1247 2149 1344 2210 in·
1428 2157 1582 2229 post
1607 2151 1864 2229 festum
1907 2159 2124 2211 sancte
2150 2148 2476 2212 trinitatis
2503 2170 2644 2212 eve-

160 2244 391 2296 struere
423 2235 619 2316 cepit.
1036 2235 1245 2298 Lectio
1276 2235 1345 2317 ij.

163 2323 379 2451 Rex
439 2331 672 2385 autem
718 2323 1081 2404 eadegarus
1142 2343 1347 2404 regno

294 2408 727 2474 confirmatus
758 2413 1030 2474 beatum
1065 2411 1152 2473 du
1164 2421 1351 2475 nsta-

65 2573 67 2580 .
165 2516 309 2559 num
341 2499 405 2560 in
439 2500 905 2580 episcopatum
952 2500 1348 2581 wigorinen-

160 2584 239 2646 sis
266 2585 537 2649 ecclesie
592 2587 938 2669 promovit.
1034 2587 1112 2649 In
1157 2587 1351 2668 cujus

162 2672 568 2737 ordinatione
620 2694 773 2737 cum
820 2675 952 2737 odo
996 2675 1354 2757 archiepis—

159 2780 349 2842 copus
407 2763 707 2826 officium
768 2763 890 2825 rite
951 2771 1348 2845 perageret:

161 2869 295 2910 eum
327 2849 605 2913 ecclesie
640 2850 1021 2931 metropolis
1036 2851 1351 2913 dorober-

166 2938 368 2999 nensis
400 2939 662 3002 cunctis
686 2939 1169 3002 admirantibus
1192 2939 1351 3001 titu-

164 3024 323 3088 lavit.
417 3026 641 3108 Super
672 3047 806 3108 quo
854 3047 895 3089 a
947 3027 1351 3090 circunstan-

166 3111 325 3175 tibus
358 3115 666 3178 modeste
714 3114 1143 3197 redargutus:
1195 3114 1351 3178 Scio

164 3200 365 3282 inquit
443 3201 778 3265 karissimi
812 3203 836 3240 ³
896 3202 1055 3284 quid
1109 3203 1174 3265 in
1240 3221 1349 3265 me

166 3287 465 3369 loquatur
507 3291 696 3353 deus,
820 3290 1125 3354 Predicto
1193 3311 1352 3353 vero

162 3375 649 3460 archiepiscopo
695 3379 993 3460 patribus
1048 3378 1183 3441 suis
1236 3398 1351 3459 ap-

164 3465 366 3542 posito
394 3488 409 3530 ε
458 3465 547 3528 ab
580 3465 764 3528 omni
797 3465 1045 3548 populo
1076 3475 1145 3529 et
1174 3465 1351 3528 clero

164 3549 381 3616 beatus
412 3553 789 3616 dunstanus
820 3555 885 3616 in
918 3554 1353 3636 archiepisco-

162 3659 309 3719 pum
341 3640 625 3723 eligitur.
1012 3643 1223 3704 Lectio
1255 3640 1352 3722 iij.

160 3728 363 3856 Die
395 3738 628 3792 autem
660 3728 1026 3791 vocationis
1057 3729 1197 3811 ejus
1230 3730 1352 3791 im·

304 3817 603 3881 minente
636 3818 1057 3882 commissam
1090 3817 1215 3880 sibi
1245 3837 1354 3879 ec-

160 3901 415 3967 clesiam
508 3906 642 3968 deo
716 3905 1079 3987 assignavit
1149 3905 1354 3968 verbo

160 3989 465 4056 instruxit
541 4013 555 4056 :
669 4002 871 4076 atque
963 3994 1353 4056 auctoritate

160 4078 518 4158 apostolica
579 4101 621 4143 a
678 4079 969 4162 peccatis
1042 4081 1352 4144 omnibus

160 4165 449 4232 absolvit.
524 4167 793 4234 Deinde
824 4169 1179 4232 commissa
1210 4189 1352 4232 om-

158 4254 341 4317 nibus
369 4275 544 4338 pace
574 4265 641 4319 et
670 4254 993 4318 charitate
1016 4276 1135 4319 sua
1160 4278 1173 4320 :
1205 4255 1353 4320 vale

280 4391 299 4420 ¹
334 4390 718 4505 Dorbemerzsilz
742 4391 825 4506 {LI
928 4456 963 4506 S
1031 4391 1053 4421 ¹
1084 4391 1317 4443 aldelmo.

612 4483 619 4492 ·
690 4471 749 4506 ec
772 4473 803 4506 u
825 4473 891 4507 o:
968 4494 979 4506 .

288 4535 453 4587 VOL.
489 4537 564 4588 11.

1444 2236 1617 2298 nerit
1671 2235 1936 2299 dicatur
1987 2236 2066 2298 de
2119 2256 2186 2299 eo
2243 2258 2386 2299 cum
2433 2237 2645 2300 tribus

1443 2322 1812 2386 lectionibus
1863 2325 2037 2392 sicut
2091 2324 2172 2387 de
2228 2345 2354 2388 uno
2403 2325 2645 2406 confes-

1442 2431 1585 2473 sore
1616 2412 1915 2496 pontifice
1971 2421 2155 2476 extra
2205 2421 2449 2496 tempus
2485 2425 2645 2495 pas-

1440 2498 1630 2562 chale.

1447 2591 1513 2663 ᾖ·
1562 2586 1801 2650 Sancti
1848 2583 2094 2650 urbani
2127 2597 2297 2668 pape
2351 2597 2417 2651 et
2467 2609 2645 2651 mar-

1447 2675 1626 2755 tyris.
2400 2675 2647 2740 Oratio.

1445 2763 1643 2892 Da
1675 2782 2034 2843 quesumus
2077 2763 2502 2845 omnipotens
2532 2764 2649 2826 de-

1604 2871 1718 2913 us:
1751 2859 1826 2912 ut
1858 2851 1967 2932 qui
2001 2850 2178 2912 beati
2212 2851 2445 2914 urbani
2479 2871 2649 2914 mar-

1446 2938 1612 3019 tyris
1642 2937 1739 3002 tui
1771 2946 1972 3018 atque
1997 2937 2326 3018 pontificis
2349 2938 2650 3010 solennia

1449 3025 1726 3089 colimus
1786 3024 1930 3105 ejus
1989 3025 2168 3107 apud
2221 3035 2289 3088 te
2341 3027 2645 3088 interces-

1448 3113 1744 3176 sionibus
1775 3111 2179 3194 adjuvemur.
2277 3113 2400 3176 Per
2433 3115 2648 3176 domi-

1451 3220 1627 3264 num.
2359 3201 2576 3264 Lectio
2585 3201 2646 3284 j.

1618 3286 1940 3351 lmachius
1961 3288 2138 3352 urbis
2161 3290 2468 3352 romane⁵
2498 3310 2646 3371 pre·

1614 3376 1826 3440 sectus
1877 3375 2055 3439 misit
2103 3384 2171 3441 et
2215 3377 2428 3440 tenuit
2459 3398 2648 3441 sanc-

1450 3474 1593 3529 tum
1625 3465 1956 3529 urbanum
1985 3486 2000 3528 :
2049 3465 2228 3527 urbis
2260 3486 2445 3528 rome
2474 3468 2648 3550 epis-

1448 3574 1691 3636 copum
1741 3573 1892 3616 cum
1937 3551 2112 3616 clero
2157 3573 2292 3617 sue.
2387 3553 2648 3637 Quibus

1448 3642 1793 3705 adductis:
1826 3639 2191 3704 almachius
2224 3641 2416 3705 dixit.
2510 3643 2648 3706 Iste

1450 3737 1551 3792 est
1601 3729 1890 3792 urbanus
1941 3729 2296 3810 sacrilegus
2342 3732 2653 3796 seductor

1450 3817 1838 3880 hominum:
1886 3837 2086 3900 quern
2149 3819 2485 3882 christiani
2541 3841 2648 3882 su-

1450 3926 1562 3968 um
1597 3925 1840 3987 papam
1873 3916 2416 3969 commemorant.
2481 3907 2649 3970 Bea-

1451 4002 1557 4056 tus
1608 3993 1896 4056 urbanus
1951 3993 2312 4074 respondit.
2408 3993 2646 4057 Homi-

1450 4081 1644 4143 nibus
1706 4082 2109 4162 persuadeo:
2157 4088 2231 4144 ut
2283 4089 2646 4145 creatorem

1448 4189 1640 4232 suum
1700 4171 1900 4232 deum
1954 4188 2182 4230 verum
2245 4178 2650 4250 cognoscant

1450 4266 1518 4321 et
1535 4257 1712 4321 viam
1734 4255 2098 4337 iniquitatis
2120 4266 2446 4337 respuant.
2485 4257 2558 4321 L.
2579 4258 2646 4341 is.

1553 4393 1576 4423 ⁸
1611 4389 1886 4440 carissimi:
1923 4389 1984 4438 R.
2065 4389 2366 4442 charissimi:
2404 4391 2532 4455 N-S.

1783 4457 1803 4524 ξ
1838 4471 2008 4505 rome:
2045 4455 2249 4508 R·.N.S.

2333 4539 2380 4586 Π
