<?xml version="1.0" encoding="UTF-8"?>
<!DOCTYPE html PUBLIC "-//W3C//DTD XHTML 1.0 Transitional//EN"
    "http://www.w3.org/TR/xhtml1/DTD/xhtml1-transitional.dtd">
<html xmlns="http://www.w3.org/1999/xhtml" xml:lang="en" lang="en">
 <head>
  <title>
</title>
<meta http-equiv="Content-Type" content="text/html;charset=utf-8" />
  <meta name='ocr-system' content='tesseract 3.04.00' />
  <meta name='ocr-capabilities' content='ocr_page ocr_carea ocr_par ocr_line ocrx_word'/>
</head>
<body>
  <div class='ocr_page' id='page_1' title='image "breviariumadusu03yorkgoog_0320.png"; bbox 0 0 3117 4959; ppageno 0'>
   <div class='ocr_carea' id='block_1_1' title="bbox 802 295 1907 354">
    <p class='ocr_par' dir='ltr' id='par_1_1' title="bbox 802 295 1907 354">
     <span class='ocr_line' id='line_1_1' title="bbox 802 295 1907 354; baseline 0.002 -4"><span class='ocrx_word' id='word_1_1' title='bbox 802 295 1462 354; x_wconf 82' lang='lat' dir='ltr'><em>HERFORDENSIS</em></span> <span class='ocrx_word' id='word_1_2' title='bbox 1508 295 1568 351; x_wconf 88' lang='lat' dir='ltr'><em>E</em></span> <span class='ocrx_word' id='word_1_3' title='bbox 1570 297 1706 351; x_wconf 84' lang='lat' dir='ltr'>PIS</span> <span class='ocrx_word' id='word_1_4' title='bbox 1709 296 1756 352; x_wconf 86' lang='lat' dir='ltr'><em>C</em></span> <span class='ocrx_word' id='word_1_5' title='bbox 1756 298 1907 352; x_wconf 78' lang='lat' dir='ltr'><em>OPI-</em></span> 
     </span>
    </p>
   </div>
   <div class='ocr_carea' id='block_1_2' title="bbox 622 405 851 461">
    <p class='ocr_par' dir='ltr' id='par_1_2' title="bbox 622 405 851 461">
     <span class='ocr_line' id='line_1_2' title="bbox 622 405 851 461; baseline 0 -2"><span class='ocrx_word' id='word_1_6' title='bbox 622 405 777 461; x_wconf 71' lang='lat'>595</span> <span class='ocrx_word' id='word_1_7' title='bbox 846 426 851 432; x_wconf 90' lang='lat'><em>·</em></span> 
     </span>
    </p>
   </div>
   <div class='ocr_carea' id='block_1_3' title="bbox 102 510 1297 4307">
    <p class='ocr_par' dir='ltr' id='par_1_3' title="bbox 102 510 1297 4307">
     <span class='ocr_line' id='line_1_3' title="bbox 124 510 1291 580; baseline -0.004 -1"><span class='ocrx_word' id='word_1_8' title='bbox 124 525 278 580; x_wconf 86' lang='lat' dir='ltr'>terra</span> <span class='ocrx_word' id='word_1_9' title='bbox 308 512 626 576; x_wconf 82' lang='lat' dir='ltr'>miraculis</span> <span class='ocrx_word' id='word_1_10' title='bbox 665 511 1027 575; x_wconf 84' lang='lat' dir='ltr'>innumeris</span> <span class='ocrx_word' id='word_1_11' title='bbox 1058 510 1291 576; x_wconf 87' lang='lat' dir='ltr'>clarifi-</span> 
     </span>
     <span class='ocr_line' id='line_1_4' title="bbox 126 600 1291 684; baseline -0.003 -16"><span class='ocrx_word' id='word_1_12' title='bbox 126 604 282 668; x_wconf 80' lang='lat' dir='ltr'>cavit</span> <span class='ocrx_word' id='word_1_13' title='bbox 309 603 465 665; x_wconf 90' lang='lat' dir='ltr'>deus</span> <span class='ocrx_word' id='word_1_14' title='bbox 494 602 957 684; x_wconf 89' lang='lat' dir='ltr'>omnipotens:</span> <span class='ocrx_word' id='word_1_15' title='bbox 988 601 1102 684; x_wconf 87' lang='lat' dir='ltr'>qui</span> <span class='ocrx_word' id='word_1_16' title='bbox 1135 600 1291 664; x_wconf 88' lang='lat' dir='ltr'>facit</span> 
     </span>
     <span class='ocr_line' id='line_1_5' title="bbox 128 688 1293 772; baseline -0.003 -16"><span class='ocrx_word' id='word_1_17' title='bbox 128 689 427 756; x_wconf 87' lang='lat' dir='ltr'>mirabilia</span> <span class='ocrx_word' id='word_1_18' title='bbox 500 709 747 772; x_wconf 89' lang='lat' dir='ltr'>magna</span> <span class='ocrx_word' id='word_1_19' title='bbox 820 688 1019 754; x_wconf 73' lang='lat' dir='ltr'>solus</span> <span class='ocrx_word' id='word_1_20' title='bbox 1126 688 1293 770; x_wconf 90' lang='lat' dir='ltr'>Ejus</span> 
     </span>
     <span class='ocr_line' id='line_1_6' title="bbox 128 777 1295 862; baseline -0.003 -18"><span class='ocrx_word' id='word_1_21' title='bbox 128 799 388 862; x_wconf 86' lang='lat' dir='ltr'>namque</span> <span class='ocrx_word' id='word_1_22' title='bbox 412 779 657 842; x_wconf 88' lang='lat' dir='ltr'>meritis</span> <span class='ocrx_word' id='word_1_23' title='bbox 682 777 1035 859; x_wconf 81' lang='lat' dir='ltr'>languores</span> <span class='ocrx_word' id='word_1_24' title='bbox 1052 797 1295 840; x_wconf 86' lang='lat' dir='ltr'>sanan-</span> 
     </span>
     <span class='ocr_line' id='line_1_7' title="bbox 126 865 1289 933; baseline -0.004 0"><span class='ocrx_word' id='word_1_25' title='bbox 126 877 253 933; x_wconf 88' lang='lat' dir='ltr'>tur:</span> <span class='ocrx_word' id='word_1_26' title='bbox 276 867 529 931; x_wconf 84' lang='lat' dir='ltr'>mortui</span> <span class='ocrx_word' id='word_1_27' title='bbox 590 868 1063 930; x_wconf 80' lang='lat' dir='ltr'><strong>resuscitantur</strong></span> <span class='ocrx_word' id='word_1_28' title='bbox 1092 885 1107 929; x_wconf 92' lang='lat'>:</span> <span class='ocrx_word' id='word_1_29' title='bbox 1151 865 1289 929; x_wconf 89' lang='lat' dir='ltr'>ceci</span> 
     </span>
     <span class='ocr_line' id='line_1_8' title="bbox 128 953 1291 1020; baseline -0.003 0"><span class='ocrx_word' id='word_1_30' title='bbox 128 957 594 1020; x_wconf 80' lang='lat' dir='ltr'>illuminantur:</span> <span class='ocrx_word' id='word_1_31' title='bbox 683 953 899 1018; x_wconf 91' lang='lat' dir='ltr'>surdis</span> <span class='ocrx_word' id='word_1_32' title='bbox 974 954 1241 1018; x_wconf 90' lang='lat' dir='ltr'>auditus</span> <span class='ocrx_word' id='word_1_33' title='bbox 1277 974 1291 1016; x_wconf 92' lang='lat'>:</span> 
     </span>
     <span class='ocr_line' id='line_1_9' title="bbox 128 1042 1295 1126; baseline -0.004 -17"><span class='ocrx_word' id='word_1_34' title='bbox 128 1044 308 1110; x_wconf 86' lang='lat' dir='ltr'>mutis</span> <span class='ocrx_word' id='word_1_35' title='bbox 337 1042 643 1126; x_wconf 85' lang='lat' dir='ltr'>loquela:</span> <span class='ocrx_word' id='word_1_36' title='bbox 690 1052 760 1106; x_wconf 88' lang='lat' dir='ltr'>et</span> <span class='ocrx_word' id='word_1_37' title='bbox 806 1042 1063 1106; x_wconf 88' lang='lat' dir='ltr'>claudis</span> <span class='ocrx_word' id='word_1_38' title='bbox 1112 1061 1295 1125; x_wconf 87' lang='lat' dir='ltr'>gres-</span> 
     </span>
     <span class='ocr_line' id='line_1_10' title="bbox 126 1130 1293 1196; baseline -0.002 0"><span class='ocrx_word' id='word_1_39' title='bbox 126 1154 223 1196; x_wconf 87' lang='lat' dir='ltr'>sus</span> <span class='ocrx_word' id='word_1_40' title='bbox 252 1133 579 1196; x_wconf 82' lang='lat' dir='ltr'>redditur:</span> <span class='ocrx_word' id='word_1_41' title='bbox 612 1130 1103 1195; x_wconf 87' lang='lat' dir='ltr'>infirmantibus</span> <span class='ocrx_word' id='word_1_42' title='bbox 1134 1151 1293 1194; x_wconf 92' lang='lat' dir='ltr'>vero</span> 
     </span>
     <span class='ocr_line' id='line_1_11' title="bbox 124 1218 1291 1303; baseline -0.003 -19"><span class='ocrx_word' id='word_1_43' title='bbox 124 1222 391 1286; x_wconf 86' lang='lat' dir='ltr'>sanitas:</span> <span class='ocrx_word' id='word_1_44' title='bbox 436 1230 506 1285; x_wconf 90' lang='lat' dir='ltr'>et</span> <span class='ocrx_word' id='word_1_45' title='bbox 566 1221 633 1283; x_wconf 90' lang='lat' dir='ltr'>in</span> <span class='ocrx_word' id='word_1_46' title='bbox 694 1218 1025 1303; x_wconf 89' lang='lat' dir='ltr'>profundo</span> <span class='ocrx_word' id='word_1_47' title='bbox 1071 1218 1291 1303; x_wconf 84' lang='lat' dir='ltr'>pelagi</span> 
     </span>
     <span class='ocr_line' id='line_1_12' title="bbox 122 1306 1289 1392; baseline -0.003 -19"><span class='ocrx_word' id='word_1_48' title='bbox 122 1309 641 1392; x_wconf 85' lang='lat' dir='ltr'>naufragantibus</span> <span class='ocrx_word' id='word_1_49' title='bbox 686 1317 918 1391; x_wconf 90' lang='lat' dir='ltr'>portus</span> <span class='ocrx_word' id='word_1_50' title='bbox 964 1306 1289 1372; x_wconf 85' lang='lat' dir='ltr'>salutifer⁸</span> 
     </span>
     <span class='ocr_line' id='line_1_13' title="bbox 123 1396 1293 1480; baseline -0.001 -20"><span class='ocrx_word' id='word_1_51' title='bbox 123 1396 487 1480; x_wconf 86' lang='lat' dir='ltr'>indulgetur.</span> <span class='ocrx_word' id='word_1_52' title='bbox 992 1396 1205 1460; x_wconf 82' lang='lat' dir='ltr'>Lectio</span> <span class='ocrx_word' id='word_1_53' title='bbox 1235 1415 1293 1460; x_wconf 87' lang='lat' dir='ltr'>v.</span> 
     </span>
     <span class='ocr_line' id='line_1_14' title="bbox 121 1483 1296 1618; baseline -0.002 -68"><span class='ocrx_word' id='word_1_54' title='bbox 121 1488 289 1618; x_wconf 85' lang='lat' dir='ltr'><em>H</em></span> <span class='ocrx_word' id='word_1_55' title='bbox 298 1506 371 1550; x_wconf 88' lang='lat' dir='ltr'>ec</span> <span class='ocrx_word' id='word_1_56' title='bbox 400 1494 559 1550; x_wconf 89' lang='lat' dir='ltr'>sunt</span> <span class='ocrx_word' id='word_1_57' title='bbox 588 1493 765 1550; x_wconf 90' lang='lat' dir='ltr'>certe</span> <span class='ocrx_word' id='word_1_58' title='bbox 786 1492 905 1549; x_wconf 88' lang='lat' dir='ltr'>tua</span> <span class='ocrx_word' id='word_1_59' title='bbox 924 1485 949 1522; x_wconf 83' lang='lat'>²</span> <span class='ocrx_word' id='word_1_60' title='bbox 968 1483 1296 1548; x_wconf 87' lang='lat' dir='ltr'>mirabilia</span> 
     </span>
     <span class='ocr_line' id='line_1_15' title="bbox 297 1573 1295 1657; baseline -0.004 -18"><span class='ocrx_word' id='word_1_61' title='bbox 297 1575 501 1640; x_wconf 89' lang='lat' dir='ltr'>deus:</span> <span class='ocrx_word' id='word_1_62' title='bbox 549 1574 662 1657; x_wconf 90' lang='lat' dir='ltr'>qui</span> <span class='ocrx_word' id='word_1_63' title='bbox 710 1573 805 1638; x_wconf 92' lang='lat' dir='ltr'>sic</span> <span class='ocrx_word' id='word_1_64' title='bbox 857 1592 979 1656; x_wconf 89' lang='lat' dir='ltr'>per</span> <span class='ocrx_word' id='word_1_65' title='bbox 1017 1573 1295 1638; x_wconf 86' lang='lat' dir='ltr'>celestes</span> 
     </span>
     <span class='ocr_line' id='line_1_16' title="bbox 121 1662 1295 1746; baseline -0.002 -20"><span class='ocrx_word' id='word_1_66' title='bbox 121 1662 363 1746; x_wconf 87' lang='lat' dir='ltr'>spiritus</span> <span class='ocrx_word' id='word_1_67' title='bbox 412 1663 745 1745; x_wconf 82' lang='lat' dir='ltr'>gubernas</span> <span class='ocrx_word' id='word_1_68' title='bbox 775 1669 1041 1726; x_wconf 89' lang='lat' dir='ltr'>terrena</span> <span class='ocrx_word' id='word_1_69' title='bbox 1068 1662 1295 1725; x_wconf 90' lang='lat' dir='ltr'>omnia</span> 
     </span>
     <span class='ocr_line' id='line_1_17' title="bbox 120 1750 1293 1834; baseline -0.002 -19"><span class='ocrx_word' id='word_1_70' title='bbox 120 1760 179 1815; x_wconf 88' lang='lat' dir='ltr'>et</span> <span class='ocrx_word' id='word_1_71' title='bbox 231 1753 559 1834; x_wconf 87' lang='lat' dir='ltr'>disponis:</span> <span class='ocrx_word' id='word_1_72' title='bbox 606 1750 785 1834; x_wconf 88' lang='lat' dir='ltr'>quod</span> <span class='ocrx_word' id='word_1_73' title='bbox 844 1751 1136 1833; x_wconf 87' lang='lat' dir='ltr'>ipsorum</span> <span class='ocrx_word' id='word_1_74' title='bbox 1190 1771 1293 1813; x_wconf 90' lang='lat' dir='ltr'>sa-</span> 
     </span>
     <span class='ocr_line' id='line_1_18' title="bbox 121 1839 1291 1920; baseline -0.001 -17"><span class='ocrx_word' id='word_1_75' title='bbox 121 1849 349 1904; x_wconf 89' lang='lat' dir='ltr'>cratum</span> <span class='ocrx_word' id='word_1_76' title='bbox 404 1857 756 1903; x_wconf 87' lang='lat' dir='ltr'>numerum</span> <span class='ocrx_word' id='word_1_77' title='bbox 810 1858 1010 1920; x_wconf 90' lang='lat' dir='ltr'>quem</span> <span class='ocrx_word' id='word_1_78' title='bbox 1052 1839 1291 1903; x_wconf 88' lang='lat' dir='ltr'>caden-</span> 
     </span>
     <span class='ocr_line' id='line_1_19' title="bbox 122 1927 1295 2011; baseline -0.003 -19"><span class='ocrx_word' id='word_1_79' title='bbox 122 1929 267 1992; x_wconf 83' lang='lat' dir='ltr'>tium</span> <span class='ocrx_word' id='word_1_80' title='bbox 316 1929 501 1992; x_wconf 84' lang='lat' dir='ltr'>ruina</span> <span class='ocrx_word' id='word_1_81' title='bbox 550 1927 827 1991; x_wconf 88' lang='lat' dir='ltr'>minuit:</span> <span class='ocrx_word' id='word_1_82' title='bbox 876 1947 1141 2011; x_wconf 86' lang='lat' dir='ltr'>reparas</span> <span class='ocrx_word' id='word_1_83' title='bbox 1172 1927 1295 1989; x_wconf 86' lang='lat' dir='ltr'>rni-</span> 
     </span>
     <span class='ocr_line' id='line_1_20' title="bbox 122 2014 1293 2080; baseline -0.002 -1"><span class='ocrx_word' id='word_1_84' title='bbox 122 2015 389 2080; x_wconf 87' lang='lat' dir='ltr'>rabiliter</span> <span class='ocrx_word' id='word_1_85' title='bbox 460 2037 503 2080; x_wconf 91' lang='lat' dir='ltr'>a</span> <span class='ocrx_word' id='word_1_86' title='bbox 578 2015 871 2080; x_wconf 68' lang='lat' dir='ltr'>terrenis</span> <span class='ocrx_word' id='word_1_87' title='bbox 965 2014 1082 2079; x_wconf 90' lang='lat' dir='ltr'>Hii</span> <span class='ocrx_word' id='word_1_88' title='bbox 1138 2023 1293 2078; x_wconf 89' lang='lat' dir='ltr'>sunt</span> 
     </span>
     <span class='ocr_line' id='line_1_21' title="bbox 120 2103 1293 2187; baseline -0.001 -19"><span class='ocrx_word' id='word_1_89' title='bbox 120 2106 307 2170; x_wconf 86' lang='lat' dir='ltr'>sancti</span> <span class='ocrx_word' id='word_1_90' title='bbox 325 2105 418 2169; x_wconf 91' lang='lat' dir='ltr'>tui</span> <span class='ocrx_word' id='word_1_91' title='bbox 440 2104 870 2187; x_wconf 88' lang='lat' dir='ltr'>omnipotens</span> <span class='ocrx_word' id='word_1_92' title='bbox 890 2103 1055 2166; x_wconf 90' lang='lat' dir='ltr'>deus</span> <span class='ocrx_word' id='word_1_93' title='bbox 1087 2103 1293 2167; x_wconf 88' lang='lat' dir='ltr'>bone:</span> 
     </span>
     <span class='ocr_line' id='line_1_22' title="bbox 121 2193 1293 2276; baseline -0.001 -21"><span class='ocrx_word' id='word_1_94' title='bbox 121 2193 218 2276; x_wconf 90' lang='lat' dir='ltr'>qui</span> <span class='ocrx_word' id='word_1_95' title='bbox 269 2203 378 2256; x_wconf 90' lang='lat' dir='ltr'>tue</span> <span class='ocrx_word' id='word_1_96' title='bbox 426 2193 610 2257; x_wconf 88' lang='lat' dir='ltr'>dono</span> <span class='ocrx_word' id='word_1_97' title='bbox 662 2193 877 2274; x_wconf 87' lang='lat' dir='ltr'>gratie</span> <span class='ocrx_word' id='word_1_98' title='bbox 905 2211 1171 2274; x_wconf 87' lang='lat' dir='ltr'>semper</span> <span class='ocrx_word' id='word_1_99' title='bbox 1198 2193 1293 2254; x_wconf 91' lang='lat' dir='ltr'>vi·</span> 
     </span>
     <span class='ocr_line' id='line_1_23' title="bbox 120 2279 1293 2346; baseline -0.003 -1"><span class='ocrx_word' id='word_1_100' title='bbox 120 2291 283 2345; x_wconf 90' lang='lat' dir='ltr'>rent:</span> <span class='ocrx_word' id='word_1_101' title='bbox 348 2281 590 2346; x_wconf 88' lang='lat' dir='ltr'>rubent</span> <span class='ocrx_word' id='word_1_102' title='bbox 640 2291 712 2344; x_wconf 92' lang='lat' dir='ltr'>ut</span> <span class='ocrx_word' id='word_1_103' title='bbox 766 2301 957 2344; x_wconf 90' lang='lat' dir='ltr'>rosa:</span> <span class='ocrx_word' id='word_1_104' title='bbox 1005 2279 1293 2345; x_wconf 90' lang='lat' dir='ltr'>candent</span> 
     </span>
     <span class='ocr_line' id='line_1_24' title="bbox 120 2368 1293 2452; baseline -0.002 -20"><span class='ocrx_word' id='word_1_105' title='bbox 120 2378 183 2433; x_wconf 90' lang='lat' dir='ltr'>ut</span> <span class='ocrx_word' id='word_1_106' title='bbox 212 2369 338 2433; x_wconf 87' lang='lat' dir='ltr'>lilia</span> <span class='ocrx_word' id='word_1_107' title='bbox 364 2391 378 2435; x_wconf 74' lang='grc' dir='ltr'><em>τ</em></span> <span class='ocrx_word' id='word_1_108' title='bbox 410 2380 484 2434; x_wconf 91' lang='lat' dir='ltr'>ut</span> <span class='ocrx_word' id='word_1_109' title='bbox 517 2369 650 2433; x_wconf 90' lang='lat' dir='ltr'>mel</span> <span class='ocrx_word' id='word_1_110' title='bbox 682 2368 949 2452; x_wconf 89' lang='lat' dir='ltr'>placent</span> <span class='ocrx_word' id='word_1_111' title='bbox 975 2388 990 2432; x_wconf 92' lang='lat'>:</span> <span class='ocrx_word' id='word_1_112' title='bbox 1021 2376 1293 2431; x_wconf 89' lang='lat' dir='ltr'>currunt</span> 
     </span>
     <span class='ocr_line' id='line_1_25' title="bbox 119 2455 1293 2541; baseline -0.002 -21"><span class='ocrx_word' id='word_1_113' title='bbox 119 2467 182 2520; x_wconf 91' lang='lat' dir='ltr'>ut</span> <span class='ocrx_word' id='word_1_114' title='bbox 236 2459 495 2540; x_wconf 86' lang='lat' dir='ltr'>spiritus</span> <span class='ocrx_word' id='word_1_115' title='bbox 534 2478 549 2522; x_wconf 76' lang='grc' dir='ltr'>ε</span> <span class='ocrx_word' id='word_1_116' title='bbox 596 2457 893 2541; x_wconf 87' lang='lat' dir='ltr'>fragrant</span> <span class='ocrx_word' id='word_1_117' title='bbox 952 2465 1028 2520; x_wconf 92' lang='lat' dir='ltr'>ut</span> <span class='ocrx_word' id='word_1_118' title='bbox 1076 2455 1293 2519; x_wconf 89' lang='lat' dir='ltr'>balsa-</span> 
     </span>
     <span class='ocr_line' id='line_1_26' title="bbox 122 2544 1295 2628; baseline 0 -20"><span class='ocrx_word' id='word_1_119' title='bbox 122 2565 324 2611; x_wconf 90' lang='lat' dir='ltr'>mum:</span> <span class='ocrx_word' id='word_1_120' title='bbox 355 2557 427 2612; x_wconf 91' lang='lat' dir='ltr'>ut</span> <span class='ocrx_word' id='word_1_121' title='bbox 460 2545 562 2610; x_wconf 91' lang='lat' dir='ltr'>sol</span> <span class='ocrx_word' id='word_1_122' title='bbox 596 2545 869 2628; x_wconf 82' lang='lat' dir='ltr'>fulgent.</span> <span class='ocrx_word' id='word_1_123' title='bbox 962 2544 1177 2608; x_wconf 84' lang='lat' dir='ltr'><em>Lectio</em></span> <span class='ocrx_word' id='word_1_124' title='bbox 1206 2544 1295 2627; x_wconf 84' lang='lat' dir='ltr'>vj.</span> 
     </span>
     <span class='ocr_line' id='line_1_27' title="bbox 118 2634 1293 2766; baseline -0.001 -70"><span class='ocrx_word' id='word_1_125' title='bbox 118 2634 291 2766; x_wconf 70' lang='lat' dir='ltr'>Sic</span> <span class='ocrx_word' id='word_1_126' title='bbox 316 2635 611 2698; x_wconf 89' lang='lat' dir='ltr'>clemens</span> <span class='ocrx_word' id='word_1_127' title='bbox 639 2634 805 2698; x_wconf 90' lang='lat' dir='ltr'>deus</span> <span class='ocrx_word' id='word_1_128' title='bbox 835 2641 1141 2697; x_wconf 88' lang='lat' dir='ltr'>sanctum</span> <span class='ocrx_word' id='word_1_129' title='bbox 1182 2652 1293 2696; x_wconf 88' lang='lat' dir='ltr'>su-</span> 
     </span>
     <span class='ocr_line' id='line_1_28' title="bbox 235 2719 1292 2807; baseline -0.002 -21"><span class='ocrx_word' id='word_1_130' title='bbox 235 2744 339 2786; x_wconf 90' lang='lat' dir='ltr'>um</span> <span class='ocrx_word' id='word_1_131' title='bbox 363 2722 741 2807; x_wconf 86' lang='lat' dir='ltr'>glorificans</span> <span class='ocrx_word' id='word_1_132' title='bbox 764 2722 1066 2786; x_wconf 88' lang='lat' dir='ltr'>thomam</span> <span class='ocrx_word' id='word_1_133' title='bbox 1092 2719 1292 2785; x_wconf 88' lang='lat' dir='ltr'>fidem</span> 
     </span>
     <span class='ocr_line' id='line_1_29' title="bbox 119 2807 1297 2875; baseline 0.001 -4"><span class='ocrx_word' id='word_1_134' title='bbox 119 2807 353 2875; x_wconf 86' lang='lat' dir='ltr'>firmat:</span> <span class='ocrx_word' id='word_1_135' title='bbox 401 2811 759 2875; x_wconf 87' lang='lat' dir='ltr'>nebulosos</span> <span class='ocrx_word' id='word_1_136' title='bbox 806 2829 1056 2874; x_wconf 87' lang='lat' dir='ltr'>errores</span> <span class='ocrx_word' id='word_1_137' title='bbox 1103 2810 1297 2873; x_wconf 86' lang='lat' dir='ltr'>dissi·-</span> 
     </span>
     <span class='ocr_line' id='line_1_30' title="bbox 121 2899 1296 2981; baseline 0.001 -21"><span class='ocrx_word' id='word_1_138' title='bbox 121 2909 219 2978; x_wconf 88' lang='lat' dir='ltr'>pat</span> <span class='ocrx_word' id='word_1_139' title='bbox 275 2909 340 2964; x_wconf 91' lang='lat' dir='ltr'>et</span> <span class='ocrx_word' id='word_1_140' title='bbox 398 2899 791 2964; x_wconf 87' lang='lat' dir='ltr'>confundit:</span> <span class='ocrx_word' id='word_1_141' title='bbox 870 2899 955 2962; x_wconf 91' lang='lat' dir='ltr'>ad</span> <span class='ocrx_word' id='word_1_142' title='bbox 1010 2918 1296 2981; x_wconf 90' lang='lat' dir='ltr'>superna</span> 
     </span>
     <span class='ocr_line' id='line_1_31' title="bbox 120 2986 1295 3071; baseline 0.001 -23"><span class='ocrx_word' id='word_1_143' title='bbox 120 2997 355 3052; x_wconf 89' lang='lat' dir='ltr'>nostros</span> <span class='ocrx_word' id='word_1_144' title='bbox 414 2987 591 3071; x_wconf 90' lang='lat' dir='ltr'>rapit</span> <span class='ocrx_word' id='word_1_145' title='bbox 651 2986 1015 3051; x_wconf 81' lang='lat' dir='ltr'>affectus⁸:</span> <span class='ocrx_word' id='word_1_146' title='bbox 1070 3007 1295 3050; x_wconf 89' lang='lat' dir='ltr'>amore</span> 
     </span>
     <span class='ocr_line' id='line_1_32' title="bbox 120 3072 1295 3158; baseline 0.003 -23"><span class='ocrx_word' id='word_1_147' title='bbox 120 3072 379 3140; x_wconf 85' lang='lat' dir='ltr'>flaminis</span> <span class='ocrx_word' id='word_1_148' title='bbox 425 3076 774 3140; x_wconf 87' lang='lat' dir='ltr'>succendit</span> <span class='ocrx_word' id='word_1_149' title='bbox 821 3073 1061 3158; x_wconf 87' lang='lat' dir='ltr'>frigida</span> <span class='ocrx_word' id='word_1_150' title='bbox 1092 3075 1295 3138; x_wconf 88' lang='lat' dir='ltr'>corda</span> 
     </span>
     <span class='ocr_line' id='line_1_33' title="bbox 120 3162 1295 3246; baseline 0.002 -22"><span class='ocrx_word' id='word_1_151' title='bbox 120 3172 335 3228; x_wconf 85' lang='lat' dir='ltr'>nostra.</span> <span class='ocrx_word' id='word_1_152' title='bbox 429 3165 510 3228; x_wconf 90' lang='lat' dir='ltr'>In</span> <span class='ocrx_word' id='word_1_153' title='bbox 568 3163 691 3228; x_wconf 89' lang='lat' dir='ltr'>hac</span> <span class='ocrx_word' id='word_1_154' title='bbox 756 3163 957 3246; x_wconf 89' lang='lat' dir='ltr'>igitur</span> <span class='ocrx_word' id='word_1_155' title='bbox 1008 3162 1141 3226; x_wconf 91' lang='lat' dir='ltr'>leta</span> <span class='ocrx_word' id='word_1_156' title='bbox 1186 3163 1295 3226; x_wconf 90' lang='lat' dir='ltr'>die</span> 
     </span>
     <span class='ocr_line' id='line_1_34' title="bbox 117 3251 1293 3335; baseline -0.001 -21"><span class='ocrx_word' id='word_1_157' title='bbox 117 3270 297 3332; x_wconf 87' lang='lat' dir='ltr'>quam</span> <span class='ocrx_word' id='word_1_158' title='bbox 344 3252 499 3319; x_wconf 89' lang='lat' dir='ltr'>fecit</span> <span class='ocrx_word' id='word_1_159' title='bbox 553 3253 861 3316; x_wconf 89' lang='lat' dir='ltr'>dominus</span> <span class='ocrx_word' id='word_1_160' title='bbox 913 3251 1089 3335; x_wconf 84' lang='lat' dir='ltr'>qua⁴</span> <span class='ocrx_word' id='word_1_161' title='bbox 1138 3271 1293 3316; x_wconf 90' lang='lat' dir='ltr'>con-</span> 
     </span>
     <span class='ocr_line' id='line_1_35' title="bbox 116 3337 1295 3405; baseline 0.002 -5"><span class='ocrx_word' id='word_1_162' title='bbox 116 3337 305 3404; x_wconf 84' lang='lat' dir='ltr'>fessor</span> <span class='ocrx_word' id='word_1_163' title='bbox 346 3341 471 3405; x_wconf 90' lang='lat' dir='ltr'>iste</span> <span class='ocrx_word' id='word_1_164' title='bbox 518 3342 587 3404; x_wconf 88' lang='lat' dir='ltr'>in</span> <span class='ocrx_word' id='word_1_165' title='bbox 634 3341 742 3404; x_wconf 91' lang='lat' dir='ltr'>dei</span> <span class='ocrx_word' id='word_1_166' title='bbox 781 3340 1019 3405; x_wconf 89' lang='lat' dir='ltr'>throno</span> <span class='ocrx_word' id='word_1_167' title='bbox 1050 3359 1295 3402; x_wconf 91' lang='lat' dir='ltr'>corona</span> 
     </span>
     <span class='ocr_line' id='line_1_36' title="bbox 112 3427 1293 3508; baseline 0.001 -18"><span class='ocrx_word' id='word_1_168' title='bbox 112 3428 298 3508; x_wconf 87' lang='lat' dir='ltr'>glorie</span> <span class='ocrx_word' id='word_1_169' title='bbox 327 3431 544 3494; x_wconf 89' lang='lat' dir='ltr'>clarus</span> <span class='ocrx_word' id='word_1_170' title='bbox 572 3429 760 3492; x_wconf 89' lang='lat' dir='ltr'>sedet</span> <span class='ocrx_word' id='word_1_171' title='bbox 788 3450 802 3494; x_wconf 92' lang='lat'>:</span> <span class='ocrx_word' id='word_1_172' title='bbox 835 3428 1063 3492; x_wconf 90' lang='lat' dir='ltr'>laudet</span> <span class='ocrx_word' id='word_1_173' title='bbox 1092 3427 1293 3491; x_wconf 88' lang='lat' dir='ltr'>deum</span> 
     </span>
     <span class='ocr_line' id='line_1_37' title="bbox 114 3514 1295 3600; baseline 0.001 -23"><span class='ocrx_word' id='word_1_174' title='bbox 114 3517 311 3580; x_wconf 89' lang='lat' dir='ltr'>omnis</span> <span class='ocrx_word' id='word_1_175' title='bbox 340 3518 610 3600; x_wconf 89' lang='lat' dir='ltr'>spiritus</span> <span class='ocrx_word' id='word_1_176' title='bbox 654 3516 776 3581; x_wconf 89' lang='lat' dir='ltr'>celi</span> <span class='ocrx_word' id='word_1_177' title='bbox 822 3517 1116 3581; x_wconf 88' lang='lat' dir='ltr'>celorum</span> <span class='ocrx_word' id='word_1_178' title='bbox 1164 3514 1295 3579; x_wconf 92' lang='lat' dir='ltr'>cla-</span> 
     </span>
     <span class='ocr_line' id='line_1_38' title="bbox 116 3605 1293 3670; baseline 0.001 -4"><span class='ocrx_word' id='word_1_179' title='bbox 116 3621 279 3668; x_wconf 89' lang='lat' dir='ltr'>more</span> <span class='ocrx_word' id='word_1_180' title='bbox 310 3605 628 3670; x_wconf 84' lang='lat' dir='ltr'>ineffabili</span> <span class='ocrx_word' id='word_1_181' title='bbox 658 3606 787 3669; x_wconf 87' lang='lat' dir='ltr'>deo</span> <span class='ocrx_word' id='word_1_182' title='bbox 817 3613 1016 3668; x_wconf 89' lang='lat' dir='ltr'>canat</span> <span class='ocrx_word' id='word_1_183' title='bbox 1045 3625 1060 3668; x_wconf 97' lang='lat'>:</span> <span class='ocrx_word' id='word_1_184' title='bbox 1104 3623 1293 3668; x_wconf 88' lang='lat' dir='ltr'>sanc-</span> 
     </span>
     <span class='ocr_line' id='line_1_39' title="bbox 114 3693 1292 3776; baseline 0.002 -23"><span class='ocrx_word' id='word_1_185' title='bbox 114 3700 312 3758; x_wconf 86' lang='lat' dir='ltr'>torum</span> <span class='ocrx_word' id='word_1_186' title='bbox 345 3694 656 3760; x_wconf 89' lang='lat' dir='ltr'>ecclesias</span> <span class='ocrx_word' id='word_1_187' title='bbox 688 3703 912 3758; x_wconf 89' lang='lat' dir='ltr'>mente</span> <span class='ocrx_word' id='word_1_188' title='bbox 944 3713 1023 3756; x_wconf 89' lang='lat' dir='ltr'>ac</span> <span class='ocrx_word' id='word_1_189' title='bbox 1058 3693 1292 3776; x_wconf 89' lang='lat' dir='ltr'>spiritu</span> 
     </span>
     <span class='ocr_line' id='line_1_40' title="bbox 114 3778 1295 3864; baseline -0.002 -22"><span class='ocrx_word' id='word_1_190' title='bbox 114 3778 169 3842; x_wconf 90' lang='lat' dir='ltr'>in</span> <span class='ocrx_word' id='word_1_191' title='bbox 228 3783 439 3847; x_wconf 89' lang='lat' dir='ltr'>cordis</span> <span class='ocrx_word' id='word_1_192' title='bbox 500 3791 571 3846; x_wconf 89' lang='lat' dir='ltr'>et</span> <span class='ocrx_word' id='word_1_193' title='bbox 622 3802 874 3864; x_wconf 85' lang='lat' dir='ltr'>organo</span> <span class='ocrx_word' id='word_1_194' title='bbox 920 3781 1295 3864; x_wconf 75' lang='lat' dir='ltr'>depsallat.·⁵</span> 
     </span>
     <span class='ocr_line' id='line_1_41' title="bbox 112 3869 1292 3934; baseline 0.003 -6"><span class='ocrx_word' id='word_1_195' title='bbox 112 3869 318 3932; x_wconf 76' lang='lat' dir='ltr'>Medic</span> <span class='ocrx_word' id='word_1_196' title='bbox 370 3871 657 3934; x_wconf 82' lang='lat' dir='ltr'>lectiones</span> <span class='ocrx_word' id='word_1_197' title='bbox 701 3870 783 3933; x_wconf 80' lang='lat' dir='ltr'>de</span> <span class='ocrx_word' id='word_1_198' title='bbox 834 3880 1052 3932; x_wconf 84' lang='lat' dir='ltr'>sancto</span> <span class='ocrx_word' id='word_1_199' title='bbox 1095 3869 1292 3932; x_wconf 78' lang='lat' dir='ltr'>leode-</span> 
     </span>
     <span class='ocr_line' id='line_1_42' title="bbox 102 3957 297 4036; baseline 0 -66"><span class='ocrx_word' id='word_1_200' title='bbox 102 3957 297 4036; x_wconf 45' lang='lat' dir='ltr'>gario·</span> 
     </span>
     <span class='ocr_line' id='line_1_43' title="bbox 122 4045 1295 4179; baseline -0.002 -70"><span class='ocrx_word' id='word_1_201' title='bbox 122 4047 502 4179; x_wconf 79' lang='lat' dir='ltr'>Gloriosus</span> <span class='ocrx_word' id='word_1_202' title='bbox 594 4046 793 4130; x_wconf 89' lang='lat' dir='ltr'>igitur</span> <span class='ocrx_word' id='word_1_203' title='bbox 880 4045 1295 4129; x_wconf 84' lang='lat' dir='ltr'>leodegarius</span> 
     </span>
     <span class='ocr_line' id='line_1_44' title="bbox 228 4134 1294 4218; baseline -0.001 -21"><span class='ocrx_word' id='word_1_204' title='bbox 228 4135 382 4198; x_wconf 84' lang='lat' dir='ltr'>dum</span> <span class='ocrx_word' id='word_1_205' title='bbox 418 4135 485 4198; x_wconf 91' lang='lat' dir='ltr'>in</span> <span class='ocrx_word' id='word_1_206' title='bbox 519 4134 1109 4218; x_wconf 80' lang='lat' dir='ltr'>augustudinensi⁶</span> <span class='ocrx_word' id='word_1_207' title='bbox 1132 4134 1294 4197; x_wconf 86' lang='lat' dir='ltr'>urbe</span> 
     </span>
     <span class='ocr_line' id='line_1_45' title="bbox 111 4221 1297 4307; baseline 0.002 -25"><span class='ocrx_word' id='word_1_208' title='bbox 111 4233 591 4288; x_wconf 84' lang='lat' dir='ltr'>conversaretur</span> <span class='ocrx_word' id='word_1_209' title='bbox 620 4224 1002 4307; x_wconf 89' lang='lat' dir='ltr'>episcopus:</span> <span class='ocrx_word' id='word_1_210' title='bbox 1036 4221 1297 4285; x_wconf 90' lang='lat' dir='ltr'>hebroi-</span> 
     </span>
    </p>
   </div>
   <div class='ocr_carea' id='block_1_4' title="bbox 295 4371 1013 4554">
    <p class='ocr_par' dir='ltr' id='par_1_4' title="bbox 295 4371 1013 4554">
     <span class='ocr_line' id='line_1_46' title="bbox 295 4371 743 4469; baseline 0 -49"><span class='ocrx_word' id='word_1_211' title='bbox 295 4372 313 4469; x_wconf 65' lang='lat'>:</span> <span class='ocrx_word' id='word_1_212' title='bbox 348 4371 639 4421; x_wconf 77' lang='lat' dir='ltr'>salutifere:</span> <span class='ocrx_word' id='word_1_213' title='bbox 678 4371 743 4420; x_wconf 82' lang='lat' dir='ltr'>R.</span> 
     </span>
     <span class='ocr_line' id='line_1_47' title="bbox 345 4438 1013 4554; baseline -0.001 0"><span class='ocrx_word' id='word_1_214' title='bbox 345 4453 494 4532; x_wconf 54' lang='lat' dir='ltr'>qum?</span> <span class='ocrx_word' id='word_1_215' title='bbox 515 4438 775 4554; x_wconf 29' lang='lat' dir='ltr'>helhum-2</span> <span class='ocrx_word' id='word_1_216' title='bbox 814 4503 1013 4554; x_wconf 68' lang='lat' dir='ltr'>R.N.s.</span> 
     </span>
    </p>
   </div>
   <div class='ocr_carea' id='block_1_5' title="bbox 1094 4368 1665 4500">
    <p class='ocr_par' dir='ltr' id='par_1_5' title="bbox 1094 4368 1665 4500">
     <span class='ocr_line' id='line_1_48' title="bbox 1094 4368 1566 4418; baseline -0.004 0"><span class='ocrx_word' id='word_1_217' title='bbox 1094 4371 1113 4398; x_wconf 84' lang='lat'>²</span> <span class='ocrx_word' id='word_1_218' title='bbox 1151 4368 1295 4418; x_wconf 86' lang='lat' dir='ltr'>‘tua&#39;</span> <span class='ocrx_word' id='word_1_219' title='bbox 1324 4385 1464 4418; x_wconf 87' lang='lat' dir='ltr'>om.:</span> <span class='ocrx_word' id='word_1_220' title='bbox 1504 4369 1566 4417; x_wconf 84' lang='lat' dir='ltr'>N.</span> 
     </span>
     <span class='ocr_line' id='line_1_49' title="bbox 1096 4435 1665 4500; baseline 0 -16"><span class='ocrx_word' id='word_1_221' title='bbox 1096 4437 1113 4466; x_wconf 76' lang='lat'><em>⁵</em></span> <span class='ocrx_word' id='word_1_222' title='bbox 1148 4435 1245 4485; x_wconf 87' lang='lat' dir='ltr'>deo</span> <span class='ocrx_word' id='word_1_223' title='bbox 1269 4435 1447 4500; x_wconf 81' lang='lat' dir='ltr'>psallat</span> <span class='ocrx_word' id='word_1_224' title='bbox 1475 4452 1486 4482; x_wconf 94' lang='lat'>·.</span> <span class='ocrx_word' id='word_1_225' title='bbox 1525 4435 1665 4484; x_wconf 54' lang='lat' dir='ltr'>RN.</span> 
     </span>
    </p>
   </div>
   <div class='ocr_carea' id='block_1_6' title="bbox 1918 403 2074 460">
    <p class='ocr_par' dir='ltr' id='par_1_6' title="bbox 1918 403 2074 460">
     <span class='ocr_line' id='line_1_50' title="bbox 1918 403 2074 460; baseline 0 0"><span class='ocrx_word' id='word_1_226' title='bbox 1918 403 2074 460; x_wconf 72' lang='lat'>596</span> 
     </span>
    </p>
   </div>
   <div class='ocr_carea' id='block_1_7' title="bbox 1394 505 2608 4285">
    <p class='ocr_par' dir='ltr' id='par_1_7' title="bbox 1394 505 2608 1460">
     <span class='ocr_line' id='line_1_51' title="bbox 1400 505 2608 595; baseline 0.002 -22"><span class='ocrx_word' id='word_1_227' title='bbox 1400 531 1521 573; x_wconf 91' lang='lat' dir='ltr'>nus</span> <span class='ocrx_word' id='word_1_228' title='bbox 1565 511 1850 574; x_wconf 90' lang='lat' dir='ltr'>eundem</span> <span class='ocrx_word' id='word_1_229' title='bbox 1885 512 2272 595; x_wconf 89' lang='lat' dir='ltr'>episcopum</span> <span class='ocrx_word' id='word_1_230' title='bbox 2315 505 2608 576; x_wconf 86' lang='lat' dir='ltr'>decrevit</span> 
     </span>
     <span class='ocr_line' id='line_1_52' title="bbox 1396 599 2606 682; baseline 0.002 -20"><span class='ocrx_word' id='word_1_231' title='bbox 1396 600 1737 682; x_wconf 88' lang='lat' dir='ltr'>perimere.</span> <span class='ocrx_word' id='word_1_232' title='bbox 1789 599 1923 682; x_wconf 86' lang='lat' dir='ltr'>Qui</span> <span class='ocrx_word' id='word_1_233' title='bbox 1945 601 2030 666; x_wconf 88' lang='lat' dir='ltr'>ad</span> <span class='ocrx_word' id='word_1_234' title='bbox 2057 602 2342 665; x_wconf 87' lang='lat' dir='ltr'>eandem</span> <span class='ocrx_word' id='word_1_235' title='bbox 2375 601 2606 665; x_wconf 82' lang='lat' dir='ltr'>civita·-</span> 
     </span>
     <span class='ocr_line' id='line_1_53' title="bbox 1396 689 2602 773; baseline 0 -21"><span class='ocrx_word' id='word_1_236' title='bbox 1396 697 1535 752; x_wconf 90' lang='lat' dir='ltr'>tem</span> <span class='ocrx_word' id='word_1_237' title='bbox 1591 689 1962 754; x_wconf 84' lang='lat' dir='ltr'>exercitum</span> <span class='ocrx_word' id='word_1_238' title='bbox 2015 689 2196 754; x_wconf 88' lang='lat' dir='ltr'>misit</span> <span class='ocrx_word' id='word_1_239' title='bbox 2255 690 2602 773; x_wconf 85' lang='lat' dir='ltr'>copiosum</span> 
     </span>
     <span class='ocr_line' id='line_1_54' title="bbox 1396 776 2604 861; baseline 0.001 -21"><span class='ocrx_word' id='word_1_240' title='bbox 1396 776 1594 840; x_wconf 89' lang='lat' dir='ltr'>valde</span> <span class='ocrx_word' id='word_1_241' title='bbox 1621 798 1636 841; x_wconf 91' lang='lat'>:</span> <span class='ocrx_word' id='word_1_242' title='bbox 1671 787 1744 841; x_wconf 93' lang='lat' dir='ltr'>ut</span> <span class='ocrx_word' id='word_1_243' title='bbox 1762 777 2102 842; x_wconf 89' lang='lat' dir='ltr'>civitatem</span> <span class='ocrx_word' id='word_1_244' title='bbox 2129 779 2604 861; x_wconf 89' lang='lat' dir='ltr'>irrumperent:</span> 
     </span>
     <span class='ocr_line' id='line_1_55' title="bbox 1396 863 2602 951; baseline 0 -23"><span class='ocrx_word' id='word_1_245' title='bbox 1396 873 1465 928; x_wconf 85' lang='lat' dir='ltr'>et</span> <span class='ocrx_word' id='word_1_246' title='bbox 1496 863 1948 948; x_wconf 87' lang='lat' dir='ltr'>leodegarium</span> <span class='ocrx_word' id='word_1_247' title='bbox 1981 867 2366 951; x_wconf 88' lang='lat' dir='ltr'>episcopum</span> <span class='ocrx_word' id='word_1_248' title='bbox 2413 866 2602 949; x_wconf 88' lang='lat' dir='ltr'>penis</span> 
     </span>
     <span class='ocr_line' id='line_1_56' title="bbox 1394 953 2600 1019; baseline 0.001 -3"><span class='ocrx_word' id='word_1_249' title='bbox 1394 953 1749 1017; x_wconf 88' lang='lat' dir='ltr'>crudeliter</span> <span class='ocrx_word' id='word_1_250' title='bbox 1811 964 2136 1019; x_wconf 85' lang='lat' dir='ltr'>vexatum</span> <span class='ocrx_word' id='word_1_251' title='bbox 2204 957 2600 1019; x_wconf 80' lang='lat' dir='ltr'>occiderent.</span> 
     </span>
     <span class='ocr_line' id='line_1_57' title="bbox 1400 1041 2603 1126; baseline -0.001 -19"><span class='ocrx_word' id='word_1_252' title='bbox 1400 1041 1688 1107; x_wconf 88' lang='lat' dir='ltr'>Sanctus</span> <span class='ocrx_word' id='word_1_253' title='bbox 1729 1042 1932 1126; x_wconf 90' lang='lat' dir='ltr'>igitur</span> <span class='ocrx_word' id='word_1_254' title='bbox 1975 1043 2393 1125; x_wconf 85' lang='lat' dir='ltr'>leodegarius</span> <span class='ocrx_word' id='word_1_255' title='bbox 2422 1042 2603 1108; x_wconf 89' lang='lat' dir='ltr'>vale-</span> 
     </span>
     <span class='ocr_line' id='line_1_58' title="bbox 1397 1129 2603 1215; baseline 0.002 -23"><span class='ocrx_word' id='word_1_256' title='bbox 1397 1131 1628 1194; x_wconf 88' lang='lat' dir='ltr'>dicens</span> <span class='ocrx_word' id='word_1_257' title='bbox 1668 1129 2020 1195; x_wconf 89' lang='lat' dir='ltr'>fratribus:</span> <span class='ocrx_word' id='word_1_258' title='bbox 2065 1141 2304 1215; x_wconf 90' lang='lat' dir='ltr'>sponte</span> <span class='ocrx_word' id='word_1_259' title='bbox 2357 1152 2431 1196; x_wconf 90' lang='lat' dir='ltr'>se</span> <span class='ocrx_word' id='word_1_260' title='bbox 2480 1131 2603 1195; x_wconf 88' lang='lat' dir='ltr'>ini-</span> 
     </span>
     <span class='ocr_line' id='line_1_59' title="bbox 1400 1218 2602 1301; baseline 0.002 -20"><span class='ocrx_word' id='word_1_261' title='bbox 1400 1219 1590 1282; x_wconf 85' lang='lat' dir='ltr'>micis</span> <span class='ocrx_word' id='word_1_262' title='bbox 1643 1218 1888 1284; x_wconf 88' lang='lat' dir='ltr'>obtulit</span> <span class='ocrx_word' id='word_1_263' title='bbox 1936 1239 2058 1301; x_wconf 89' lang='lat' dir='ltr'>pro</span> <span class='ocrx_word' id='word_1_264' title='bbox 2091 1221 2360 1285; x_wconf 67' lang='lat' dir='ltr'>civibus</span> <span class='ocrx_word' id='word_1_265' title='bbox 2451 1219 2602 1284; x_wconf 91' lang='lat' dir='ltr'>Ad-</span> 
     </span>
     <span class='ocr_line' id='line_1_60' title="bbox 1397 1307 2600 1391; baseline 0 -21"><span class='ocrx_word' id='word_1_266' title='bbox 1397 1308 1665 1371; x_wconf 89' lang='lat' dir='ltr'>versarii</span> <span class='ocrx_word' id='word_1_267' title='bbox 1698 1327 1854 1372; x_wconf 89' lang='lat' dir='ltr'>vero</span> <span class='ocrx_word' id='word_1_268' title='bbox 1889 1309 2102 1390; x_wconf 87' lang='lat' dir='ltr'>gavisi</span> <span class='ocrx_word' id='word_1_269' title='bbox 2135 1329 2176 1372; x_wconf 92' lang='lat' dir='ltr'>a</span> <span class='ocrx_word' id='word_1_270' title='bbox 2207 1309 2426 1391; x_wconf 88' lang='lat' dir='ltr'>capite</span> <span class='ocrx_word' id='word_1_271' title='bbox 2457 1307 2600 1390; x_wconf 88' lang='lat' dir='ltr'>ejus</span> 
     </span>
     <span class='ocr_line' id='line_1_61' title="bbox 1398 1395 2598 1460; baseline 0.001 -1"><span class='ocrx_word' id='word_1_272' title='bbox 1398 1395 1628 1459; x_wconf 91' lang='lat' dir='ltr'>oculos</span> <span class='ocrx_word' id='word_1_273' title='bbox 1658 1397 2146 1460; x_wconf 84' lang='lat' dir='ltr'>abstraxerunt.</span> <span class='ocrx_word' id='word_1_274' title='bbox 2294 1397 2508 1459; x_wconf 81' lang='lat' dir='ltr'>Lectio</span> <span class='ocrx_word' id='word_1_275' title='bbox 2537 1418 2598 1460; x_wconf 74' lang='lat' dir='ltr'>v.</span> 
     </span>
    </p>

    <p class='ocr_par' dir='ltr' id='par_1_8' title="bbox 1527 1483 2602 1568">
     <span class='ocr_line' id='line_1_62' title="bbox 1527 1483 2602 1568; baseline 0 -20"><span class='ocrx_word' id='word_1_276' title='bbox 1527 1493 1764 1548; x_wconf 88' lang='lat' dir='ltr'>anctus</span> <span class='ocrx_word' id='word_1_277' title='bbox 1794 1504 1950 1548; x_wconf 91' lang='lat' dir='ltr'>vero</span> <span class='ocrx_word' id='word_1_278' title='bbox 1981 1483 2396 1568; x_wconf 87' lang='lat' dir='ltr'>leodegarius</span> <span class='ocrx_word' id='word_1_279' title='bbox 2444 1494 2602 1549; x_wconf 88' lang='lat' dir='ltr'>ante</span> 
     </span>
    </p>

    <p class='ocr_par' dir='ltr' id='par_1_9' title="bbox 1397 1572 2602 3204">
     <span class='ocr_line' id='line_1_63' title="bbox 1527 1572 2599 1636; baseline 0.001 -1"><span class='ocrx_word' id='word_1_280' title='bbox 1527 1572 1920 1636; x_wconf 87' lang='lat' dir='ltr'>hebroinum</span> <span class='ocrx_word' id='word_1_281' title='bbox 1983 1574 2223 1636; x_wconf 91' lang='lat' dir='ltr'>ductus</span> <span class='ocrx_word' id='word_1_282' title='bbox 2282 1573 2458 1636; x_wconf 87' lang='lat' dir='ltr'>dixit</span> <span class='ocrx_word' id='word_1_283' title='bbox 2513 1574 2599 1636; x_wconf 92' lang='lat' dir='ltr'>ad</span> 
     </span>
     <span class='ocr_line' id='line_1_64' title="bbox 1400 1661 2602 1745; baseline -0.001 -20"><span class='ocrx_word' id='word_1_284' title='bbox 1400 1680 1551 1725; x_wconf 90' lang='lat' dir='ltr'>eum</span> <span class='ocrx_word' id='word_1_285' title='bbox 1600 1661 1967 1745; x_wconf 89' lang='lat' dir='ltr'>episcopus.</span> <span class='ocrx_word' id='word_1_286' title='bbox 2061 1663 2242 1726; x_wconf 89' lang='lat' dir='ltr'>Dum</span> <span class='ocrx_word' id='word_1_287' title='bbox 2291 1681 2602 1745; x_wconf 90' lang='lat' dir='ltr'>superare</span> 
     </span>
     <span class='ocr_line' id='line_1_65' title="bbox 1399 1748 2600 1832; baseline -0.001 -19"><span class='ocrx_word' id='word_1_288' title='bbox 1399 1749 1588 1832; x_wconf 91' lang='lat' dir='ltr'>cupis</span> <span class='ocrx_word' id='word_1_289' title='bbox 1632 1767 1867 1813; x_wconf 88' lang='lat' dir='ltr'>omnes</span> <span class='ocrx_word' id='word_1_290' title='bbox 1910 1748 2291 1814; x_wconf 89' lang='lat' dir='ltr'>habitantes</span> <span class='ocrx_word' id='word_1_291' title='bbox 2340 1750 2406 1812; x_wconf 90' lang='lat' dir='ltr'>in</span> <span class='ocrx_word' id='word_1_292' title='bbox 2454 1759 2600 1813; x_wconf 91' lang='lat' dir='ltr'>tota</span> 
     </span>
     <span class='ocr_line' id='line_1_66' title="bbox 1400 1836 2601 1920; baseline 0.001 -20"><span class='ocrx_word' id='word_1_293' title='bbox 1400 1837 1648 1902; x_wconf 87' lang='lat' dir='ltr'>francia</span> <span class='ocrx_word' id='word_1_294' title='bbox 1706 1858 1721 1902; x_wconf 91' lang='lat'>:</span> <span class='ocrx_word' id='word_1_295' title='bbox 1822 1846 2008 1901; x_wconf 91' lang='lat' dir='ltr'>tuam</span> <span class='ocrx_word' id='word_1_296' title='bbox 2085 1839 2308 1920; x_wconf 90' lang='lat' dir='ltr'>potius</span> <span class='ocrx_word' id='word_1_297' title='bbox 2383 1836 2601 1902; x_wconf 89' lang='lat' dir='ltr'>aufers</span> 
     </span>
     <span class='ocr_line' id='line_1_67' title="bbox 1398 1925 2598 2009; baseline 0.002 -21"><span class='ocrx_word' id='word_1_298' title='bbox 1398 1945 1601 2008; x_wconf 88' lang='lat' dir='ltr'>quam</span> <span class='ocrx_word' id='word_1_299' title='bbox 1635 1925 1945 2008; x_wconf 90' lang='lat' dir='ltr'>indignus</span> <span class='ocrx_word' id='word_1_300' title='bbox 1970 1926 2280 2009; x_wconf 90' lang='lat' dir='ltr'>accepisti</span> <span class='ocrx_word' id='word_1_301' title='bbox 2299 1926 2598 2008; x_wconf 90' lang='lat' dir='ltr'>gloriam.</span> 
     </span>
     <span class='ocr_line' id='line_1_68' title="bbox 1403 2013 2601 2096; baseline -0.001 -18"><span class='ocrx_word' id='word_1_302' title='bbox 1403 2013 1555 2078; x_wconf 89' lang='lat' dir='ltr'>Hiis</span> <span class='ocrx_word' id='word_1_303' title='bbox 1604 2014 1801 2078; x_wconf 87' lang='lat' dir='ltr'>dictis</span> <span class='ocrx_word' id='word_1_304' title='bbox 1846 2013 2207 2078; x_wconf 90' lang='lat' dir='ltr'>hebroinus</span> <span class='ocrx_word' id='word_1_305' title='bbox 2249 2013 2428 2078; x_wconf 87' lang='lat' dir='ltr'>labia</span> <span class='ocrx_word' id='word_1_306' title='bbox 2457 2013 2601 2096; x_wconf 87' lang='lat' dir='ltr'>ejus</span> 
     </span>
     <span class='ocr_line' id='line_1_69' title="bbox 1398 2102 2600 2185; baseline 0.002 -21"><span class='ocrx_word' id='word_1_307' title='bbox 1398 2111 1465 2166; x_wconf 85' lang='lat' dir='ltr'>et</span> <span class='ocrx_word' id='word_1_308' title='bbox 1496 2103 1791 2185; x_wconf 88' lang='lat' dir='ltr'>linguam</span> <span class='ocrx_word' id='word_1_309' title='bbox 1824 2103 2106 2185; x_wconf 89' lang='lat' dir='ltr'>prescidi</span> <span class='ocrx_word' id='word_1_310' title='bbox 2130 2102 2366 2184; x_wconf 86' lang='lat' dir='ltr'>jussit:</span> <span class='ocrx_word' id='word_1_311' title='bbox 2415 2123 2600 2166; x_wconf 90' lang='lat' dir='ltr'>eum-</span> 
     </span>
     <span class='ocr_line' id='line_1_70' title="bbox 1397 2191 2600 2271; baseline -0.001 -17"><span class='ocrx_word' id='word_1_312' title='bbox 1397 2210 1529 2271; x_wconf 88' lang='lat' dir='ltr'>que</span> <span class='ocrx_word' id='word_1_313' title='bbox 1559 2191 1836 2254; x_wconf 86' lang='lat' dir='ltr'>tradidit</span> <span class='ocrx_word' id='word_1_314' title='bbox 1867 2192 2006 2254; x_wconf 91' lang='lat' dir='ltr'>viro</span> <span class='ocrx_word' id='word_1_315' title='bbox 2037 2191 2307 2255; x_wconf 87' lang='lat' dir='ltr'>nomine</span> <span class='ocrx_word' id='word_1_316' title='bbox 2351 2192 2600 2255; x_wconf 89' lang='lat' dir='ltr'>wanin-</span> 
     </span>
     <span class='ocr_line' id='line_1_71' title="bbox 1397 2277 2598 2361; baseline 0 -19"><span class='ocrx_word' id='word_1_317' title='bbox 1397 2299 1501 2361; x_wconf 92' lang='lat' dir='ltr'>go.</span> <span class='ocrx_word' id='word_1_318' title='bbox 1565 2277 1699 2361; x_wconf 77' lang='lat' dir='ltr'>Qui</span> <span class='ocrx_word' id='word_1_319' title='bbox 1723 2278 1920 2344; x_wconf 87' lang='lat' dir='ltr'>duxit</span> <span class='ocrx_word' id='word_1_320' title='bbox 1944 2299 2097 2344; x_wconf 88' lang='lat' dir='ltr'>eum</span> <span class='ocrx_word' id='word_1_321' title='bbox 2131 2280 2215 2343; x_wconf 91' lang='lat' dir='ltr'>ad</span> <span class='ocrx_word' id='word_1_322' title='bbox 2247 2279 2598 2344; x_wconf 87' lang='lat' dir='ltr'>cenobium</span> 
     </span>
     <span class='ocr_line' id='line_1_72' title="bbox 1398 2367 2598 2449; baseline -0.001 -19"><span class='ocrx_word' id='word_1_323' title='bbox 1398 2387 1591 2430; x_wconf 90' lang='lat' dir='ltr'>suum</span> <span class='ocrx_word' id='word_1_324' title='bbox 1646 2368 1818 2431; x_wconf 90' lang='lat' dir='ltr'>inter</span> <span class='ocrx_word' id='word_1_325' title='bbox 1863 2367 2201 2432; x_wconf 82' lang='lat' dir='ltr'>moniales,</span> <span class='ocrx_word' id='word_1_326' title='bbox 2295 2369 2598 2449; x_wconf 88' lang='lat' dir='ltr'>Moxque</span> 
     </span>
     <span class='ocr_line' id='line_1_73' title="bbox 1398 2455 2599 2538; baseline 0 -20"><span class='ocrx_word' id='word_1_327' title='bbox 1398 2456 1542 2537; x_wconf 89' lang='lat' dir='ltr'>ejus</span> <span class='ocrx_word' id='word_1_328' title='bbox 1619 2455 1848 2538; x_wconf 89' lang='lat' dir='ltr'>lingua</span> <span class='ocrx_word' id='word_1_329' title='bbox 1898 2478 1912 2520; x_wconf 92' lang='lat'>:</span> <span class='ocrx_word' id='word_1_330' title='bbox 2004 2456 2274 2520; x_wconf 90' lang='lat' dir='ltr'>solitum</span> <span class='ocrx_word' id='word_1_331' title='bbox 2353 2457 2599 2538; x_wconf 88' lang='lat' dir='ltr'>recepit</span> 
     </span>
     <span class='ocr_line' id='line_1_74' title="bbox 1398 2543 2600 2626; baseline 0.001 -20"><span class='ocrx_word' id='word_1_332' title='bbox 1398 2544 1705 2608; x_wconf 87' lang='lat' dir='ltr'>officium.</span> <span class='ocrx_word' id='word_1_333' title='bbox 1799 2545 2040 2609; x_wconf 88' lang='lat' dir='ltr'>Postea</span> <span class='ocrx_word' id='word_1_334' title='bbox 2067 2565 2226 2608; x_wconf 85' lang='lat' dir='ltr'>vero</span> <span class='ocrx_word' id='word_1_335' title='bbox 2265 2543 2452 2626; x_wconf 91' lang='lat' dir='ltr'>jussu</span> <span class='ocrx_word' id='word_1_336' title='bbox 2483 2544 2600 2607; x_wconf 85' lang='lat' dir='ltr'>he·</span> 
     </span>
     <span class='ocr_line' id='line_1_75' title="bbox 1398 2630 2598 2697; baseline 0 -2"><span class='ocrx_word' id='word_1_337' title='bbox 1398 2632 1634 2696; x_wconf 89' lang='lat' dir='ltr'>broinii</span> <span class='ocrx_word' id='word_1_338' title='bbox 1667 2630 1692 2670; x_wconf 86' lang='lat'>⁷</span> <span class='ocrx_word' id='word_1_339' title='bbox 1765 2633 2028 2697; x_wconf 90' lang='lat' dir='ltr'>ducitur</span> <span class='ocrx_word' id='word_1_340' title='bbox 2103 2633 2170 2695; x_wconf 88' lang='lat' dir='ltr'>in</span> <span class='ocrx_word' id='word_1_341' title='bbox 2245 2633 2480 2696; x_wconf 88' lang='lat' dir='ltr'>silvam</span> <span class='ocrx_word' id='word_1_342' title='bbox 2557 2653 2598 2695; x_wconf 89' lang='lat' dir='ltr'>a</span> 
     </span>
     <span class='ocr_line' id='line_1_76' title="bbox 1398 2720 2594 2803; baseline -0.003 -18"><span class='ocrx_word' id='word_1_343' title='bbox 1398 2730 1718 2802; x_wconf 89' lang='lat' dir='ltr'>quattuor</span> <span class='ocrx_word' id='word_1_344' title='bbox 1759 2720 2270 2803; x_wconf 81' lang='lat' dir='ltr'>spiculatoribus</span> <span class='ocrx_word' id='word_1_345' title='bbox 2329 2722 2415 2783; x_wconf 93' lang='lat' dir='ltr'>ad</span> <span class='ocrx_word' id='word_1_346' title='bbox 2477 2720 2594 2782; x_wconf 91' lang='lat' dir='ltr'>de-</span> 
     </span>
     <span class='ocr_line' id='line_1_77' title="bbox 1399 2807 2594 2891; baseline 0 -19"><span class='ocrx_word' id='word_1_347' title='bbox 1399 2808 1796 2872; x_wconf 89' lang='lat' dir='ltr'>collandum.</span> <span class='ocrx_word' id='word_1_348' title='bbox 1890 2807 2152 2891; x_wconf 81' lang='lat' dir='ltr'>Quibus</span> <span class='ocrx_word' id='word_1_349' title='bbox 2184 2810 2278 2873; x_wconf 92' lang='lat' dir='ltr'>ait</span> <span class='ocrx_word' id='word_1_350' title='bbox 2308 2817 2594 2872; x_wconf 80' lang='lat' dir='ltr'>sanctus,</span> 
     </span>
     <span class='ocr_line' id='line_1_78' title="bbox 1404 2896 2595 2980; baseline -0.001 -20"><span class='ocrx_word' id='word_1_351' title='bbox 1404 2896 1692 2980; x_wconf 89' lang='lat' dir='ltr'>Implete</span> <span class='ocrx_word' id='word_1_352' title='bbox 1753 2896 2155 2960; x_wconf 90' lang='lat' dir='ltr'>desiderium</span> <span class='ocrx_word' id='word_1_353' title='bbox 2217 2896 2404 2977; x_wconf 87' lang='lat' dir='ltr'>ejus:</span> <span class='ocrx_word' id='word_1_354' title='bbox 2481 2897 2595 2979; x_wconf 89' lang='lat' dir='ltr'>qui</span> 
     </span>
     <span class='ocr_line' id='line_1_79' title="bbox 1398 2983 2595 3066; baseline 0 -18"><span class='ocrx_word' id='word_1_355' title='bbox 1398 3006 1519 3048; x_wconf 89' lang='lat' dir='ltr'>vos</span> <span class='ocrx_word' id='word_1_356' title='bbox 1552 2983 1749 3048; x_wconf 86' lang='lat' dir='ltr'>misit.</span> <span class='ocrx_word' id='word_1_357' title='bbox 2267 2984 2480 3047; x_wconf 78' lang='lat' dir='ltr'>Lectio</span> <span class='ocrx_word' id='word_1_358' title='bbox 2509 2985 2595 3066; x_wconf 65' lang='grc' dir='ltr'>ψ’.</span> 
     </span>
     <span class='ocr_line' id='line_1_80' title="bbox 1420 3072 2593 3204; baseline 0.001 -68"><span class='ocrx_word' id='word_1_359' title='bbox 1420 3075 1664 3204; x_wconf 78' lang='lat' dir='ltr'>Tres</span> <span class='ocrx_word' id='word_1_360' title='bbox 1711 3093 1869 3136; x_wconf 91' lang='lat' dir='ltr'>vero</span> <span class='ocrx_word' id='word_1_361' title='bbox 1918 3072 2178 3136; x_wconf 89' lang='lat' dir='ltr'>illorum</span> <span class='ocrx_word' id='word_1_362' title='bbox 2210 3073 2593 3156; x_wconf 89' lang='lat' dir='ltr'>compuncti</span> 
     </span>
    </p>

    <p class='ocr_par' dir='ltr' id='par_1_10' title="bbox 1397 3160 2604 4285">
     <span class='ocr_line' id='line_1_81' title="bbox 1557 3160 2598 3243; baseline 0 -20"><span class='ocrx_word' id='word_1_363' title='bbox 1557 3162 1644 3224; x_wconf 92' lang='lat' dir='ltr'>ad</span> <span class='ocrx_word' id='word_1_364' title='bbox 1707 3162 1912 3243; x_wconf 88' lang='lat' dir='ltr'>pedes</span> <span class='ocrx_word' id='word_1_365' title='bbox 1972 3160 2116 3243; x_wconf 86' lang='lat' dir='ltr'>ejus</span> <span class='ocrx_word' id='word_1_366' title='bbox 2176 3162 2598 3243; x_wconf 88' lang='lat' dir='ltr'>procidentes</span> 
     </span>
     <span class='ocr_line' id='line_1_82' title="bbox 1398 3248 2598 3332; baseline 0 -20"><span class='ocrx_word' id='word_1_367' title='bbox 1398 3250 1662 3314; x_wconf 88' lang='lat' dir='ltr'>veniam</span> <span class='ocrx_word' id='word_1_368' title='bbox 1725 3249 2181 3332; x_wconf 87' lang='lat' dir='ltr'>precabantur.</span> <span class='ocrx_word' id='word_1_369' title='bbox 2302 3248 2598 3332; x_wconf 81' lang='lat' dir='ltr'>Quartus</span> 
     </span>
     <span class='ocr_line' id='line_1_83' title="bbox 1398 3336 2595 3402; baseline -0.001 -1"><span class='ocrx_word' id='word_1_370' title='bbox 1398 3348 1624 3402; x_wconf 87' lang='lat' dir='ltr'>autem</span> <span class='ocrx_word' id='word_1_371' title='bbox 1657 3357 1809 3402; x_wconf 89' lang='lat' dir='ltr'>cum</span> <span class='ocrx_word' id='word_1_372' title='bbox 1843 3357 1996 3401; x_wconf 89' lang='lat' dir='ltr'>eum</span> <span class='ocrx_word' id='word_1_373' title='bbox 2045 3336 2480 3402; x_wconf 87' lang='lat' dir='ltr'>decollasset:</span> <span class='ocrx_word' id='word_1_374' title='bbox 2526 3347 2595 3400; x_wconf 89' lang='lat' dir='ltr'>et</span> 
     </span>
     <span class='ocr_line' id='line_1_84' title="bbox 1399 3425 2599 3510; baseline -0.001 -21"><span class='ocrx_word' id='word_1_375' title='bbox 1399 3447 1640 3510; x_wconf 84' lang='lat' dir='ltr'>corpus</span> <span class='ocrx_word' id='word_1_376' title='bbox 1699 3426 1843 3508; x_wconf 86' lang='lat' dir='ltr'>ejus</span> <span class='ocrx_word' id='word_1_377' title='bbox 1903 3427 2090 3508; x_wconf 91' lang='lat' dir='ltr'>quasi</span> <span class='ocrx_word' id='word_1_378' title='bbox 2171 3427 2364 3489; x_wconf 89' lang='lat' dir='ltr'>unius</span> <span class='ocrx_word' id='word_1_379' title='bbox 2439 3425 2599 3489; x_wconf 92' lang='lat' dir='ltr'>hore</span> 
     </span>
     <span class='ocr_line' id='line_1_85' title="bbox 1398 3515 2598 3598; baseline 0 -20"><span class='ocrx_word' id='word_1_380' title='bbox 1398 3516 1626 3598; x_wconf 88' lang='lat' dir='ltr'>spacio</span> <span class='ocrx_word' id='word_1_381' title='bbox 1686 3523 1978 3580; x_wconf 89' lang='lat' dir='ltr'>erectum</span> <span class='ocrx_word' id='word_1_382' title='bbox 2040 3524 2216 3579; x_wconf 88' lang='lat' dir='ltr'>stare</span> <span class='ocrx_word' id='word_1_383' title='bbox 2291 3515 2598 3578; x_wconf 89' lang='lat' dir='ltr'>videret:</span> 
     </span>
     <span class='ocr_line' id='line_1_86' title="bbox 1397 3603 2601 3686; baseline 0 -20"><span class='ocrx_word' id='word_1_384' title='bbox 1397 3621 1550 3666; x_wconf 89' lang='lat' dir='ltr'>eum</span> <span class='ocrx_word' id='word_1_385' title='bbox 1615 3603 1785 3686; x_wconf 88' lang='lat' dir='ltr'>pede</span> <span class='ocrx_word' id='word_1_386' title='bbox 1845 3603 1912 3666; x_wconf 91' lang='lat' dir='ltr'>in</span> <span class='ocrx_word' id='word_1_387' title='bbox 1973 3611 2212 3666; x_wconf 90' lang='lat' dir='ltr'>terram</span> <span class='ocrx_word' id='word_1_388' title='bbox 2283 3603 2601 3685; x_wconf 87' lang='lat' dir='ltr'>dejiciens</span> 
     </span>
     <span class='ocr_line' id='line_1_87' title="bbox 1397 3692 2599 3775; baseline 0 -21"><span class='ocrx_word' id='word_1_389' title='bbox 1397 3693 1626 3755; x_wconf 87' lang='lat' dir='ltr'>statim</span> <span class='ocrx_word' id='word_1_390' title='bbox 1653 3702 1952 3775; x_wconf 90' lang='lat' dir='ltr'>arreptus</span> <span class='ocrx_word' id='word_1_391' title='bbox 1983 3712 2023 3755; x_wconf 92' lang='lat' dir='ltr'>a</span> <span class='ocrx_word' id='word_1_392' title='bbox 2054 3692 2368 3756; x_wconf 88' lang='lat' dir='ltr'>demonio</span> <span class='ocrx_word' id='word_1_393' title='bbox 2401 3693 2466 3754; x_wconf 91' lang='lat' dir='ltr'>in</span> <span class='ocrx_word' id='word_1_394' title='bbox 2501 3693 2599 3774; x_wconf 91' lang='lat' dir='ltr'>ig-</span> 
     </span>
     <span class='ocr_line' id='line_1_88' title="bbox 1400 3779 2596 3862; baseline -0.002 -18"><span class='ocrx_word' id='word_1_395' title='bbox 1400 3800 1553 3845; x_wconf 91' lang='lat' dir='ltr'>nem</span> <span class='ocrx_word' id='word_1_396' title='bbox 1617 3801 1689 3844; x_wconf 89' lang='lat' dir='ltr'>se</span> <span class='ocrx_word' id='word_1_397' title='bbox 1749 3779 2063 3862; x_wconf 82' lang='lat' dir='ltr'>projecit:</span> <span class='ocrx_word' id='word_1_398' title='bbox 2107 3788 2177 3843; x_wconf 90' lang='lat' dir='ltr'>et</span> <span class='ocrx_word' id='word_1_399' title='bbox 2236 3781 2327 3843; x_wconf 88' lang='lat' dir='ltr'>sic</span> <span class='ocrx_word' id='word_1_400' title='bbox 2387 3781 2596 3842; x_wconf 90' lang='lat' dir='ltr'>vitam</span> 
     </span>
     <span class='ocr_line' id='line_1_89' title="bbox 1400 3867 2598 3932; baseline -0.002 0"><span class='ocrx_word' id='word_1_401' title='bbox 1400 3887 1588 3932; x_wconf 90' lang='lat' dir='ltr'>suam</span> <span class='ocrx_word' id='word_1_402' title='bbox 1625 3867 2084 3932; x_wconf 88' lang='lat' dir='ltr'>miserabiliter</span> <span class='ocrx_word' id='word_1_403' title='bbox 2133 3867 2359 3932; x_wconf 88' lang='lat' dir='ltr'>finivit.</span> <span class='ocrx_word' id='word_1_404' title='bbox 2451 3867 2598 3930; x_wconf 87' lang='lat' dir='ltr'>Au-</span> 
     </span>
     <span class='ocr_line' id='line_1_90' title="bbox 1398 3954 2600 4038; baseline -0.002 -18"><span class='ocrx_word' id='word_1_405' title='bbox 1398 3957 1591 4021; x_wconf 90' lang='lat' dir='ltr'>diens</span> <span class='ocrx_word' id='word_1_406' title='bbox 1633 3964 1856 4020; x_wconf 89' lang='lat' dir='ltr'>autern</span> <span class='ocrx_word' id='word_1_407' title='bbox 1909 3964 2062 4038; x_wconf 89' lang='lat' dir='ltr'>post</span> <span class='ocrx_word' id='word_1_408' title='bbox 2109 3956 2448 4018; x_wconf 90' lang='lat' dir='ltr'>biennium</span> <span class='ocrx_word' id='word_1_409' title='bbox 2484 3954 2600 4017; x_wconf 91' lang='lat' dir='ltr'>he-</span> 
     </span>
     <span class='ocr_line' id='line_1_91' title="bbox 1399 4042 2604 4109; baseline -0.001 -2"><span class='ocrx_word' id='word_1_410' title='bbox 1399 4044 1669 4109; x_wconf 88' lang='lat' dir='ltr'>broinus</span> <span class='ocrx_word' id='word_1_411' title='bbox 1737 4044 1947 4107; x_wconf 88' lang='lat' dir='ltr'>sancti</span> <span class='ocrx_word' id='word_1_412' title='bbox 2031 4042 2152 4106; x_wconf 91' lang='lat' dir='ltr'>viri</span> <span class='ocrx_word' id='word_1_413' title='bbox 2231 4042 2547 4107; x_wconf 88' lang='lat' dir='ltr'>miracula</span> <span class='ocrx_word' id='word_1_414' title='bbox 2585 4063 2604 4106; x_wconf 78' lang='grc' dir='ltr'><em>τ</em></span> 
     </span>
     <span class='ocr_line' id='line_1_92' title="bbox 1404 4131 2602 4196; baseline -0.002 0"><span class='ocrx_word' id='word_1_415' title='bbox 1404 4133 1684 4196; x_wconf 87' lang='lat' dir='ltr'>militem</span> <span class='ocrx_word' id='word_1_416' title='bbox 1723 4132 1873 4196; x_wconf 90' lang='lat' dir='ltr'>illuc</span> <span class='ocrx_word' id='word_1_417' title='bbox 1908 4131 2086 4194; x_wconf 89' lang='lat' dir='ltr'>misit</span> <span class='ocrx_word' id='word_1_418' title='bbox 2117 4152 2130 4195; x_wconf 92' lang='lat'>:</span> <span class='ocrx_word' id='word_1_419' title='bbox 2181 4140 2252 4193; x_wconf 91' lang='lat' dir='ltr'>ut</span> <span class='ocrx_word' id='word_1_420' title='bbox 2287 4139 2356 4193; x_wconf 90' lang='lat' dir='ltr'>et</span> <span class='ocrx_word' id='word_1_421' title='bbox 2381 4131 2406 4168; x_wconf 79' lang='lat'>⁸</span> <span class='ocrx_word' id='word_1_422' title='bbox 2434 4131 2602 4194; x_wconf 86' lang='lat' dir='ltr'>veri-</span> 
     </span>
     <span class='ocr_line' id='line_1_93' title="bbox 1400 4219 2604 4285; baseline -0.002 0"><span class='ocrx_word' id='word_1_423' title='bbox 1400 4230 1608 4285; x_wconf 89' lang='lat' dir='ltr'>tatem</span> <span class='ocrx_word' id='word_1_424' title='bbox 1688 4219 2045 4285; x_wconf 89' lang='lat' dir='ltr'>intimaret.</span> <span class='ocrx_word' id='word_1_425' title='bbox 2181 4219 2379 4283; x_wconf 91' lang='lat' dir='ltr'>Miles</span> <span class='ocrx_word' id='word_1_426' title='bbox 2445 4239 2604 4284; x_wconf 89' lang='lat' dir='ltr'>vero</span> 
     </span>
    </p>
   </div>
   <div class='ocr_carea' id='block_1_8' title="bbox 1808 4365 2562 4551">
    <p class='ocr_par' dir='ltr' id='par_1_11' title="bbox 1808 4365 2562 4551">
     <span class='ocr_line' id='line_1_94' title="bbox 1809 4365 2211 4416; baseline -0.002 0"><span class='ocrx_word' id='word_1_427' title='bbox 1809 4369 1828 4398; x_wconf 87' lang='lat'>⁸</span> <span class='ocrx_word' id='word_1_428' title='bbox 1862 4365 2066 4416; x_wconf 72' lang='lat' dir='ltr'>effectus</span> <span class='ocrx_word' id='word_1_429' title='bbox 2093 4384 2105 4414; x_wconf 72' lang='grc' dir='ltr'><strong><em>ε</em></strong></span> <span class='ocrx_word' id='word_1_430' title='bbox 2146 4367 2211 4415; x_wconf 80' lang='lat' dir='ltr'>N.</span> 
     </span>
     <span class='ocr_line' id='line_1_95' title="bbox 1808 4431 2562 4497; baseline 0.007 -16"><span class='ocrx_word' id='word_1_431' title='bbox 1808 4435 1837 4474; x_wconf 61' lang='grc' dir='ltr'>’ν</span> <span class='ocrx_word' id='word_1_432' title='bbox 1863 4431 2288 4497; x_wconf 81' lang='lat' dir='ltr'>augustudunensi</span> <span class='ocrx_word' id='word_1_433' title='bbox 2313 4451 2324 4483; x_wconf 86' lang='lat'>:</span> <span class='ocrx_word' id='word_1_434' title='bbox 2365 4434 2562 4486; x_wconf 72' lang='lat' dir='ltr'>R.N.S.</span> 
     </span>
     <span class='ocr_line' id='line_1_96' title="bbox 1939 4499 2251 4551; baseline 0 -1"><span class='ocrx_word' id='word_1_435' title='bbox 1939 4505 1957 4531; x_wconf 78' lang='lat'>⁸</span> <span class='ocrx_word' id='word_1_436' title='bbox 1991 4499 2072 4550; x_wconf 88' lang='lat' dir='ltr'>ei:</span> <span class='ocrx_word' id='word_1_437' title='bbox 2113 4499 2251 4551; x_wconf 63' lang='lat' dir='ltr'>RN.</span> 
     </span>
    </p>
   </div>
  </div>
 </body>
</html>
