3117 4959
655 223 760 276 IN
799 223 1071 279 FESTO
1120 222 1181 279 S.
1241 222 1542 277 THOME
1590 222 2021 279 APOSTOLI.

621 332 758 386 123

113 436 662 567 Torquebatur
721 437 950 501 animo
1001 436 1280 521 pascha-

64 532 66 535 ’
253 524 423 587 sius:
455 534 522 587 et
554 526 774 607 ignem
811 527 994 607 pice:
1029 527 1280 589 resina:

97 632 167 675 ac
200 611 479 675 ferventi
505 612 654 676 oleo
674 613 918 695 injecto
938 614 1280 697 copiosum

97 702 262 763 circa
310 701 415 763 dei
447 700 765 764 famulam
809 701 963 765 fecit
995 702 1282 765 accendi.

85 796 176 869 ps.
273 790 606 853 Dominus
627 790 940 871 regnavit.
987 792 1120 854 Αῆ.
1202 791 1282 853 In

101 876 332 939 mediis
381 877 668 939 flammis
730 887 986 961 martyr
1033 878 1282 942 invicta

99 963 160 1025 in
223 966 498 1027 nomine
560 965 814 1029 domini
871 967 1076 1029 nostri
1122 967 1282 1048 Jesu

101 1052 341 1115 Christi
405 1053 722 1117 exultans
799 1064 867 1118 et
944 1054 1282 1118 Christum

99 1140 306 1203 turbis
363 1142 778 1205 annuncians
811 1143 1130 1206 manebat
1163 1142 1282 1205 im-

100 1227 380 1293 mobilis,
415 1238 517 1309 pf.
564 1229 874 1311 Jubilate.
923 1232 1058 1296 Αῆ.
1136 1230 1286 1312 Ego

101 1318 324 1399 rogavi
357 1318 705 1383 dominum
769 1339 991 1382 meum
1055 1320 1284 1401 Jesum

102 1404 482 1469 Christum:
558 1414 634 1469 ut
703 1406 876 1489 ignis
951 1407 1076 1471 iste
1151 1428 1286 1470 non

100 1493 480 1557 dominetur
551 1493 710 1558 mihi
766 1503 1098 1576 quatenus
1165 1496 1288 1559 tibi

99 1577 422 1645 insultent
453 1581 864 1647 confidentes
898 1584 964 1646 in
1001 1583 1286 1648 Christo.

85 1678 178 1751 pf.
232 1671 418 1732 Deus
450 1670 615 1735 deus
662 1692 862 1735 meus,
923 1671 1061 1737 Αῆ.
1128 1672 1293 1735 Ideo

99 1757 304 1838 petivi
355 1758 652 1822 inducias
708 1760 1006 1842 martyrii
1041 1761 1169 1823 mei
1216 1769 1292 1823 ut

99 1847 523 1910 credentibus
598 1848 906 1911 timorem
985 1848 1291 1911 tollerem

101 1933 472 2015 passionis:
525 1943 594 1998 et
655 1955 786 1999 non
867 1938 1291 2000 credentibus

103 2042 338 2085 vocem
402 2022 852 2087 insultationis
942 2024 1290 2091 auferrem.

90 2116 186 2192 pff.
282 2110 684 2174 Benedicite.
745 2114 880 2177 Αῆ.
979 2114 1171 2177 Tunc
1223 2114 1290 2176 in

102 2199 355 2262 viscera
385 2199 529 2281 ejus
552 2198 848 2281 gladium
883 2202 1088 2284 mergi
1120 2201 1291 2265 sece-

105 2294 298 2351 runt:
332 2295 402 2349 at
461 2286 574 2351 illa
626 2290 1036 2353 constantior
1079 2310 1292 2372 popu-

105 2372 242 2437 lum
274 2374 786 2441 circunstantem
834 2377 1082 2441 diutius
1131 2378 1291 2441 allo·

105 2470 262 2527 cuta
325 2482 558 2544 pacem
619 2465 894 2528 ecclesie
966 2466 1074 2529 dei
1147 2466 1292 2529 red·

104 2550 317 2613 ditam
366 2552 738 2616 nunciabat
787 2563 888 2635 ps’:
970 2554 1288 2619 Laudate.

112 2638 259 2719 Cap.
327 2638 674 2722 Sapientia
720 2643 938 2705 vincit.
986 2642 1294 2723 Hymnus

106 2726 266 2807 Jesu
373 2748 634 2793 corona.
716 2746 757 2815 y
833 2729 1290 2796 Adducentur.

107 2816 240 2877 Αῆ.
278 2813 608 2880 Columna
639 2836 711 2880 es
743 2818 1098 2882 immobilis
1121 2819 1294 2882 lucia

107 2922 358 2985 sponsa
463 2904 750 2971 Christi:
843 2907 1001 2989 quia
1075 2908 1296 2970 omnis

109 2989 300 3073 plebs
347 3000 414 3055 te
481 3002 798 3077 expectat
874 3004 949 3059 ut
1009 2996 1295 3078 accipias

109 3099 424 3143 coronam
459 3082 642 3163 regni
690 3082 852 3147 all'a.
887 3092 988 3163 ps.
1085 3084 1295 3147 Bene-

109 3168 344 3233 dictus,
485 3169 715 3234 oratio
807 3171 1076 3235 Exaudi
1176 3191 1297 3234 nos

110 3255 289 3319 deus.
337 3264 446 3319 etc.
491 3257 820 3321 Memoria
877 3260 959 3322 de
1013 3260 1297 3323 adventu

107 3353 168 3405 et
194 3342 274 3405 de
289 3343 567 3409 domina.
611 3347 735 3411 Ad
749 3347 946 3411 horas
962 3348 1308 3430 antiphone

109 3430 189 3494 de
213 3431 522 3497 laudibus
543 3456 568 3497 .·
611 3445 816 3499 cetera
832 3436 912 3499 de
929 3436 1301 3500 communi:

111 3539 254 3582 cum
283 3521 571 3583 oratione
588 3524 878 3606 propria.

115 3612 176 3684 (I
221 3608 350 3671 Ad
370 3620 660 3691 vesperas
687 3611 1030 3694 antiphone
1055 3612 1134 3675 de
1161 3613 1305 3676 lau-

109 3694 300 3759 dibus
370 3717 512 3759 cum
587 3700 873 3780 psalmis
927 3700 1302 3783 ferialibus,

117 3782 263 3865 Cap.
361 3784 640 3851 Emulor
711 3790 906 3852 enim.
998 3789 1308 3869 Hymnus

109 3872 267 3953 jesu
318 3892 578 3939 corona.
690 3892 736 3961 y
784 3876 1059 3941 Diffusa.
1171 3876 1230 3939 A
1244 3885 1303 3939 ἢ.

115 3960 319 4025 Soror
367 3981 515 4025 mea
566 3962 736 4027 lucia
783 3966 969 4047 virgo
1022 3966 1160 4029 deo
1192 3965 1308 4027 de·

111 4057 268 4111 vota
299 4048 461 4131 quid
495 4070 534 4113 a
568 4070 674 4113 me
719 4053 892 4135 petis
940 4054 1120 4135 quod
1164 4053 1308 4134 ipsa

111 4136 356 4217 poteris
405 4148 699 4219 prestare
745 4143 1062 4204 continuo
1113 4140 1305 4204 matri

115 4234 238 4289 tue.
285 4234 391 4306 ps.
455 4226 862 4310 Magnificat.
917 4229 1048 4294 070
1079 4239 1156 4291 ut
1174 4239 1306 4309 sup.

347 4410 362 4441 ¹
398 4410 628 4477 didyme:
667 4413 728 4463 G.
761 4414 961 4478 passim.

249 4516 408 4567 ΥΟΕ.
461 4518 533 4568 11.

1301 4414 1320 4442 ²
1354 4409 1607 4460 altisonis:
1650 4410 1712 4459 G.

1912 332 2049 385 124

1386 440 1451 513 ([
1481 436 1567 499 In
1614 436 1849 519 vigilia
1892 438 2106 500 sancti
2154 436 2372 501 thome.
2466 440 2527 501 Α
2538 437 2591 501 d

1386 528 1754 589 matutinas
1781 527 2003 589 omnia
2032 525 2340 589 dicantur
2357 526 2437 587 de
2463 526 2580 589 ad-

1387 624 1579 676 ventu
1602 625 1666 676 et
1682 614 1834 677 hore
1858 614 2181 677 similiter.
2272 615 2395 677 Ad
2419 626 2579 697 vesp.

1384 710 1491 765 αὶῐ.
1585 701 1726 765 Vos
1786 703 1899 784 qui
1976 702 2346 784 reliquistis,
2438 724 2581 791 cnm

1384 790 1788 871 sequentibus
1874 790 2244 871 antiphonis·
2300 792 2519 871 psalm
2526 793 2617 873 is·

1370 878 1749 959 ferialibus.
1848 878 1997 961 Cap.
2091 880 2247 944 Non
2278 900 2412 943 vos,
2468 880 2579 944 Re.

1388 966 1522 1049 Qui
1553 975 1711 1030 sunt
1742 966 1869 1030 isti.
2255 966 2580 1047 Hymnus.

1399 1056 1522 1189 O
1562 1053 1828 1118 Thoma
1876 1054 2121 1119 Christi
2154 1054 2585 1137 perlustrator

1564 1142 1787 1207 lateris
1819 1163 1939 1225 per
1967 1142 2077 1205 illa
2116 1154 2351 1207 sancta
2380 1153 2449 1207 te
2481 1164 2585 1207 ro-

1387 1250 1625 1311 gamus
1649 1230 1920 1294 vulnera
1940 1251 2069 1313 que
2090 1231 2319 1295 mundi
2344 1242 2587 1296 cuncta

1389 1319 1722 1383 diluerunt
1754 1320 2031 1382 crimina
2072 1330 2333 1383 nostros
2365 1329 2585 1383 reatus

1389 1416 1575 1489 terge
1636 1407 1767 1471 tuis
1830 1407 2147 1489 precibus

1390 1494 1639 1559 Annue
1690 1495 1967 1559 Christe.
2076 1511 2123 1580 γ
2189 1495 2268 1558 In
2317 1517 2585 1561 omnem

1391 1592 1652 1648 terram.
1766 1583 1851 1646 In
1909 1582 2236 1664 evangelio
2294 1593 2398 1647 aii.
2522 1584 2585 1649 O

1391 1672 1627 1735 thoma
1696 1670 1979 1735 didime¹
2055 1692 2173 1753 per
2250 1671 2587 1737 Christum

1392 1779 1593 1842 quem
1642 1760 1935 1823 meruisti
1981 1768 2299 1841 tangere:
2347 1770 2412 1823 te
2444 1781 2591 1843 pre·

1392 1850 1579 1911 cibus
1640 1868 1949 1930 rogamus
2016 1848 2385 1911 altissonis²
2442 1869 2594 1913 suc-

1392 1956 1577 2000 curre
1630 1936 1820 1999 nobis
1874 1935 2128 1999 miseris
2178 1956 2260 1999 ne
2313 1937 2591 2001 damne-

1395 2045 1542 2088 mur
1616 2044 1767 2087 cum
1845 2024 2065 2106 impiis
2144 2025 2212 2089 in
2298 2026 2589 2089 adventu

1387 2112 1649 2195 judicis.
1709 2120 1811 2194 pIr’.
1884 2110 2290 2194 Magnificat.
2362 2113 2593 2177 Oratio

1390 2200 1471 2263 de
1519 2199 1857 2264 communi.
1962 2202 2293 2264 Memoria
2342 2202 2425 2265 de
2472 2202 2590 2265 ad·

1394 2299 1603 2353 ventu.
1692 2289 1827 2353 Αῆ.
1921 2289 1984 2354 O
2015 2290 2252 2354 orienS.

2260 1408 2345 1471 H
2322 1430 2584 1489 ymnus:

1393 2377 1518 2440 Ad
1541 2376 1921 2440 matutinas,
2306 2376 2518 2440 Lectio
2527 2378 2591 2459 j.

1393 2468 1536 2597 ln
1600 2464 1835 2527 diebus
1895 2463 2061 2529 illis:
2109 2485 2261 2528 cum
2324 2476 2593 2529 sanctus

1493 2552 1759 2616 thomas
1820 2552 2161 2635 apostolus
2228 2554 2595 2636 predicaret

1397 2642 1460 2704 in
1491 2660 1759 2704 cesarea
1788 2662 1801 2705 :
1850 2643 2157 2723 apparuit
2190 2643 2248 2705 ei
2282 2642 2595 2705 dominus

1392 2731 1589 2811 Jesus
1640 2728 1985 2793 Christus:
2040 2738 2107 2791 et
2156 2730 2250 2792 ait
2298 2732 2384 2793 ad
2440 2750 2593 2793 eum

1400 2818 1553 2881 Rex
1607 2818 1911 2880 indorum
1958 2818 2367 2899 gundoforus
2418 2819 2597 2882 misit

1397 2905 1807 2989 prepositum
1906 2924 2098 2968 suum
2180 2904 2265 2968 ad
2347 2907 2595 2987 syriam

1397 3013 1671 3075 querere
1715 2991 2053 3056 hominem
2101 2993 2598 3056 architectorica

1398 3090 1541 3145 arte
1594 3080 1967 3144 eruditum:
2013 3081 2164 3144 veni
2214 3089 2281 3144 et
2334 3082 2595 3144 mittam

1400 3180 1468 3233 te
1521 3188 1673 3233 cum
1736 3188 1832 3233 e0.
1937 3168 2156 3231 Dicit³
2204 3170 2263 3233 ei
2314 3168 2595 3233 thomaS.

1405 3258 1695 3323 Domine
1737 3276 1869 3338 quo
1900 3256 1999 3319 vis
2034 3256 2224 3320 mitte
2256 3277 2363 3320 me
2391 3279 2404 3321 :
2453 3278 2599 3340 pre-

1402 3355 1503 3410 ter
1559 3345 1767 3408 indos
1874 3345 2091 3408 Dicit³
2150 3346 2209 3408 ei
2270 3346 2598 3411 dominuS.

1402 3434 1596 3498 Vade
1656 3433 1813 3515 quia
1872 3452 2000 3515 ego
2054 3442 2271 3497 tecum
2334 3454 2483 3497 sum
2534 3446 2603 3497 et

1403 3542 1536 3585 non
1569 3531 1637 3584 te
1668 3522 1987 3585 deseram.
2082 3521 2171 3585 Et
2196 3543 2346 3585 cum
2380 3525 2605 3605 acqui-

1405 3610 1587 3673 sieris
1642 3609 1803 3672 mihi
1858 3609 2088 3674 indos:
2152 3630 2303 3674 cum
2356 3632 2603 3674 corona

1407 3698 1705 3778 martyrii
1737 3698 1961 3762 venies
1992 3699 2077 3761 ad
2114 3718 2236 3761 me.
2362 3700 2497 3763 Lec.
2534 3698 2605 3781 ij.

1405 3788 1593 3919 H
1597 3805 1671 3849 ec
1703 3806 1785 3849 eo
1816 3786 2121 3850 dicente:
2168 3806 2320 3850 ecce
2368 3807 2605 3869 prepo-

1593 3873 1759 3937 situs
1792 3874 1964 3955 regis
1996 3874 2304 3937 indorum
2339 3876 2606 3937 nomine

1407 3962 1704 4025 abbanes
1795 3962 2205 4026 descendens
2292 3963 2377 4027 de
2452 3963 2607 4026 navi

1409 4048 1884 4113 deambulabat
1970 4050 2171 4132 juxta
2269 4070 2450 4113 mare
2540 4052 2608 4114 in

1411 4138 1554 4201 soro
1633 4158 1847 4200 rerum
1924 4138 2309 4203 venalium:
2388 4138 2608 4221 Quem

1411 4247 1562 4289 cum
1611 4227 1922 4289 dominus
1968 4226 2401 4308 interrogaret
2448 4228 2609 4310 quid

2085 4412 2105 4441 ⁸
2140 4410 2280 4459 Dixit
2300 4425 2310 4457 :
2356 4410 2407 4461 S.

2297 4516 2347 4566 K
