3117 4959
1127 266 1192 319 S.
1245 265 1658 320 GERVASJ!
1699 265 1822 319 ET
1861 263 2340 320 PROTHASJJ.

1002 371 1139 426 821

476 476 892 560 graviorique
924 476 1369 542 invalescente
1402 478 1638 541 morbo
1665 498 1680 540 ε

482 566 593 648 pia
638 575 864 628 tamen
920 585 1054 629 non
1116 566 1326 629 desuit
1366 567 1680 648 intentio

483 654 740 735 Longis
794 654 1019 735 itaque
1072 655 1391 717 virtutum
1446 654 1683 718 studiis

482 741 845 804 adornatus
880 741 1069 805 miles
1118 742 1361 807 Christi
1396 742 1684 806 indefes-

484 849 597 892 sus
659 840 977 893 evocante
1032 830 1349 894 domino:
1413 830 1685 894 homine

396 989 403 994 ¹
484 927 746 980 terreno
792 928 1079 982 exutus:
1127 919 1193 980 in
1226 919 1463 982 eodem
1503 919 1683 1000 quod

484 1013 949 1069 construxerat
997 1007 1401 1069 monasterio
1446 1018 1546 1070 est
1585 1027 1686 1070 se·

486 1093 711 1174 pultus
740 1115 754 1157 :
800 1095 885 1157 ad
920 1093 1183 1157 laudem
1206 1094 1455 1158 domini
1478 1095 1686 1158 nostri

483 1181 643 1262 Jesu
680 1180 941 1246 Christi.
1010 1182 1229 1247 Cetera
1257 1182 1338 1244 dc
1362 1184 1691 1246 communi

485 1269 684 1331 unius
712 1269 1089 1351 confessom's
1117 1291 1244 1333 non
1273 1271 1622 1353 pontificis.

491 1361 554 1433 (I
605 1356 997 1422 Sanctorum
1058 1368 1425 1439 martyrum
1480 1359 1692 1423 marci

486 1455 549 1507 et
579 1445 997 1509 marcelliani.
1086 1452 1103 1466 ‘
1434 1447 1683 1512 Oratio.

483 1535 813 1663 presta
854 1554 1215 1616 quesumus
1260 1537 1684 1618 omnipotens

637 1622 801 1685 deus
840 1644 853 1686 :
948 1633 1019 1686 ut
1095 1625 1212 1705 qui
1302 1633 1682 1686 sanctorum

486 1718 852 1792 martyrum
886 1719 1149 1773 tuorum
1178 1712 1379 1772 marci
1412 1723 1479 1774 et
1513 1733 1684 1775 mar-

484 1797 745 1860 celliani
778 1799 1088 1862 natalicia
1107 1799 1385 1862 colimus
1418 1821 1457 1862 a
1485 1821 1682 1863 cunc-

480 1886 569 1948 tis
632 1885 823 1949 malis
896 1887 1393 1949 imminentibus
1452 1909 1680 1951 eorum

484 1975 1061 2039 intercessionibus
1122 1975 1488 2040 liberemur.
1567 1997 1686 2059 per

482 2062 847 2126 dominum.
1394 2063 1610 2127 Lectio
1618 2066 1680 2148 j.

493 2147 974 2282 Charissimis
1038 2151 1239 2234 igitur
1294 2153 1450 2216 viris
1511 2173 1682 2216 mar-

612 2238 897 2302 celliano
972 2248 1038 2301 et
1114 2260 1338 2304 marco
1419 2242 1682 2304 duobus

479 2325 764 2406 geminis
838 2327 1147 2390 fratribus
1222 2348 1341 2410 pro
1435 2327 1681 2393 Christi

480 2414 749 2476 nomine
804 2415 869 2477 in
923 2416 1198 2479 vinculis
1258 2416 1678 2481 constitutis:

481 2501 781 2583 quotidie
888 2513 1157 2566 sanctus
1264 2504 1680 2568 sebastianus

478 2588 788 2653 solatium
822 2591 1224 2655 exhibebat:
1271 2601 1497 2655 ettam
1521 2594 1679 2675 ipsis

479 2698 681 2759 quam
716 2680 917 2742 servis
958 2700 1184 2743 eorum
1232 2700 1385 2743 cum
1434 2679 1678 2763 quibus

477 2768 646 2830 tenti
679 2766 938 2830 fuerant
984 2767 1297 2831 salutaria
1330 2768 1481 2831 fidei
1519 2788 1679 2831 con-

476 2854 620 2918 silia
653 2856 1109 2920 ministrabat:
1143 2857 1382 2938 quibus
1410 2867 1480 2921 ut
1503 2856 1677 2939 sugi-

476 2944 613 3006 tiva
657 2945 859 3008 seculi
908 2944 1365 3008 blandimenta
1410 2965 1675 3027 respue-

478 3042 625 3095 rent
672 3042 741 3096 et
790 3043 1259 3097 momentanea
1306 3042 1675 3097 tormento-

479 3141 621 3184 rum
720 3141 963 3204 genera
1069 3142 1202 3184 non
1307 3122 1621 3186 timerent
1659 3144 1672 3186 :

478 3209 811 3274 monebat.
904 3209 1036 3292 Qui
1086 3230 1239 3274 cum
1289 3211 1674 3274 beatissime

476 3297 951 3360 conversationi
1037 3300 1530 3380 acquiescerent
1605 3309 1673 3363 et

473 3385 745 3447 verbera
780 3384 1159 3449 carnificum
1194 3389 1418 3450 animo
1451 3407 1673 3469 perse-

472 3473 727 3535 veranti
820 3475 1174 3537 transirent
1210 3495 1224 3538 :
1316 3476 1670 3557 capitalem

464 3559 631 3641 jussi
655 3570 809 3623 sunt
829 3560 1047 3623 subire
1068 3564 1486 3626 sententiam.
1509 3564 1586 3627 L.
1601 3566 1667 3646 ij.

468 3649 777 3781 Sancti
826 3648 1026 3729 igitur
1075 3669 1332 3713 marcus
1382 3661 1448 3714 et
1498 3672 1670 3714 mar-

598 3735 915 3801 cellianus
950 3737 1121 3800 inter
1165 3758 1451 3801 uxorum
1487 3738 1668 3802 lach-

466 3845 691 3906 rymas
723 3834 789 3889 et
821 3825 1102 3906 suspiria
1138 3825 1422 3889 filiorum
1471 3847 1667 3910 cepe·

462 3925 614 3978 runt
650 3913 1031 3978 mollescere
1058 3935 1073 3978 :
1122 3924 1189 3978 et
1219 3917 1477 3978 animos
1509 3937 1666 3981 suos

460 4002 544 4065 ad
567 4003 865 4066 dolorem
890 4001 1169 4067 flectere.
1221 4004 1410 4089 Quos
1430 4005 1664 4070 videns

455 4100 724 4154 sanctus
823 4091 1239 4156 sebastianus
1334 4093 1662 4156 immenso

452 4179 833 4242 certaminis
938 4181 1237 4262 pondere
1342 4182 1606 4263 fatigari
1645 4204 1660 4246 ε

449 4265 623 4330 dixit
645 4268 727 4330 ad
752 4288 880 4332 eos,
958 4269 1021 4334 O
1048 4268 1388 4334 fortissimi
1416 4270 1660 4334 milites

452 4353 695 4418 Christi
728 4376 741 4420 ε
790 4355 994 4419 nolite
1040 4379 1160 4441 per
1198 4359 1437 4422 misera
1470 4357 1658 4422 blan-

876 4492 888 4520 ¹
928 4492 1159 4543 aculeos:
1198 4493 1259 4543 N.

2296 370 2454 426 822

1785 479 2086 541 dimenta
2117 497 2398 541 coronas
2443 476 2782 557 deponere
2820 495 2990 539 sem·

1785 567 2098 648 piternaS.
2194 566 2345 629 Hiis
2375 573 2446 628 et
2487 563 2633 628 aliis
2677 563 2990 627 exhorta-

1787 655 2080 717 tionibus
2129 654 2341 716 sancti
2395 652 2803 716 sebastiani:
2849 673 2991 714 om-

1788 763 1906 805 nes
1953 743 2064 824 qui
2115 743 2201 805 ad
2251 742 2681 823 decipiendos
2728 750 2997 802 sanctos

1789 840 2116 911 martyres
2169 838 2522 893 venerant:
2565 829 2998 892 crediderunt

1787 919 1852 980 in
1889 918 2244 982 Christum.
2645 917 2872 979 Lectio
2904 917 2996 997 iij.

1954 1015 2234 1069 enentur
2306 1014 2460 1088 post
2533 1003 2660 1068 hec
2721 1025 2766 1067 a
2827 1004 3000 1068 duce

1955 1093 2224 1157 fabiano
2247 1093 2711 1156 marcellianus
2731 1102 2804 1156 et
2825 1112 3000 1154 mar-

1787 1201 1945 1246 cus:
1993 1193 2063 1245 et
2093 1185 2294 1247 ambo
2328 1182 2514 1264 ligati
2555 1181 2644 1244 ad
2691 1181 2997 1262 stipitem

1788 1271 1852 1333 in
1911 1271 2193 1352 pedibus
2253 1269 2514 1334 acutos¹
2572 1277 2997 1350 acceperunt.
3081 1295 3083 1344 ;

1787 1359 1980 1422 Tunc
2035 1359 2234 1423 ambo
2265 1358 2496 1420 fratres
2529 1358 2594 1420 in
2630 1377 2770 1420 uno
2817 1356 3002 1437 ligno
3081 1379 3083 1410 :

1788 1446 2036 1509 confixi
2073 1469 2088 1512 z

1787 1625 2080 1686 cundum
2100 1622 2400 1686 habitare
2418 1621 2656 1684 fratres
2675 1622 2744 1682 in
2765 1639 3000 1682 unum.
3081 1663 3083 1694 :

1791 1711 2071 1793 Cunque
2117 1712 2458 1775 transisset
2511 1729 2684 1772 unus
2733 1708 2886 1770 dies
2933 1719 3001 1770 et

1788 1801 1889 1874 et²
1921 1819 2051 1862 una
2082 1819 2262 1862 nox:
2309 1808 2378 1861 et
2419 1798 2512 1860 illi
2563 1798 2628 1858 in
2677 1797 3001 1859 orationi-

1788 1887 1912 1949 bus
1955 1895 2488 1968 perseverarent:
2529 1885 2750 1966 judex
2788 1883 3002 1946 fabia·

1787 1995 1910 2037 nus
1942 1975 2138 2056 jussit
2170 1994 2285 2037 eos
2316 1974 2552 2037 ambos
2582 1973 2675 2035 ibi
2711 1971 2830 2034 ubi
2865 1981 3002 2034 sta-

1786 2062 1951 2126 bant
1985 2062 2226 2127 lanceis
2252 2083 2370 2144 per
2392 2062 2598 2125 latera
2617 2060 3000 2124 verberari:

1785 2152 2010 2234 sicque
2051 2171 2171 2233 per
2223 2150 2518 2231 martyrii
2565 2148 2859 2232 gloriam
2909 2147 2997 2210 ad

1785 2238 2066 2320 syderea
2098 2258 2302 2321 regna
2333 2239 2808 2318 migraverunt.
2885 2233 2998 2300 Ce-

1783 2335 1922 2390 tera
1996 2326 2078 2390 de
2145 2327 2474 2390 communi
2539 2324 2996 2407 plurimorum

1784 2424 2167 2495 martyrum.

1786 2507 1850 2581 (I
1895 2503 2285 2566 Sanctorum
2309 2510 2678 2583 martyrum
2689 2498 3002 2582 gervasii

1781 2601 1844 2653 et
1857 2591 2199 2672 prothasii.
2735 2590 2994 2653 Gratia.

2198 1447 2574 1529 psallebant
2671 1446 3000 1509 dicentes».
3081 1447 3083 1476 ³

1790 1535 1967 1598 Ecce
2005 1556 2205 1617 quam
2253 1535 2502 1597 bonum
2539 1541 2606 1596 et
2637 1552 2851 1616 quam
2897 1532 3002 1612 jo·
3081 1549 3083 1562 ·

3080 1579 3083 1660 1

1781 2681 2055 2810 Deus
2078 2680 2191 2762 qui
2213 2699 2334 2742 nos
2357 2698 2581 2742 annua
2603 2686 2996 2779 sanctorum
3078 2731 3080 2762 ÷

1941 2777 2304 2850 martyrum
2377 2776 2643 2830 tuorum
2705 2785 2998 2847 gervasii
3077 2779 3080 2794 ²

1782 2863 1850 2917 et
1882 2855 2199 2937 prothasii
2233 2855 2631 2918 solennitate
2663 2853 2997 2918 letificas:
3077 2937 3079 2940 Α

1782 2945 2073 3008 concede
2133 2944 2499 3026 propitius:
2564 2951 2638 3006 ut
2699 2962 2996 3024 quorum

1779 3033 2150 3114 gaudemus
2227 3031 2475 3095 meritis
2541 3031 3002 3095 accendamur

1781 3122 2112 3204 exemplis
2133 3140 2250 3203 per
2271 3121 2637 3184 dominum.
2695 3119 2924 3182 Lectio
2933 3117 2996 3200 j.

1778 3211 2252 3341 Sanctorum
2287 3210 2488 3290 igitur
2508 3227 2795 3290 corpora
2819 3227 2998 3269 mar-

1912 3307 2134 3378 tyrum
2196 3297 2478 3380 gervasii
2529 3306 2600 3359 et
2658 3295 2996 3378 prothasii

1780 3395 2045 3448 sanctus
2077 3385 2446 3449 ambrosius
2469 3383 2998 3448 mediolanensis

1779 3475 2128 3556 episcopus
2177 3475 2376 3537 beato
2424 3472 2627 3556 paulo
2675 3471 2997 3554 apostolo

1779 3571 2227 3626 monstrante:
2298 3562 2592 3624 invenire
2649 3581 2812 3624 cum
2875 3562 2996 3623 de·

1775 3651 2021 3733 scripto
2069 3670 2298 3714 eorum
2349 3649 2671 3731 martyrio
2717 3668 2994 3730 prome-

1776 3739 1918 3802 ruit.
2013 3738 2316 3821 Quorum
2364 3747 2579 3801 mater
2620 3737 2882 3801 valeria
2921 3745 2990 3799 et

1775 3836 1966 3908 pater
2037 3827 2258 3890 vitalis
2319 3827 2480 3890 dicti
2541 3835 2718 3889 sunt.
2853 3825 2988 3889 Hic

1773 3937 1932 3998 ergo
1961 3915 2182 3979 vitalis
2207 3937 2221 3979 :
2262 3915 2419 3996 quia
2451 3914 2578 3977 diis
2609 3912 2990 3977 sacrificare
3071 3965 3073 3986 ,

1769 4005 2172 4086 contempsit
2199 4025 2214 4067 :
2262 4002 2572 4086 paulinus
2597 4001 2822 4083 judex
2847 4003 2990 4085 jus-
3071 4009 3073 4016 '

1771 4094 1856 4155 sit
1901 4113 2054 4156 eum
2101 4093 2411 4175 supinum
2445 4091 2510 4154 in
2545 4090 2823 4154 foveam
2871 4091 2988 4154 de·
3071 4091 3073 4106 '

1769 4181 1926 4262 poni
1959 4189 2027 4243 et
2057 4188 2230 4244 terra
2261 4199 2340 4244 ac
2372 4179 2710 4262 lapidibus
2750 4179 2988 4242 obrui:

1768 4269 1992 4350 sieque
2041 4279 2295 4352 martyr
2347 4267 2598 4333 Christi
2651 4268 2986 4351 probatus

1765 4357 2040 4422 effectus
2073 4367 2190 4422 est.
2649 4356 2880 4422 Lectio
2911 4356 2982 4438 ii.

2108 4495 2130 4526 ²
2167 4493 2405 4545 ‘et'om.
2437 4510 2449 4542 ι
2487 4493 2630 4544 ΚΝ.
