3117 4959
1517 237 1623 292 IN
1661 239 1933 294 FESTO

1023 351 1170 405 397

494 481 876 564 peccatricis
923 479 1226 542 manibus
1257 486 1460 559 atque
1493 475 1687 558 rigari

497 571 792 652 pedibus,
855 567 988 631 Αῆ.
1053 565 1401 648 Optimam
1429 575 1689 647 partem

496 659 696 740 elegit
727 658 849 722 sibi
882 656 1093 720 maria
1117 673 1246 736 que
1272 675 1403 716 non
1438 653 1689 716 ausere-

495 756 604 809 tur
623 746 709 809 ab
730 766 808 808 ea
832 747 897 807 in
921 753 1240 806 eternum.
1297 741 1688 823 Capitulum.

497 833 976 966 Mulierem
1025 831 1262 894 fortem
1309 831 1456 914 quis
1509 829 1691 893 inve-

703 923 840 984 niet
903 920 1130 1003 procul
1183 928 1252 983 et
1300 919 1386 982 de
1439 917 1691 981 ultimis

497 1009 738 1073 finibus
789 1009 1082 1092 precium
1128 1007 1272 1089 ejus
1315 1005 1591 1070 confidit
1621 1007 1687 1068 in

501 1119 580 1161 ea
609 1118 724 1160 cor
752 1098 872 1160 viri
919 1097 1020 1160 sui
1051 1105 1120 1159 et
1150 1095 1378 1177 spoliis
1421 1114 1554 1157 non
1588 1095 1679 1157 in-

497 1186 768 1268 digebit.
846 1187 962 1248 Re.
1042 1185 1258 1247 Maria
1281 1183 1384 1247 eui
1415 1183 1691 1247 dimissa

501 1283 656 1337 sunt
686 1283 962 1357 peccata
1005 1272 1236 1336 multa.
1329 1271 1526 1354 Roga
1571 1272 1691 1334 do-

501 1363 754 1424 minum
787 1369 862 1424 ut
891 1359 1188 1424 dimittat
1233 1369 1508 1441 peccata
1540 1378 1692 1421 nos-

499 1459 602 1513 tra
634 1449 860 1514 multa.
949 1465 998 1533 γ
1046 1448 1170 1513 Cui
1217 1447 1554 1530 proprium
1588 1455 1692 1509 est

501 1538 790 1602 misereri
897 1555 1160 1618 semper
1243 1544 1313 1598 et
1405 1553 1690 1616 parcere.

503 1627 714 1707 Roga.
806 1623 1034 1690 Gloria
1065 1621 1253 1706 patri.
1347 1621 1545 1704 Roga
1570 1621 1693 1684 do-

499 1717 772 1778 minum.
1365 1709 1692 1791 Hymnus·

497 1802 809 1934 Lauda
871 1809 1084 1863 mater
1153 1796 1429 1862 ecclesia
1491 1797 1693 1861 lauda

639 1889 881 1955 Christi
929 1887 1348 1952 clementiam
1392 1887 1505 1969 qui
1539 1905 1692 1967 sep-

499 1988 634 2042 tem
657 1986 898 2060 purgat
924 1977 1080 2040 ricia
1100 1995 1218 2058 per
1235 1973 1691 2057 septiformem

500 2067 804 2148 gratiam.
881 2065 1088 2128 Maria
1117 2083 1302 2126 soror
1333 2062 1530 2126 lazari
1561 2081 1693 2143 que

500 2163 602 2218 tot
661 2153 997 2217 commisit
1065 2151 1341 2214 crimina
1399 2150 1488 2213 ab
1547 2151 1692 2231 ipsa

501 2242 690 2305 fauce
720 2240 946 2305 tartari
980 2239 1150 2303 redit
1173 2238 1258 2302 ad
1285 2237 1419 2301 vite
1445 2237 1693 2302 limina.

501 2331 691 2412 Egra
760 2327 962 2392 currit
1021 2327 1107 2391 ad
1169 2327 1500 2390 medicum
1576 2345 1692 2389 vas

504 2418 718 2482 serens
772 2415 1205 2479 aromaticum
1255 2423 1323 2478 et
1369 2434 1410 2478 a
1459 2413 1695 2479 morbo

504 2505 852 2587 multiplici
895 2504 1099 2567 verbo
1129 2512 1396 2566 curatur
1437 2500 1693 2565 medici.

509 2594 785 2659 Contriti
816 2592 1033 2656 cordis
1075 2593 1300 2656 unctio
1333 2609 1482 2656 cum
1515 2589 1695 2652 lach-

505 2703 842 2764 rymarum
875 2680 1076 2744 fluvio
1105 2688 1175 2743 et
1204 2679 1472 2762 pietatis
1517 2677 1695 2742 actio

505 2791 686 2834 ream
731 2768 928 2833 solvit
959 2789 1000 2832 a
1029 2769 1216 2832 vicio,
1307 2767 1482 2830 Post
1511 2765 1696 2830 fluxe

501 2860 715 2923 carnis
769 2855 1084 2920 scandala
1137 2855 1210 2918 fit
1258 2874 1349 2918 ex
1397 2853 1692 2918 lebethe¹

504 2948 728 3031 phiala
758 2947 824 3009 in
855 2965 974 3010 vas
1003 2944 1326 3008 translata
1369 2940 1580 3024 glorie
1610 2941 1696 3005 de

501 3057 660 3099 vase
734 3032 1148 3097 contumelie.
1288 3031 1693 3112 Surgentem

504 3144 656 3188 cum
688 3121 962 3186 victoria
1004 3120 1234 3202 Jesum
1281 3118 1450 3182 vidit
1481 3118 1567 3181 ab
1601 3118 1685 3180 in

506 3212 658 3275 feris
689 3211 904 3294 prima
949 3217 1240 3272 meretur
1281 3207 1530 3290 gaudia
1566 3225 1697 3288 que

503 3299 656 3382 plus
707 3297 984 3361 ardebat
1033 3295 1284 3361 ceteris,
1389 3295 1518 3359 Uni
1570 3294 1699 3356 deo

504 3389 591 3450 sit
631 3385 841 3468 gloria
886 3404 1006 3466 pro
1053 3382 1438 3447 multiformi
1485 3383 1699 3464 gratia

505 3475 619 3556 qui
666 3473 894 3554 culpas
939 3480 1008 3534 et
1053 3471 1374 3554 supplicia
1420 3471 1700 3534 remittit

507 3571 576 3625 et
622 3561 740 3623 dat
787 3559 1053 3641 premia.
1143 3559 1387 3621 Amen.
1479 3573 1528 3641 γ
1576 3558 1701 3620 Di-

508 3649 710 3712 missa
769 3655 924 3710 sunt
999 3646 1058 3708 ei
1135 3653 1410 3727 peccata
1486 3645 1701 3708 multa

507 3735 844 3820 Quoniam
897 3733 1136 3797 dilexit
1197 3731 1500 3796 multum.
1615 3731 1699 3795 In

504 3846 762 3907 evange.
822 3844 926 3886 an.
1045 3819 1293 3884 Fidelis
1355 3839 1573 3882 sermo
1633 3829 1702 3883 et

506 3915 688 3978 omni
765 3910 1151 3992 acceptione
1224 3908 1468 3990 dignus
1542 3909 1702 3990 quia

509 4003 808 4068 Christus
883 3999 1076 4080 Jesus
1137 3997 1319 4060 venit
1395 3997 1462 4059 in
1524 3995 1700 4060 hunc

507 4093 830 4156 mundum
893 4095 1273 4170 peccatores
1325 4085 1544 4148 salvos
1606 4086 1703 4149 fa-

606 4238 850 4288 ¹lebete.
889 4236 948 4285 R.
960 4235 1026 4284 N.
1035 4233 1089 4284 S.

600 4307 622 4336 ²
659 4304 792 4354 ‘'est
829 4303 966 4351 add·
1003 4301 1066 4350 R.
1077 4299 1141 4351 N.
1153 4299 1206 4350 S.

600 4369 985 4432 ⁸magdalena.
1021 4365 1088 4416 N.

601 4433 1032 4502 ⁴peccaminum.
1070 4433 1131 4480 R.
1141 4429 1206 4480 N.
1217 4429 1270 4482 S.

2296 349 2455 406 398

1790 497 1981 542 cere:
2026 487 2097 542 et
2142 480 2256 561 qui
2300 481 2483 543 nasci
2517 479 2979 562 dignatus²de
3062 529 3065 532 <

1790 568 2002 631 maria
2029 566 2323 650 virgine:
2368 569 2557 651 tangi
2594 589 2733 631 non
2766 569 2979 650 dedig-

1789 664 1985 718 natus
2032 665 2138 718 est
2187 657 2268 720 de
2324 658 2535 720 maria
2584 659 2983 738 peccatrice:

1788 744 1911 806 hec
1958 753 2061 807 est
2112 743 2229 807 illa
2280 745 2490 809 maria
2550 746 2660 808 cui
2722 745 2987 808 dimissa

1788 841 1945 894 sunt
1975 841 2250 913 peccata
2282 832 2496 897 multa
2533 835 2867 915 quoniam
2898 835 2989 895 di-

1790 919 1958 983 lexit
1986 919 2313 984 multum:
2359 921 2483 985 hec
2502 931 2605 984 est
2638 921 2758 983 illa
2790 923 2991 984 maria

1789 1028 1921 1090 que
1966 1017 2419 1089 resurgentem
2452 1029 2494 1072 a
2530 1011 2823 1072 mortuis
2871 1011 2991 1092 pri-

1791 1117 1902 1160 ma
1955 1097 2251 1160 omnium
2298 1097 2523 1160 videre
2580 1099 2835 1161 meruit
2882 1099 2995 1160 do-

1792 1186 2045 1248 minum
2066 1193 2367 1248 nostrum
2392 1186 2623 1266 Jesum
2647 1185 2990 1249 Christum

1790 1293 1990 1356 quem
2040 1292 2162 1356 pro
2210 1274 2452 1336 nostris
2502 1273 2810 1336 reatibus
2860 1283 2995 1336 oret

1790 1380 2150 1442 quesumus
2180 1359 2247 1422 in
2280 1369 2605 1428 eternum.
2643 1371 2753 1444 pf.
2806 1361 2996 1444 Mag-

1791 1447 2035 1512 nificat.
2747 1450 2995 1514 Oratio.

1788 1537 2137 1668 Largire
2213 1535 2406 1600 nobis
2472 1536 2995 1600 clementissime

1796 1705 1799 1710 ,
1926 1632 2117 1706 pater
2146 1644 2282 1706 quo
2319 1625 2488 1688 sicut
2534 1625 2741 1688 beata
2790 1627 2993 1688 maria

1791 1712 2231 1795 magdalene⁸
2280 1711 2629 1776 dominum
2686 1723 2991 1777 nostrum

1788 1799 2019 1881 Jesum
2097 1799 2435 1865 Christum
2502 1821 2707 1884 super
2770 1803 2991 1864 omnia

1790 1888 2129 1970 diligendo
2188 1909 2459 1952 suorum
2520 1889 2827 1954 obtinuit
2886 1911 2991 1952 ve-

1790 1977 1972 2040 niam
2053 1978 2558 2059 peccatorum⁴t
2622 1978 2721 2041 ita
2804 1978 2989 2041 nobis

1791 2065 1969 2146 apud
2019 2065 2531 2128 misericordiam
2580 2075 2777 2129 tuam
2824 2086 2987 2128 sem·

1791 2153 2119 2235 piternam
2153 2153 2463 2234 impetret
2485 2152 2991 2217 beatitudinem.

1790 2261 1911 2323 per
1940 2241 2227 2304 eundem
2275 2241 2623 2304 dominum
2669 2251 2991 2305 nostrum.

1790 2328 2125 2392 Memoria
2140 2328 2451 2392 desancto
2474 2329 2993 2412 wandragm'h'

1791 2416 2027 2481 abbate.
2141 2418 2275 2482 Αῆ.

1792 2505 2119 2570 dominus,
2239 2521 2288 2592 γ
2334 2504 2632 2570 Amavit.
2762 2505 2993 2570 Oratio

1796 2593 2190 2656 Intercessio
2250 2591 2475 2658 beati.⁶
2564 2603 2643 2657 ut
2698 2593 2777 2656 in
2828 2615 2993 2656 com-
3059 2585 3062 2650 ἑ

1794 2679 1995 2744 muni.
2070 2679 2193 2744 Ad
2217 2691 2445 2745 matut.
2471 2681 2717 2745 Invita.
2802 2682 2997 2745 Eter-

1794 2789 1954 2832 num
1988 2768 2369 2852 trinumque
2398 2770 2601 2834 deum
2640 2770 2999 2833 laudemus

1794 2865 1862 2920 et
1882 2876 2105 2921 unum.
2170 2857 2303 2938 Qui
2326 2858 2454 2920 sibi
2479 2877 2763 2921 mariam
2784 2868 2999 2921 trans—

1793 2945 1980 3009 vexit
2041 2945 2128 3009 ad
2188 2946 2417 3009 ethera
2474 2954 2805 3010 sanctam.
2905 2955 3062 3052 ps.

1793 3033 2037 3097 Venite
2139 3033 2535 3099 exultemus,

1800 3121 2036 3184 Lauda
2096 3130 2325 3185 mater.

1794 3229 1942 3272 ana.

1800 3736 1866 3799 in
1928 3736 2133 3799 domo
2186 3737 2511 3821 pharisei:
2574 3739 2815 3803 attulit
2877 3741 3011 3804 ala·

1798 3824 2096 3888 bastrum
2130 3827 2467 3907 unguenti.
2531 3836 2635 3908 pff.
2706 3828 3009 3892 Domine

1799 3913 2110 3976 dominus
2172 3923 2414 3978 noster.
2536 3916 2672 3979 Αῆ.
2806 3916 3009 3982 Stans

1800 4009 1977 4064 retro
2008 4001 2216 4065 maria
2262 4023 2451 4066 secus
2496 4004 2705 4084 pedes
2750 4005 3009 4068 domini

1797 4085 1998 4170 Jesu⁷
2022 4090 2198 4173 cepit
2231 4091 2441 4173 rigare
2472 4090 2681 4173 pedes
2704 4092 2907 4174 ejus:
2950 4101 3011 4156 et
3057 4091 3060 4176 J

1901 4239 1921 4267 ⁸
1952 4239 2157 4290 mandre

1899 4306 1921 4400 5
1954 4305 2703 4435 ÷²f:.1‘.m’·²?.¹²;?⁵1z.¹s³;¹“·

2383 2417 2654 2499 Justum
2707 2418 2991 2481 deduxit
3059 2439 3062 2502 ξ

2680 3035 3007 3115 Hymnus
3059 3053 3062 3110 1

2448 3122 2535 3185 In
2578 3121 2815 3204 primo
2878 3143 3002 3186 πα.

2048 3210 2363 3291 Rogabat
2419 3210 2652 3292 Jesum
2718 3211 3004 3293 quidam

1794 3296 2138 3379 phariseus
2198 3306 2273 3360 ut
2334 3298 2773 3363 manducaret
2852 3319 3005 3363 cum

1796 3384 1948 3448 ἰῙΙο.
2002 3394 2070 3448 et
2118 3385 2449 3467 ingressus
2502 3387 2791 3452 domum
2840 3388 3009 3470 pha·
3056 3365 3063 3479 2]

1798 3472 1945 3536 risei
1996 3473 2369 3538 discubuit.
2423 3482 2492 3537 et
2552 3493 2706 3539 ecce
2766 3476 3011 3539 mulier
3058 3537 3060 3542 ,

1798 3580 1927 3642 que
1982 3568 2122 3623 erat
2171 3562 2238 3624 in
2288 3561 2558 3625 civitate
2606 3565 3007 3646 peccatrix.
3058 3581 3060 3618 ῑ

1798 3657 1873 3711 ut
1932 3649 2287 3730 cognovit:
2335 3651 2515 3731 quod
2578 3650 3009 3716 accubuisset
3057 3711 3060 3718 .

2149 4239 2301 4304 gisila
2318 4254 2335 4288 .·
2368 4239 2434 4290 R.
2504 4241 2891 4305 mangano
2906 4257 2929 4294 .·
2958 4243 3003 4290 S.
