3117 4959
911 228 972 285 S.
1025 228 1464 285 ANTHONJI
1504 228 1919 288 MONACHI.

799 337 918 392 131

210 465 288 519 ut
349 456 531 520 beati
593 456 884 520 marcelli
947 456 1256 560 martyris
1317 456 1414 519 tui

209 553 418 627 atque
462 544 794 647 pontificis
844 546 1096 609 meritis
1145 545 1416 625 adjuve-

211 653 365 696 mur
382 634 485 715 cuj
495 654 570 695 us
589 633 898 715 passione
921 633 1220 697 letamur.
1298 653 1416 715 per

212 722 584 785 dominum.
1123 720 1340 784 Lectw
1350 741 1412 802 J

233 809 758 940 7‘emporibus
871 808 1240 873 diocliciani
1347 818 1417 872 et

377 897 770 961 maximiani
889 898 1414 980 imperatorum:

209 986 452 1049 beatus
484 985 832 1049 marcellus
865 1005 1042 1068 papa
1070 985 1314 1069 prefuit
1345 987 1412 1049 in

207 1074 493 1137 ecclesia
525 1073 772 1139 Christi
804 1074 872 1137 in
903 1094 1178 1137 romana
1209 1074 1412 1139 urbe:

209 1172 479 1225 mortuo
510 1172 736 1225 autem
763 1161 1192 1226 diocliciano:
1239 1162 1412 1226 filius

207 1249 358 1331 ejus
389 1250 840 1313 maximianus
870 1251 1165 1333 precepit
1193 1251 1410 1332 puniri

209 1358 450 1401 omnes
479 1338 906 1402 christianos:
954 1338 1228 1420 zeloque
1252 1338 1412 1402 duc-

208 1435 324 1489 tus
397 1424 553 1489 fecit
645 1427 962 1490 maximis
1063 1428 1411 1490 tormentis

211 1514 417 1596 affligi
444 1514 713 1578 beatum
739 1516 1112 1597 cyriacum:
1154 1514 1408 1596 largus¹

210 1610 282 1665 et
344 1604 736 1685 smaragdus
795 1612 865 1667 et
925 1603 1410 1667 crescentianus

210 1690 476 1754 diversa
521 1690 844 1773 supplicia
893 1692 1186 1773 perpessi
1235 1700 1406 1755 sunt.

211 1780 462 1842 Beatus
481 1800 746 1861 quoque
767 1778 1116 1843 marcellus
1132 1778 1411 1861 jubente

211 1867 628 1931 maximiano
659 1866 940 1931 fustibus
985 1887 1174 1930 cesus
1210 1876 1311 1931 est
1343 1877 1410 1931 et

211 1954 534 2036 expulsus
569 1957 654 2019 ab
683 1976 782 2019 eo,
1095 1955 1310 2019 Lectio
1341 1955 1408 2038 ij.

367 2053 474 2106 ost
532 2042 692 2106 hoc²
751 2044 1027 2107 dictavit
1088 2054 1409 2124 augustus

365 2134 807 2195 sententiam:
862 2142 938 2194 ut
985 2132 1280 2214 cyriacus
1339 2142 1408 2196 et

205 2219 372 2283 socii
449 2220 507 2301 ej
519 2240 592 2282 us
665 2219 1021 2302 capitalem
1088 2220 1408 2283 deberent

203 2306 430 2371 subire
505 2309 920 2371 sententiam.
1061 2308 1152 2371 Et
1226 2308 1406 2372 ducti

204 2405 369 2459 sunt
456 2416 610 2459 cum
701 2397 964 2479 cyriaco
1050 2397 1406 2478 promiscui

203 2504 417 2547 sexus
478 2504 754 2547 numero
803 2485 1079 2566 viginti:
1131 2484 1233 2548 et⁸
1292 2484 1409 2549 de-

203 2572 433 2635 collati
479 2582 636 2636 sunt
666 2574 772 2636 via
801 2571 1077 2635 salaria:
1122 2592 1406 2655 quorum

202 2680 486 2742 corpora
516 2660 843 2741 johannes
874 2662 1221 2742 presbyter
1251 2682 1407 2724 con-

202 2749 381 2812 didit
425 2749 489 2812 in
535 2750 772 2812 eadem
817 2750 938 2812 via.
1035 2749 1194 2831 Ipso
1236 2759 1408 2812 tem-

204 2858 370 2918 pore
403 2840 852 2901 maximianus
901 2838 1225 2901 interfecit
1269 2858 1407 2901 sor-

203 2946 394 2988 orem
441 2946 632 2989 suam
693 2926 1087 2990 arsemiam⁴
1137 2934 1408 3010 propter

201 3014 634 3077 christianam
670 3015 1072 3097 religionem.
1259 3016 1401 3079 Lec.

200 3103 470 3232 Post
531 3103 672 3165 dies
733 3113 886 3166 octo
947 3113 1214 3166 sanctus
1279 3102 1401 3186 [iij.

363 3191 710 3254 marcellus
747 3212 898 3255 cum
932 3191 1152 3255 lucina
1202 3190 1404 3255 chris-

199 3278 578 3342 tianissima
673 3288 977 3342 matrona
1067 3280 1404 3344 transtulit

197 3386 488 3449 corpora
547 3380 924 3431 sanctorum
976 3368 1042 3430 in
1097 3368 1400 3450 predium

199 3475 402 3517 suum
462 3456 748 3538 septimo
807 3458 918 3519 die
981 3455 1225 3519 mensis
1285 3476 1402 3519 au-

197 3544 400 3624 gusti.
522 3544 616 3607 Et
685 3545 1093 3608 consecravit
1168 3544 1403 3607 beatus

200 3630 556 3695 marcellus
605 3633 879 3695 domum
936 3632 1148 3695 lucine
1196 3632 1403 3695 eccle·-

197 3720 372 3782 siam
422 3721 594 3784 sicut
641 3722 892 3783 obnixe
934 3722 1192 3803 rogavit
1240 3720 1401 3802 ipsa.

198 3808 294 3871 Et
349 3828 499 3871 cum
552 3828 709 3891 sepe
742 3810 808 3872 in
841 3810 1075 3873 eadem
1125 3808 1402 3873 ecclesia

193 3898 436 3959 missas
459 3895 897 3961 celebrasset:
945 3898 1151 3960 iratus
1183 3896 1401 3959 maxi-

183 3986 460 4047 mianus
500 3986 698 4068 jussit
728 3986 796 4047 in
838 3987 1074 4049 eadem
1122 3985 1400 4048 ecclesia

189 4075 476 4157 plangas
537 4084 828 4138 sternere
895 4075 980 4137 ad
1057 4073 1394 4137 stabulum

187 4162 622 4226 animalium:
669 4172 738 4226 et
769 4164 984 4245 ipsum
1013 4162 1396 4226 marcellum

190 4253 546 4332 deputavit
605 4244 673 4314 in
737 4252 1038 4315 custodia
1115 4251 1392 4333 publica.

261 4376 274 4405 ¹
319 4374 550 4425 ‘'autem
581 4373 720 4424 add.
756 4373 809 4424 S.
966 4376 986 4405 ²
1017 4373 1131 4423 hec:
1158 4374 1209 4426 S.

259 4440 582 4491 ’cemeterio
607 4460 620 4489 ι
643 4442 706 4491 G.
781 4441 1050 4505 eynieterio
1075 4459 1088 4491 z
1116 4442 1197 4491 W.

1367 4376 1386 4405 ³
1425 4376 1440 4401 ‘
1457 4373 1605 4422 simul
1623 4373 1635 4396 '
1658 4373 1757 4421 add
1782 4390 1793 4421 =
1830 4373 1894 4421 G.

1391 4443 1411 4472 ⁶
1444 4441 1680 4490 antonii:
1720 4440 1777 4488 G.
1798 4440 2007 4503 passim.

2040 339 2183 395 182

1517 455 1754 538 Ibique
1827 458 2095 522 servivit
2170 458 2341 523 deo:

1513 546 1761 610 multos
1808 566 2019 609 annos
2064 546 2417 611 defunctus
2452 556 2557 611 est
2585 549 2711 611 sub

1512 632 1622 697 die
1652 634 1940 716 septimo
1979 635 2240 698 decimo
2272 634 2707 699 kalendarum

1513 719 1955 785 februarium:
2004 732 2071 786 et
2094 723 2392 805 sepultus
2422 723 2491 785 in
2522 722 2708 786 cimi-

1511 810 1718 873 terio⁶
1737 810 2023 892 priscille
2042 812 2149 875 via
2169 811 2423 875 salaria.
2488 811 2707 877 Cetera

1510 897 1593 959 de
1616 898 1943 962 communi
1970 898 2169 961 unius
2198 899 2529 979 martyris.

1514 990 1579 1063 ff
1630 986 1865 1050 Sancti
1955 987 2259 1049 anthemii
2278 987 2303 1025 ⁶
2392 986 2701 1051 monaclu'.

1517 1074 1761 1139 Oratim
1853 1075 2118 1139 Adesto
2149 1075 2438 1140 domine.
2529 1085 2604 1137 ut
2634 1074 2705 1137 iu

1507 1162 1846 1227 communi.
2420 1163 2633 1227 Lectio
2641 1164 2705 1245 j.

1506 1252 1854 1382 Beatus,
1890 1250 2198 1316 antonius
2246 1250 2575 1317 nobilibus
2608 1272 2709 1315 re-

1654 1338 2037 1421 ligiosisque
2140 1340 2524 1422 parentibus
2620 1338 2706 1402 ab

1508 1436 1761 1509 egypto
1835 1428 2153 1491 oriundus
2212 1427 2381 1491 suit:
2456 1428 2705 1510 quique

1507 1524 1577 1577 et
1628 1514 1981 1579 virtutib’us
2032 1516 2376 1579 immensis
2426 1515 2703 1579 claruit:

1507 1612 1577 1666 et
1626 1603 2059 1685 postmodum
2109 1611 2300 1685 pater
2347 1603 2704 1666 monacho-

1507 1711 1654 1753 rum
1738 1690 2318 1755 innumerabilium
2402 1691 2706 1773 insignis-

1506 1780 1677 1843 sime
1727 1780 1981 1847 enituit.
2081 1779 2213 1862 Qui
2261 1788 2413 1862 post
2460 1779 2705 1842 multas

1507 1868 1969 1931 tribulationes
2028 1878 2098 1932 et
2149 1867 2541 1931 vexationes
2590 1868 2705 1955 de-

1508 1976 1781 2019 monum
1870 1954 2051 2019 solus
2139 1956 2527 2019 conscendit
2616 1954 2701 2019 ad

1507 2053 1847 2109 montem:
1894 2054 1962 2107 et
1985 2043 2233 2107 heremi
2266 2044 2485 2108 adhuc
2515 2064 2705 2107 mon·

2416 466 2485 522 et
2560 468 2714 541 post

1505 2131 1687 2195 achis
1710 2130 2047 2215 ignotam⁷
2078 2134 2446 2216 interrupto
2478 2141 2703 2195 meatu

1503 2220 1681 2284 viam
1710 2231 1993 2285 conatus
2022 2230 2124 2284 est
2152 2222 2462 2303 pandere.
2522 2220 2599 2284 L.
2634 2219 2709 2301 {s-

1502 2309 1920 2440 Diabolus
1948 2317 2173 2372 autem
2212 2308 2533 2390 impedire
2564 2308 2705 2389 ejus

1660 2398 2075 2480 propositum
2159 2396 2389 2461 volens
2470 2416 2705 2478 argen-

1504 2493 1689 2548 teum
1722 2486 1977 2549 discum
2026 2485 2094 2548 in
2138 2484 2371 2549 itinere
2408 2484 2703 2567 projecit.

1508 2572 1663 2655 Quo
1692 2574 1837 2638 viso
1880 2573 2233 2637 antonius:
2280 2573 2501 2636 callidi
2546 2573 2703 2636 arti-

1507 2661 1647 2725 ficis
1722 2682 2127 2744 cognoscens
2210 2663 2525 2725 astutiam
2609 2662 2702 2724 ait

1510 2748 1665 2814 Hoc
1694 2750 2045 2814 artificium
2082 2750 2346 2813 diabole
2378 2758 2567 2812 tuum
2600 2760 2703 2812 est

1505 2858 1639 2901 non
1666 2838 1987 2920 impedies
2007 2838 2422 2901 voluntatem
2442 2857 2660 2899 meam
2686 2856 2701 2900 :

1505 2937 1854 3008 argentum
1932 2936 2121 2989 tuum
2199 2935 2421 2988 tecum
2486 2925 2571 2987 sit
2631 2926 2701 2988 in

1506 3016 1962 3097 perditionem.
2059 3014 2207 3076 Hec
2244 3012 2359 3075 illo
2404 3012 2701 3075 dicente:

1504 3104 1724 3166 discus
1770 3102 2055 3165 evanuit.
2151 3101 2413 3165 Deinde
2460 3120 2592 3163 non
2627 3111 2700 3163 ut

1502 3200 1660 3255 ante
1722 3189 2111 3253 fantasiam:
2179 3189 2297 3251 sed
2360 3189 2699 3270 ingentem

1505 3299 1795 3342 massam
1828 3279 1967 3342 auri
2000 3278 2333 3359 jacentem
2368 3277 2435 3339 in
2468 3276 2700 3340 itinere

1501 3368 1873 3449 conspexit.
1963 3367 2063 3430 At
2097 3365 2205 3429 ille
2237 3365 2470 3447 rapido
2503 3385 2697 3430 cursu

1501 3456 1692 3536 quasi
1768 3454 2107 3537 quoddam
2179 3454 2419 3518 vitaret
2479 3455 2698 3518 incen-

1501 3544 1728 3608 dium:
1773 3544 1857 3607 ad
1892 3552 2191 3606 montem
2224 3543 2533 3625 perrexit.

1668 3632 2203 3733 ppropinquante
2224 3651 2382 3694 vero
2404 3630 2564 3714 [Lec.
2599 3630 2695 3712 iy‘.

1666 3722 1811 3802 ejus
1862 3722 1999 3783 vite
2058 3720 2383 3783 termino:
2442 3720 2697 3783 vocatis

1499 3808 1587 3872 ad
1663 3829 1735 3871 se
1812 3809 2072 3872 duobus
2134 3806 2441 3870 fratribus
2500 3806 2695 3871 dixit.

1502 3896 1654 3979 Ego
1706 3897 1976 3979 quidem
2032 3894 2259 3959 filioli:
2323 3894 2466 3977 jam
2522 3914 2695 3957 nunc

1499 3993 1768 4067 patrum
1801 3984 2069 4067 gradior
2090 3986 2308 4047 viam:
2340 4002 2459 4045 vos
2490 3983 2697 4065 patris

1497 4072 1754 4155 operite
1816 4072 2330 4154 corpusculum:
2408 4079 2477 4133 et
2538 4070 2699 4134 illud

1497 4162 1830 4225 custodite
1886 4160 2322 4224 mandatum:
2370 4168 2445 4222 ut
2498 4180 2695 4223 nemo

1498 4259 1720 4333 preter
1778 4270 1897 4314 vos
1960 4250 2089 4312 mei
2141 4249 2395 4311 noverit
2456 4247 2695 4311 tumuli

2057 4374 2074 4403 ⁴
2109 4370 2432 4421 arthemiam:
2468 4370 2529 4421 G.
2542 4371 2621 4420 W.

2260 4440 2277 4467 ἵ
2314 4438 2519 4501 ignote:
2557 4439 2619 4487 (j.
