3117 4959
935 243 1056 297 DE
1059 241 1108 298 C
1109 241 1317 298 OLLA
1333 240 1422 295 TI
1418 238 1621 296 ONIS
1665 235 2114 310 JOHANNJS
2148 235 2383 292 BAPT
2377 235 2465 290 IS
2470 236 2523 290 T
2513 235 2587 290 E.

1045 349 1175 404 517

509 454 984 521 excusabiliter
1017 463 1246 538 posset
1290 452 1712 537 disponebat.

513 545 650 628 Qui
681 545 736 608 si
769 553 970 626 caput
999 542 1379 606 herodiadis
1409 551 1711 624 peteret:

515 632 677 696 nulli
723 631 1003 696 dubium
1037 631 1196 712 quin
1228 631 1288 693 ei
1319 630 1480 694 dare
1526 649 1716 694 vera·

515 721 678 782 citer
707 719 1044 782 abnueret.
1136 718 1358 800 Caput
1396 716 1713 798 johannis

515 806 584 870 in
613 807 842 872 disco:
887 807 1110 888 signat
1139 825 1378 888 corpus
1421 804 1666 869 Christi
1696 825 1712 868 ε

515 915 651 976 quo
697 894 1032 976 pascimur
1083 894 1150 958 in
1203 902 1434 956 sancto
1484 891 1714 956 altari:

517 991 587 1047 et
616 981 799 1064 quod
829 981 1105 1046 ecclesie
1148 981 1450 1063 gentium
1481 979 1714 1043 tribui-

515 1079 626 1136 tur
698 1071 767 1132 in
841 1069 1127 1134 salutem
1203 1089 1282 1134 ac
1342 1069 1713 1131 remedium

519 1159 904 1222 animarum.
979 1157 1099 1222 Re.
1185 1155 1409 1219 Puelle
1439 1155 1715 1218 saltanti

519 1244 869 1328 imperavit
947 1254 1209 1308 mater:
1287 1243 1448 1308 nihil
1527 1242 1715 1305 aliud

519 1343 710 1415 petas
763 1333 890 1396 nisi
937 1340 1140 1413 caput
1187 1329 1500 1413 johannis
1549 1330 1719 1411 bap-

519 1421 694 1485 tiste.
809 1421 902 1483 Et
947 1419 1376 1483 contristatus
1437 1427 1540 1481 est
1595 1437 1715 1480 rex

521 1516 794 1590 propter
831 1507 1294 1589 jusjurandum
1339 1515 1408 1570 et
1445 1515 1721 1587 propter

521 1595 720 1660 simul
745 1595 1252 1660 discumbentes,
1307 1611 1356 1680 γ
1388 1592 1539 1675 Que
1562 1612 1719 1657 cum

523 1684 958 1748 surrexisset:
1034 1683 1211 1747 dixit
1285 1682 1480 1744 matri
1555 1700 1718 1745 sue:

523 1771 686 1854 quid
717 1779 981 1852 petam:
1029 1779 1099 1833 at
1122 1768 1234 1833 illa
1256 1769 1470 1832 dixit:
1516 1777 1721 1850 caput

516 1857 830 1941 johannis
881 1858 1188 1941 baptiste.
1299 1857 1392 1922 Et
1445 1857 1721 1921 contris-

523 1955 723 2010 tatus.
1387 1943 1603 2008 Lectio
1633 1944 1721 2026 vj.

537 2033 796 2198 Quod
849 2039 1075 2098 autem
1119 2032 1305 2096 tulit¹
1356 2033 1552 2096 matri
1584 2053 1721 2098 sue.

662 2122 730 2183 id
779 2131 883 2185 est
933 2141 1277 2203 synagoge
1323 2118 1722 2201 judeorum:

527 2209 596 2270 in
629 2206 760 2272 fine
790 2209 1061 2272 offertur
1101 2206 1334 2272 mundi
1367 2207 1724 2290 participa-

528 2296 626 2360 tio
656 2297 946 2377 corporis
965 2295 1174 2360 sancti
1196 2305 1264 2360 et
1285 2295 1452 2360 fides
1473 2295 1723 2360 Christi

529 2383 618 2446 ab
693 2383 970 2447 ecclesia
1028 2385 1346 2465 gentium.
1467 2383 1725 2466 Magna

531 2469 893 2536 solennitas
967 2472 1094 2536 diei
1171 2471 1368 2554 hujus
1403 2490 1419 2536 :
1503 2471 1725 2554 capite

531 2558 886 2640 plectitur:
960 2559 1076 2643 qui
1151 2559 1507 2643 plusquam
1574 2579 1726 2642 pro-

531 2646 736 2728 pheta
792 2657 994 2730 caput
1053 2655 1155 2710 est
1215 2647 1514 2710 omnium
1576 2667 1726 2730 pro·-

533 2733 900 2816 phetarum.
991 2733 1331 2817 Johannes
1389 2735 1591 2816 igitur
1650 2743 1726 2800 ut

535 2821 750 2887 fidelis
795 2823 1190 2906 prenuncius
1237 2822 1538 2904 implevit
1584 2822 1725 2884 offi-

531 2912 710 2976 cium
749 2911 1183 2993 precursoris:
1231 2918 1303 2974 ut
1348 2910 1729 2992 redempto-

536 3017 675 3064 rem
707 2999 939 3062 mundi
969 3019 1168 3081 quem
1208 2997 1420 3080 digito
1451 2998 1727 3060 demon-

533 3095 858 3150 straverat
913 3107 929 3152 :
1025 3087 1228 3150 etiam
1307 3085 1394 3148 ad
1485 3085 1729 3148 inferos

535 3173 836 3256 preciosa
866 3183 1078 3240 morte
1120 3173 1520 3254 precederet.
1608 3172 1726 3237 Re.

537 3262 718 3345 Quid
769 3271 996 3344 petam
1051 3269 1264 3324 mater
1323 3259 1485 3324 nihil
1547 3259 1728 3324 aliud

537 3358 728 3432 petas
777 3349 902 3412 nisi
952 3357 1154 3431 caput
1202 3347 1552 3431 johannis:
1598 3368 1729 3431 que

537 3457 688 3500 cum
738 3437 1072 3503 introisset
1113 3455 1263 3500 cum
1307 3435 1731 3500 festinatione

537 3524 623 3588 ad
657 3543 922 3606 regem:
969 3523 1204 3605 petivit
1239 3524 1484 3588 dicens,
1578 3523 1739 3587 Pre-

537 3631 652 3674 cor
699 3619 767 3673 te
815 3611 1085 3676 domine
1135 3611 1226 3677 mi
1279 3631 1440 3676 rex:
1487 3620 1561 3676 ut
1610 3612 1729 3676 des

537 3698 698 3764 mihi
731 3708 930 3780 caput
957 3698 1266 3780 johannis
1295 3698 1360 3761 in
1393 3701 1593 3763 disco,

539 3788 696 3852 Rex
725 3786 1004 3851 herodes
1053 3788 1148 3851 ait
1199 3787 1455 3870 puelle:
1502 3796 1659 3870 pete
1690 3809 1731 3852 a

535 3897 644 3940 me
705 3876 902 3958 quid²
959 3876 1106 3940 vis:
1187 3884 1256 3938 et
1337 3874 1516 3939 dabo
1588 3875 1729 3939 tibi.

540 3965 794 4030 Precor.
871 3963 1114 4030 Gloria.
1194 3963 1447 4027 Precor.
1520 3963 1607 4025 In
1634 3963 1729 4045 ig'j.

534 4063 841 4118 nocturno
891 4061 996 4118 αῆ.
1113 4052 1420 4116 Herodes
1474 4049 1729 4115 facibus

531 4142 826 4206 libidinis
851 4142 1090 4206 ardens
1110 4139 1446 4223 cogitabat
1468 4138 1730 4202 tradere

533 4231 680 4294 neci
755 4231 1178 4296 innocentem
1239 4229 1398 4310 quia
1463 4227 1731 4293 Christo

596 4382 611 4412 ¹
654 4379 828 4430 ‘tulit’
853 4395 954 4430 om.
985 4397 998 4428 :
1033 4378 1234 4430 R.N.S.
1387 4377 1409 4409 ¹
1441 4376 1617 4442 quod:
1654 4376 1787 4427 ΚΝ.

2342 343 2485 400 518

1814 459 1989 518 teste
2038 451 2107 515 in
2156 451 2333 516 natis
2393 449 2743 516 mulierum
2796 451 2959 532 major

1816 561 1949 604 non
2010 541 2321 604 surrexit.
2404 548 2507 620 pff.
2602 539 2685 601 In
2742 539 2965 602 domino

1817 627 2103 692 confido.
2156 628 2219 691 A
2231 636 2292 691 ἢ.
2348 625 2665 690 Allatum
2688 635 2787 689 est
2810 636 2971 710 caput

1816 716 2186 780 beatissimi
2202 715 2521 796 johannis
2544 715 2615 777 in
2640 714 2851 778 disco:
2886 717 2973 796 qui

1816 803 2135 867 salutaria
2166 804 2423 866 monita
2460 803 2675 867 dabat
2704 802 2978 868 incestui:

1816 901 1887 954 et
1946 891 2179 955 illicita
2250 890 2615 955 cohibebat
2676 891 2976 954 connubia.

1801 988 1904 1061 pff.
1967 979 2259 1042 Domine
2289 979 2441 1060 quis
2472 979 2821 1042 habitabit.
2876 980 2979 1042 Aa.

1821 1066 2049 1130 Hod1e
2080 1065 2437 1148 plusquam
2478 1065 2873 1148 prophetam
2904 1067 2981 1148 jo·

1816 1153 2111 1218 hannem
2164 1153 2252 1217 ab
2304 1153 2453 1235 ipso
2512 1153 2769 1216 herode
2824 1154 2983 1216 inter·

1819 1250 2125 1323 emptum
2170 1250 2319 1306 toto
2350 1241 2572 1304 cordis
2604 1241 2845 1304 affectu
2874 1263 2981 1324 pre·

1819 1349 2099 1393 cemur:
2175 1337 2251 1392 ut
2348 1329 2779 1411 triumphans
2866 1349 2981 1392 cum

1820 1417 2077 1498 angelis
2126 1417 2396 1480 assidua
2438 1437 2643 1499 prece
2692 1417 2983 1482 Christum

1822 1513 2015 1586 roget
2074 1525 2197 1587 pro
2249 1503 2459 1570 nobis,
2544 1514 2647 1586 ρὲ.
2742 1506 2985 1568 Domine

1822 1593 1891 1655 in
1922 1592 2185 1656 virtute.
2232 1609 2281 1678 γ
2314 1593 2575 1675 Magna
2608 1603 2732 1658 est.
2808 1592 2983 1658 Saem„

1821 1683 1919 1812 J
1929 1701 1973 1744 n
2020 1679 2139 1743 illo
2212 1690 2517 1763 tempore
2550 1702 2569 1744 :
2654 1682 2985 1764 [Maroems

1932 1768 2120 1832 Misit
2142 1767 2426 1833 herodes
2446 1789 2523 1832 ac
2546 1771 2772 1834 tenuit
2794 1769 2985 1851 johan·

1824 1875 2018 1920 nem:
2064 1865 2135 1921 et
2163 1857 2385 1921 vinxit
2416 1877 2573 1920 eum
2610 1859 2680 1920 in
2706 1877 2982 1922 carcerem

1822 1953 2098 2026 propter
2200 1944 2643 2009 herodiadem
2752 1965 2983 2008 uxorem

1822 2031 2106 2116 philippi
2132 2031 2351 2096 fratris
2382 2033 2522 2096 sui:
2556 2033 2725 2116 quia
2746 2033 2985 2098 duxemt

1824 2139 1991 2184 eam.
2110 2121 2201 2183 Et
2232 2120 2501 2202 reliqua.
2626 2120 2853 2184 Sermo
2932 2141 2989 2182 α

1822 2207 2279 2272 commentario
2382 2208 2779 2272 venerabil&
2878 2207 2987 2272 bade

1809 2295 2185 2377 presbyteri.
2678 2297 2881 2360 Lectio
2902 2295 2983 2377 vij.

1846 2385 2143 2514 Vetus
2194 2391 2417 2447 narrat
2464 2382 2752 2448 historia
2796 2384 2985 2466 philip-

1996 2490 2155 2554 pum
2202 2470 2470 2535 herodis
2516 2473 2797 2553 majoris
2824 2472 2985 2535 filium

1828 2558 1955 2621 sub
1990 2579 2129 2641 quo
2173 2558 2486 2623 dominus
2517 2558 2701 2642 fugit
2730 2561 2795 2624 in
2826 2579 2987 2643 egyp-

1828 2654 1975 2710 tum
2026 2645 2295 2710 fratrem
2345 2647 2543 2728 hujus
2596 2647 2863 2712 herodis
2896 2649 2987 2710 sub

1830 2754 1968 2815 quo
1990 2753 2225 2814 passus
2248 2744 2351 2798 est
2377 2735 2731 2800 Christus:
2764 2737 2987 2800 duxisse

1830 2840 2113 2886 uxorem
2156 2823 2587 2886 herodiadem
2622 2824 2831 2888 filiam
2860 2824 2985 2904 regis

1828 2908 2076 2974 arethe.
2199 2910 2443 2974 Postea
2507 2932 2677 2975 vero
2735 2929 2984 2976 socerum

1830 2997 1975 3078 ejus
2026 2999 2280 3062 exortis
2332 2999 2749 3081 quibusdam
2806 3009 2987 3064 contra

1831 3105 2150 3166 generum
2256 3085 2719 3151 simultatibus
2806 3087 2987 3153 tulisse

1832 3172 2039 3236 filiam
2092 3193 2323 3238 suam:
2376 3175 2481 3237 et⁴
2538 3176 2607 3238 in
2663 3176 2827 3240 dolo
2874 3173 2988 3238 τοι*

1832 3260 2052 3324 mariti
2083 3262 2317 3342 prioris
2336 3262 2583 3326 inimici
2610 3264 2673 3345 ej
2684 3285 2763 3328 us
2793 3262 2988 3344 nuptiis

1833 3347 2198 3431 copulasse.
2267 3350 2380 3413 Re.
2450 3350 2897 3416 Contristatus
2918 3359 2989 3412 est

1832 3457 1954 3500 rex
1973 3435 2254 3500 herodes
2275 3446 2547 3519 propter
2563 3437 2989 3520 jusjurandum

1832 3523 1933 3587 et⁶
1971 3533 2243 3607 propter
2286 3525 2486 3588 simul
2536 3527 2989 3592 discumbentes

1832 3611 2045 3674 noluit
2067 3633 2218 3674 eam
2242 3614 2616 3678 contristari
2642 3637 2659 3680 :
2690 3617 2811 3679 sed
2834 3616 2991 3678 misso

1682 3717 1731 3786 γ
1832 3699 2232 3782 spiculatore
2324 3703 2625 3783 precepit
2704 3697 2987 3786 amputari

1836 3788 2057 3870 Caput
2082 3787 2397 3869 johannis
2428 3789 2746 3871 baptiste.
2800 3813 2845 3876 γ
2874 3791 2987 3853 Rex

1830 3876 2045 3938 victus
2092 3875 2507 3942 adulterino⁷
2556 3899 2789 3942 amore
2830 3877 2987 3941 salta-

1832 3962 2195 4044 tricijussit
2219 3963 2452 4029 afferri.
2497 3964 2745 4049 Caput.
2791 3968 2863 4030 L.
2884 3962 2985 4044 vity‘.

1843 4052 2069 4215 Quis
2118 4052 2205 4114 sit
2254 4061 2481 4116 autem
2535 4053 2642 4118 hic
2694 4055 2983 4138 philippus

1970 4141 2378 4221 evangelista
2407 4140 2591 4206 lucas
2622 4143 2875 4226 plenius
2899 4141 2981 4204 do·

1833 4237 1938 4291 cet
1969 4227 2213 4292 dicens.
2276 4229 2487 4294 Anno
2508 4231 2749 4313 quinto
2769 4229 2979 4295 decimo

1944 4376 2117 4454 'jvjss
2140 4377 2269 4428 add:
2302 4377 2356 4428 S.
2531 4382 2552 4411 ⁴
2590 4375 2927 4429 ‘et’om.=S.

592 4449 615 4480 ⁸
645 4461 738 4512 pro
767 4446 921 4496 ‘dolo
937 4461 1022 4495 rex
1044 4445 1058 4469 ⁹
1079 4445 1340 4496 dolorem:
1378 4443 1579 4494 R.N.S.
1693 4445 1713 4474 ⁰
1752 4448 1945 4510 ‘propt.
1971 4459 2085 4508 JusJ.
2116 4451 2166 4494 et
2186 4444 2199 4468 ’
2220 4460 2320 4494 om.
2354 4463 2367 4494 ε
2402 4444 2455 4496 S.
2532 4449 2551 4476 ⁷
2584 4445 2857 4496 adulterio:
2884 4441 2923 4490 S.
