3117 4959
1460 191 1566 245 IN
1605 189 1871 246 FESTO

960 303 1099 358 133

430 430 667 492 corpus
691 408 775 472 ad
796 427 1057 490 penam,
1147 405 1632 489 Imprimuntur

432 501 741 562 ardentes
834 495 1083 578 pectori
1174 494 1462 557 lamine:
1561 499 1632 554 et

428 585 705 650 vulnera
734 582 1115 647 vulneribus
1145 581 1628 663 imprimuntur,

439 673 629 737 Sales
661 671 923 753 ignibus
969 670 1218 750 aspersi
1248 666 1631 749 crepitanti-

436 762 563 825 bus
617 757 921 820 minuciis
974 776 1091 838 per
1148 755 1453 818 membra
1497 752 1634 816 dis-

442 847 711 910 siliunt:
786 853 854 908 et
908 843 1048 924 jam
1110 863 1243 906 non
1305 841 1392 905 ad
1451 849 1636 904 artus

444 944 749 998 tantum:
794 930 944 994 sed¹
979 930 1067 994 ad
1102 932 1353 994 viscera
1382 927 1637 1010 suppli-

448 1023 697 1085 ciorum
718 1019 853 1082 tela
870 1018 1216 1098 jaciuntur,
1281 1017 1395 1082 Re.
1460 1016 1637 1078 Ecce

445 1110 589 1192 jam
625 1110 691 1170 in
724 1105 1005 1170 sublime
1050 1124 1247 1186 agor:
1293 1113 1360 1166 et
1403 1122 1639 1165 omnes

448 1195 775 1279 principes
823 1201 975 1256 tuos
1022 1191 1245 1255 seculo
1293 1191 1486 1254 altior
1532 1199 1640 1270 ty·

446 1303 653 1346 ranne
726 1278 1063 1362 despicio:
1138 1277 1293 1342 nolo
1358 1276 1636 1358 gloriam

449 1388 667 1434 meam
718 1369 1012 1432 minuas:
1060 1385 1182 1428 nec
1234 1366 1483 1428 damna
1542 1363 1639 1425 in-

447 1457 619 1520 feras
666 1455 863 1518 laudi,
957 1453 1229 1516 Paratus
1272 1471 1421 1514 sum
1462 1451 1640 1513 enim

450 1545 537 1608 ad
597 1543 824 1606 omnia
881 1548 1214 1605 tormenta
1267 1558 1385 1619 pro
1430 1537 1642 1600 salva-

452 1631 610 1696 toris
642 1630 911 1692 nomine
946 1626 1347 1691 sustinenda.
1438 1640 1483 1693 τ
1533 1623 1645 1686 In-

456 1737 649 1799 surge
694 1735 855 1797 ergo
902 1724 968 1778 et
1016 1722 1161 1777 toto
1214 1710 1646 1792 malignitatis

458 1805 691 1888 spiritu
739 1801 1153 1867 debachare:
1220 1799 1475 1863 videbis
1536 1818 1649 1861 rne

457 1893 567 1956 dei
596 1892 837 1955 virtute
885 1887 1033 1971 plus
1077 1904 1273 1970 posse
1315 1887 1477 1949 dum
1514 1895 1651 1950 tor-

458 1997 703 2062 queor:
766 1995 968 2059 quam
1022 1975 1233 2057 possis
1281 1975 1465 2056 ipse:
1534 1973 1648 2054 qui

456 2077 742 2148 torques,
836 2064 1126 2126 Paratus,
1310 2059 1522 2124 Lectio
1551 2061 1649 2140 ig'j,

456 2151 992 2286 Renunciatur
1022 2149 1360 2212 dacianoa
1390 2148 1650 2211 dilectis

603 2239 789 2302 suis:
864 2246 1167 2300 sanctum
1243 2236 1648 2299 vincentium

456 2326 669 2410 hylari
700 2325 884 2388 vultu
928 2325 1229 2411 universa
1258 2323 1652 2404 percurrisse

459 2413 799 2498 supplicia,
893 2411 1045 2476 Heu
1093 2410 1307 2492 inquit
1342 2410 1652 2474 datianus

462 2503 822 2567 vincimur:
898 2498 1016 2562 sed
1098 2497 1314 2561 adhuc
1392 2495 1650 2561 habeo:

464 2588 645 2672 quod
736 2587 821 2651 de
909 2585 1247 2668 suppliciis
1352 2584 1653 2667 supersit.

466 2676 741 2759 Querite
772 2675 987 2738 locum
1010 2672 1429 2736 tenebrosum
1462 2681 1657 2735 extra

464 2784 756 2830 carceres
793 2780 1161 2825 carcerem:
1207 2759 1299 2823 ibi
1331 2759 1658 2841 fragmen-

464 2853 551 2916 tis
602 2850 879 2916 testule²
932 2849 1175 2931 passim
1226 2855 1658 2929 exasperatos

464 2939 797 3021 congerite
830 2955 1175 3000 mucrones
1204 2955 1219 2997 :
1266 2943 1339 2997 ut
1363 2955 1450 2997 ex
1476 2933 1658 2996 omni

462 3036 653 3110 parte
700 3025 983 3108 jacentis
1035 3043 1273 3105 corpus
1321 3021 1658 3084 offendat:

464 3135 615 3179 cum
700 3114 978 3176 evadere
1052 3131 1125 3174 se
1199 3109 1426 3173 credit,
1544 3108 1661 3170 Re.

464 3203 875 3281 Assumptus
950 3218 1038 3261 ex
1114 3196 1379 3260 eculeo⁸
1462 3195 1663 3258 levita

467 3288 837 3353 vincentius
895 3295 1097 3366 atque
1149 3285 1233 3347 ad
1291 3281 1662 3366 patibulum

472 3385 699 3459 raptus
752 3383 1035 3438 tortores
1087 3390 1241 3434 suos
1294 3390 1465 3452 pene
1517 3390 1664 3452 pre-

472 3463 757 3526 veniens,
822 3460 1047 3522 Moras
1070 3457 1447 3521 carnificum
1470 3477 1666 3538 argu-

474 3551 691 3614 endo:
739 3548 825 3610 ad
873 3564 1115 3628 penam
1170 3543 1469 3607 alacriter
1516 3565 1666 3626 pro-

472 3636 768 3721 perabat,
889 3650 936 3719 γ
1008 3632 1382 3713 Intrepidus
1442 3631 1666 3713 itaque

472 3726 580 3789 dei
634 3720 887 3786 athleta
936 3719 1277 3786 candentis
1326 3718 1475 3781 ferri
1528 3739 1666 3781 ma-

469 3813 734 3876 chinam
756 3808 927 3871 ultro
944 3807 1343 3870 conscendit.
1422 3806 1665 3870 Moras,

473 3899 702 3964 Gloria
748 3896 935 3979 patri.
1028 3895 1269 3957 MoraS.
1361 3894 1443 3957 In
1481 3894 1668 3957 tertio

470 3997 773 4050 nocturno
791 3991 897 4046 aii.
991 3983 1236 4045 Beatus
1258 3981 1626 4045 vincentius
1652 4003 1666 4045 :

470 4075 657 4156 cujus
724 4071 866 4153 jam
944 4089 1131 4133 mens
1189 4069 1451 4132 conscia
1526 4077 1669 4132 erat

572 4224 585 4253 ¹
630 4218 837 4270 ‘etiam'
864 4219 988 4268 add:
1032 4219 1097 4269 G.

573 4290 595 4319 ¹
626 4295 677 4336 te
700 4285 851 4334 stulte
879 4300 891 4332 :
924 4283 1007 4334 W.

578 4355 598 4385 ⁸
627 4351 809 4401 eculo:
845 4349 928 4398 W.
1001 4348 1248 4414 equuleo:
1284 4347 1336 4399 S.

2258 299 2392 354 134

1729 423 2013 468 corone:
2077 402 2254 467 dixit
2313 405 2638 468 daciano:
2704 401 2934 468 hacte-

1731 511 1854 554 nus
1903 511 1946 554 a
1993 499 2062 554 te
2107 491 2374 555 habitus
2423 513 2641 555 sermo
2687 493 2773 555 de
2821 512 2935 554 ne-

1730 580 1955 660 ganda
2007 577 2137 640 fide
2189 582 2533 660 peroravit.
2632 589 2737 660 pi
2855 580 2934 642 In

1731 667 2006 729 domino
2055 666 2334 729 confido.
2431 667 2565 730 Αῆ.
2661 667 2938 748 Nepha-

1733 755 1900 816 rium
1932 761 2156 816 tamen
2201 753 2377 836 apud
2425 754 2936 818 christianorum

1733 840 2155 923 prudentiam
2169 861 2312 904 esse
2323 861 2652 924 cognosce
2664 842 2941 905 deitatis

1733 927 1986 991 cultum
2020 928 2418 1010 abnegando
2454 929 2940 1012 blasphemare.

1722 1024 1821 1097 μ’.
1901 1016 2192 1078 Domine
2215 1017 2362 1098 quis
2380 1016 2726 1080 habitabit.
2803 1019 2870 1080 A
2881 1025 2940 1080 ἢ.

1741 1101 2132 1166 Profitemur
2190 1104 2367 1167 enim
2429 1104 2786 1168 christiane
2844 1125 2942 1166 re-

1738 1190 2001 1272 ligionis
2077 1211 2198 1253 nos
2273 1211 2418 1254 esse
2493 1193 2780 1256 cultores
2863 1213 2941 1254 ac

1737 1277 1932 1341 unius
1990 1279 2126 1341 veri
2187 1279 2294 1341 dei
2355 1281 2809 1361 permanentis
2873 1281 2942 1342 in

1738 1363 1960 1427 secula
2019 1364 2302 1428 famulos
2377 1375 2446 1429 et
2519 1375 2739 1431 testes,
2845 1375 2945 1448 pff,

1743 1452 2035 1515 Domine
2094 1453 2161 1515 in
2221 1452 2479 1518 virtute,
2571 1471 2620 1539 γ
2684 1455 2950 1537 Magna

1741 1548 1844 1602 est
1883 1539 2136 1620 gloria,⁴
2224 1541 2561 1622 Expositio
2603 1543 2750 1605 Nisi
2793 1563 2949 1624 gra-

1741 1645 1904 1689 num
1966 1625 2292 1692 frumenti,
2417 1629 2675 1693 Omelia
2735 1639 2816 1692 ut
2875 1631 2951 1694 in

1742 1714 2079 1778 communi,
2126 1714 2239 1777 Re.
2289 1716 2532 1778 Beatus
2556 1717 2666 1778 dei
2689 1716 2951 1781 athleta

1744 1801 2116 1864 vincentius
2155 1801 2485 1865 horrendo
2533 1803 2798 1867 clausus
2849 1825 2951 1868 er-

1747 1889 2010 1968 gastulo
2039 1891 2316 1952 carceris
2353 1889 2683 1971 psalmum
2717 1891 2849 1954 deo
2881 1901 2952 1955 et

1747 1974 2074 2056 hymnum
2135 1977 2522 2059 angelorum
2571 1977 2953 2059 frequentia

1750 2062 2074 2125 relevatus
2094 2063 2264 2127 letus
2286 2065 2568 2129 dicebat.
2639 2065 2950 2146 Quorum

1748 2149 2038 2214 vallatus
2068 2161 2334 2214 caterva
2363 2153 2742 2215 venerando
2765 2153 2950 2216 fove·
2980 2187 2992 2194 ·

1750 2237 1945 2300 batur
1996 2237 2354 2321 obsequio:
2415 2249 2482 2302 et
2532 2240 2954 2304 mulcebatur

1748 2325 2054 2407 alloquio.
2137 2343 2186 2410 γ
2235 2327 2498 2390 Dantur
2526 2347 2684 2409 ergo
2716 2328 2950 2392 laudes

1747 2414 1878 2476 deo
1921 2413 2288 2478 altissimo:
2335 2423 2404 2477 et
2449 2425 2800 2478 resonante
2847 2437 2951 2480 or-

1748 2521 1926 2582 gano
1985 2501 2164 2564 vocis
2216 2501 2550 2582 angelice⁸
2602 2503 2952 2567 modulata

1752 2589 2042 2651 suavitas
2066 2588 2292 2670 procul
2311 2589 2716 2655 diffunditur,
2765 2591 2952 2672 Quo-

1754 2694 1916 2738 rum.
2564 2677 2782 2742 Lectio
2811 2679 2956 2760 viij,

1755 2765 2076 2898 Sancto
2108 2763 2308 2846 igitur
2345 2765 2678 2828 vincentio
2715 2766 2958 2829 divini-

1877 2860 1986 2913 tus
2031 2858 2248 2915 totum
2303 2863 2788 2916 commutatum
2851 2863 2958 2916 est

1735 2939 1836 3016 'in
1918 2937 2198 3019 gloriam
2237 2960 2250 3003 :
2359 2941 2541 3022 quod
2634 2942 2957 3004 dacianus

1761 3045 1982 3108 preses
2039 3027 2164 3090 sibi
2227 3027 2522 3109 ingerere
2573 3029 2960 3092 decreverat

1760 3112 1845 3176 ad
1878 3132 2134 3192 penam.
2231 3115 2494 3178 Nimius
2523 3118 2700 3179 enim
2736 3117 2960 3198 splen-

1761 3200 1883 3262 dor
1913 3200 2178 3263 luminis
2211 3202 2275 3264 in
2309 3223 2566 3266 carcere
2611 3204 2728 3267 illo
2773 3213 2961 3266 tene-

1762 3285 1960 3350 broso
2013 3287 2324 3353 fulserat:
2381 3291 2446 3353 in
2501 3310 2636 3372 quo
2683 3300 2964 3354 sanctus

1765 3383 2014 3455 martyr
2087 3375 2375 3440 inclusus
2463 3387 2619 3441 erat.
2765 3378 2966 3442 Tunc

1763 3472 2030 3525 sanctus
2061 3464 2428 3526 vincentius
2461 3466 2637 3528 dixit
2667 3467 2970 3529 custodi-

1764 3549 1926 3613 bus:
1973 3549 2178 3613 nolite
2238 3552 2510 3614 timere:
2559 3553 2674 3615 sed
2739 3554 2968 3634 potius

1766 3639 2143 3700 renunciate
2212 3639 2528 3702 datiano:
2603 3661 2742 3722 qua
2817 3661 2971 3722 per-

1764 3723 1946 3786 fruor
1991 3725 2148 3788 luce,
2244 3726 2679 3791 Comentetur
2731 3729 2972 3792 diabo-

1768 3811 1907 3874 lus:
1953 3813 2008 3874 si
2041 3813 2259 3876 adhuc
2305 3823 2564 3894 potest:
2611 3825 2679 3878 et
2713 3816 2974 3898 aliquid

1767 3899 2171 3980 superaddat
2229 3901 2316 3963 ad
2377 3901 2656 3983 gloriam
2728 3924 2978 3968 meam,

1767 3986 1881 4049 Re,
2009 3986 2253 4051 Christi
2348 3990 2538 4052 miles
2631 3991 2980 4072 preciosus

1769 4069 1974 4136 levita
2033 4075 2453 4139 vincentius:
2529 4084 2603 4139 ut
2678 4079 2978 4143 tribunal

1878 4225 1896 4253 ⁴
1936 4224 1952 4249 ‘
1966 4222 2070 4286 ejus
2092 4223 2146 4272 in
2184 4224 2386 4274 salutari
2425 4231 2526 4274 tuo.
2599 4227 2690 4277 Re.
2749 4227 2980 4280 Gloriam

1773 4293 1823 4335 et
1857 4301 2092 4351 magnum
2125 4289 2357 4340 decorem
2391 4291 2622 4354 impones
2644 4308 2800 4358 super
2831 4311 2946 4346 eum
2965 4297 2980 4320 ³

1777 4352 1882 4402 add
1911 4371 1922 4403 :
1956 4354 2022 4405 G,
2425 4359 2446 4387 ⁸
2485 4358 2708 4422 angelici
2743 4359 2814 4411 :S.
