3117 4959
668 161 776 217 IN
820 161 875 218 Τ
868 161 1205 218 RANSLA
1214 163 1303 218 TI
1300 160 1474 219 ONE
1518 159 1585 217 S.
1637 159 2082 232 JOHANNJS
2126 159 2242 215 BE
2249 157 2522 216 VERLA
2531 157 2629 216 CI.

928 270 1065 324 641

392 374 707 458 johannis
779 374 1036 441 suerat:
1111 375 1389 440 scotiam
1450 394 1603 458 pro·

398 463 611 527 fectus
640 473 758 527 est.
822 463 1117 545 Septima
1136 463 1313 526 lectio
1344 473 1600 526 tantum

399 553 479 614 de
535 551 917 632 expositione
988 551 1309 632 evangelii
1369 551 1601 613 Homo

401 639 675 722 quidam
726 658 1014 722 peregre.
1112 639 1363 704 Omelia
1410 648 1483 700 ut
1527 638 1600 700 in

398 727 737 790 communi.
1214 726 1429 790 Lectio
1456 725 1599 807 viij.

422 815 775 945 Timore
806 813 1008 896 igitur
1046 814 1335 896 percussi
1380 815 1603 879 scoti.

566 911 751 966 trans
818 922 999 966 mare
1070 911 1405 966 scotorum
1480 921 1602 964 sua

400 998 777 1054 statuerunt
819 989 1212 1053 habitacula.
1323 990 1455 1053 Ast
1486 1009 1602 1052 eos

401 1077 831 1141 adhelstanus
902 1078 1176 1140 viriliter
1246 1077 1600 1159 insequens

400 1185 553 1230 cum
573 1167 747 1229 suis:
779 1167 845 1228 in
870 1165 1081 1228 altero
1103 1165 1402 1247 ejusdem
1428 1185 1600 1246 aque

400 1253 624 1317 littore
644 1274 763 1317 sua
784 1251 931 1316 fixit
952 1253 1249 1317 tentoria.
1285 1253 1602 1315 Proxima

402 1363 558 1405 vero
604 1351 799 1405 nocte
841 1361 1064 1423 regem
1110 1342 1174 1403 in
1220 1350 1430 1403 stratu
1477 1360 1602 1403 suo

401 1429 843 1493 dormientem
904 1439 1131 1492 astans
1180 1437 1447 1492 sanctus
1495 1427 1600 1508 jo-

400 1516 654 1581 hannes
729 1517 831 1580 his
904 1516 1119 1580 verbis
1193 1514 1550 1597 alloquitur
1584 1536 1600 1579 :

403 1603 741 1686 Quoniam
773 1625 862 1668 ex
910 1605 1025 1668 illo
1072 1613 1415 1687 tempore:
1464 1622 1600 1683 quo

404 1692 565 1755 mihi
596 1693 884 1759 beverlie
913 1701 1145 1756 votum
1196 1692 1404 1756 fecisti
1436 1709 1451 1754 ε
1500 1691 1598 1754 tui

402 1781 545 1843 dux
606 1790 674 1844 et
736 1791 957 1844 custos
1002 1782 1361 1863 deputatus
1413 1798 1599 1842 sum:

404 1888 600 1931 mane
630 1888 907 1950 surgens
948 1889 1099 1932 cum
1146 1867 1447 1932 hostibus
1499 1867 1600 1930 di-

402 1957 575 2019 mica
602 1978 617 2020 :
650 1957 768 2019 tibi
790 1959 969 2019 enim
1001 1975 1119 2038 per
1150 1975 1367 2018 meam
1399 1955 1599 2017 inter-

400 2045 765 2108 cessionem
790 2044 1073 2107 cessabit
1094 2043 1383 2106 victoria.
1433 2041 1599 2125 Qui-

400 2131 525 2194 bus
553 2131 753 2212 jussis
780 2151 795 2195 :
828 2131 936 2194 ille
965 2131 1435 2213 obtemperans
1466 2130 1602 2193 vic-

401 2227 508 2281 tor
556 2220 817 2283 extitit:
864 2217 1187 2299 multique
1248 2239 1336 2280 ex
1398 2219 1600 2281 scotis

400 2315 669 2369 ruerunt
704 2327 718 2369 :
764 2315 832 2369 et
866 2307 1154 2388 ipsorum
1190 2325 1307 2368 rex
1339 2305 1601 2387 aufugit

399 2394 485 2456 ad
574 2393 777 2456 totius
865 2394 1049 2474 regni
1125 2392 1598 2457 confusionem.

403 2481 557 2564 Ipse
589 2501 746 2544 vero
778 2480 1206 2545 adhelstanus
1251 2501 1371 2563 per
1399 2482 1599 2544 trien-

402 2570 585 2631 nium
620 2570 709 2632 ibi
744 2579 1039 2632 moratus
1068 2590 1083 2633 ι
1130 2570 1314 2651 leges
1342 2589 1496 2632 suas
1528 2579 1600 2633 et

401 2655 619 2720 edita¹
674 2678 791 2740 per
842 2665 1085 2720 terram
1136 2658 1459 2720 servanda
1501 2657 1600 2719 in-

400 2745 631 2808 stituit.
1270 2743 1481 2808 Lectio
1511 2743 1597 2809 ix.

400 2835 849 2964 Revertens
893 2852 1049 2896 vero
1081 2851 1197 2914 per
1228 2831 1373 2895 loca
1405 2832 1600 2894 mari-

547 2941 635 2984 na
673 2921 873 3002 juxta
918 2920 1215 2984 dunbar:
1258 2919 1427 2983 vidit
1456 2940 1602 2982 sco-

399 3007 593 3091 pulos
645 3009 1060 3091 prominere:
1107 3007 1399 3089 taliaque
1458 3028 1601 3070 sus-

401 3096 623 3177 pirans
683 3096 946 3178 eloquia
1006 3095 1281 3177 protulit
1353 3095 1600 3158 dicenS.

405 3183 477 3246 Si
510 3184 675 3246 deus
725 3184 1201 3246 interveniente
1253 3183 1453 3245 beato
1496 3181 1603 3263 jo-

402 3269 623 3334 hanne
672 3271 831 3334 mihi
865 3270 1134 3353 aliquod
1166 3271 1431 3352 signum
1464 3270 1601 3333 evi·-

402 3359 567 3420 dens
601 3357 814 3420 facere
846 3359 1257 3439 permitteret
1286 3378 1301 3422 ε
1349 3368 1421 3420 ut
1454 3377 1601 3438 pre—

402 3454 624 3508 sentes
646 3456 1051 3526 cognoscant
1070 3445 1348 3509 scotiam
1370 3445 1603 3526 anglo-

401 3552 547 3594 rum
581 3552 785 3613 regno
814 3531 1190 3614 subjugari:
1222 3531 1603 3614 tributaque

402 3619 818 3703 persolvere:
878 3621 1009 3682 deo
1066 3620 1315 3702 gratias
1368 3620 1600 3684 redde-

402 3727 559 3772 rem.
652 3707 744 3770 Et
804 3716 1106 3772 extracto
1164 3707 1390 3789 gladio
1452 3727 1599 3789 per-

398 3795 603 3860 cussit
680 3796 745 3858 in
822 3795 1071 3860 silicem
1116 3817 1133 3862 :
1223 3815 1352 3881 que
1426 3795 1600 3858 adeo

399 3884 827 3967 penetrabilis
858 3882 1014 3947 fuit:
1059 3883 1249 3966 quasi
1282 3883 1596 3964 butyrum

400 3983 589 4035 esset.
730 3972 862 4055 Qui
939 3971 1106 4052 lapis
1182 3971 1313 4034 ictu
1390 3970 1597 4052 gladii

396 4069 669 4123 cavatur
698 4060 765 4122 in
817 4058 1228 4142 longitudine
1276 4057 1361 4121 ad
1413 4078 1599 4122 men-

396 4167 617 4210 suram
654 4147 847 4209 ulne:
880 4158 947 4211 et
970 4167 1179 4229 usque
1212 4148 1297 4211 ad
1329 4166 1598 4228 presen-

596 4317 611 4350 ¹
649 4316 811 4370 edicta
833 4335 845 4368 :
883 4316 934 4368 S.

1306 4317 1447 4380 ’pro
1476 4322 1564 4365 ‘ut
1585 4317 1676 4366 in’
1700 4319 1785 4369 de:
1817 4319 1962 4369 RN.

2213 267 2370 322 642

1703 382 1842 438 tem
1874 373 2053 438 diem
2083 373 2357 438 evidens
2400 373 2684 458 signum
2717 382 2920 455 patet.

1707 462 1864 543 Ipse
1923 482 2080 526 vero
2143 483 2264 524 rex
2323 463 2455 526 deo
2532 471 2608 525 et
2685 473 2922 526 sancto

1698 549 1978 631 johanni
2039 551 2289 631 gratias
2347 569 2563 631 agens
2627 549 2926 612 beverlie

1704 638 1941 720 petiit:
1987 637 2212 719 ibique
2257 647 2491 701 votum
2541 656 2758 701 suum
2789 637 2929 700 lau·

1704 723 2015 789 dabiliter
2043 725 2476 808 adimplevit:
2520 725 2616 789 ad
2649 725 2930 788 laudem

1705 813 1912 894 ipsius
1960 815 2212 876 sancti:
2271 823 2342 876 et
2390 813 2658 876 domini
2715 812 2930 876 nostri

1700 900 1860 982 Jesu
1895 901 2160 966 Christi.
2226 901 2452 966 Cetera
2477 900 2566 964 de
2589 900 2937 963 communi

1705 988 1905 1051 unius
1960 988 2338 1070 confessoris
2378 988 2732 1089 pontificis
2781 1009 2928 1052 aaut

1704 1077 2125 1157 responsoriis
2175 1087 2239 1139 et
2285 1077 2583 1140 oratione
2615 1075 2926 1158 propris.

1707 1169 1774 1241 ff
1803 1164 1890 1226 In
1920 1163 2158 1246 vigilia
2177 1165 2609 1246 apostolorum
2635 1165 2932 1228 simonis

1703 1260 1766 1314 et
1771 1251 1956 1332 Jude

1703 1339 2047 1403 Matutine
2116 1349 2180 1402 et
2247 1337 2400 1402 hore
2459 1340 2791 1403 dih-antur
2843 1340 2932 1403 de

1688 1427 1881 1507 feria
1913 1449 1939 1490 .·
1999 1447 2145 1490 cum
2203 1427 2472 1508 legenda
2534 1429 2621 1490 de
2675 1438 2927 1508 septem

1688 1515 1920 1596 pueris
1975 1535 2120 1577 cum
2181 1526 2391 1578 matre
2421 1538 2447 1579 .·
2507 1525 2586 1578 ut
2642 1526 2928 1585 notatu·

1704 1603 1777 1665 in
1824 1602 2082 1666 rubrica
2119 1612 2273 1684 post
2312 1603 2674 1684 hystoriam
2720 1604 2924 1667 Ada-

1704 1692 1933 1773 periat.
2020 1691 2144 1753 Ad
2196 1702 2360 1772 vesp.
2413 1699 2522 1755 aii.
2599 1693 2750 1756 Vos
2795 1693 2924 1774 qui

1703 1779 2076 1860 reliquistis,
2151 1789 2216 1841 et
2269 1790 2463 1842 cetere
2519 1780 2926 1862 antiphone.-

1702 1887 1846 1929 cum
1915 1865 2201 1948 psalmis
2263 1867 2640 1949 ferialibus.
2761 1867 2926 1950 Cap.

1706 1954 1861 2016 Non
1883 1975 2018 2018 vos·
2057 1953 2173 2018 Re.
2215 1953 2349 2036 Qui
2369 1964 2544 2018 sunt.
2581 1957 2927 2035 Hymnus.

1701 2045 2000 2173 Beate
2017 2061 2258 2124 symon
2283 2052 2352 2105 et
2363 2043 2609 2106 thadee
2623 2044 2887 2125 inclyte
2903 2065 2924 2107 ε

1845 2129 2094 2193 cernite
2125 2139 2388 2193 nostros
2431 2132 2726 2212 gemitus
2757 2152 2922 2195 cum

1703 2216 1968 2280 fletibus
2022 2239 2037 2280 :
2126 2218 2374 2300 quique
2448 2238 2570 2300 per
2643 2219 2920 2302 lapsum

1705 2304 2066 2368 meruimus
2092 2305 2467 2370 baratrum:
2499 2327 2621 2387 per
2645 2327 2774 2370 vos
2803 2327 2922 2370 oe-

1704 2393 1918 2456 lorum
1951 2413 2321 2456 mereamur
2351 2394 2627 2458 aditum.
2689 2393 2922 2474 Hym-

1705 2501 1832 2543 nus
1889 2481 2138 2545 Annue
2185 2481 2467 2546 Christe.
2545 2481 2646 2544 Et
2697 2493 2924 2545 cetera

1701 2568 1780 2630 de
1826 2567 2152 2632 communi
2181 2569 2630 2650 plurimorum
2659 2581 2920 2651 aposto-

1700 2657 1932 2720 lorum.
2061 2657 2186 2720 Ad
2259 2659 2629 2720 matutinas
2683 2659 2924 2721 omnia

1703 2753 1781 2806 ut
1809 2742 1879 2806 in
1901 2745 1928 2782 ²
1968 2744 2308 2808 communi.
2429 2744 2646 2809 Lectio
2657 2746 2920 2826 prima.

1701 2832 2015 2963 Sancti
2076 2833 2303 2914 itaque
2354 2832 2643 2915 apostoli
2687 2833 2922 2898 simon

1835 2919 2216 2983 chananeus
2261 2929 2333 2983 et
2374 2921 2576 3002 judas
2611 2921 2876 2985 zelotes
2901 2943 2922 2986 ε

1704 3027 1856 3070 cum
1911 3007 2192 3090 persidis
2239 3009 2579 3088 regionem
2627 3009 2920 3091 ingressi

1704 3093 2023 3159 fuissent:
2092 3097 2373 3159 occurrit
2425 3095 2520 3159 eis
2573 3095 2917 3162 baradach

1705 3183 1847 3244 dux
1924 3183 2096 3264 regis
2173 3183 2664 3248 babiloniorum
2711 3205 2728 3247 :
2809 3187 2916 3249 cui

1705 3289 1948 3332 nomen
2010 3280 2154 3335 erat
2214 3291 2482 3335 xerxes,
2592 3271 2732 3336 Hic
2797 3294 2919 3336 au-

1705 3365 1842 3421 tem
1909 3367 2141 3422 contra
2216 3358 2472 3422 indos:
2546 3359 2664 3440 qui
2742 3359 2918 3424 fines

1705 3444 1983 3527 persidis
2103 3446 2480 3511 invaserant
2598 3467 2918 3530 suscepe-

1705 3541 1807 3596 rat
1869 3533 2134 3597 bellum.
2232 3532 2319 3596 In
2380 3535 2709 3600 comitatu
2755 3558 2916 3600 vero

1705 3619 1848 3700 ejus
1908 3631 2098 3684 erant
2155 3620 2634 3686 sacrificatores
2699 3623 2918 3688 idolo-

1704 3728 1849 3772 rum
1881 3729 1896 3771 :
1927 3708 2040 3790 qui
2073 3707 2326 3772 dabant
2357 3730 2680 3791 responsa
2725 3713 2914 3775 salla-

1701 3797 1802 3858 cie
1833 3816 1967 3860 sue.
1998 3797 2116 3859 sed
2148 3798 2216 3860 in
2249 3797 2542 3861 adventu
2575 3800 2914 3881 apostolo-

1703 3903 1850 3948 rum
1927 3883 2110 3947 nulla
2205 3885 2472 3966 penitus
2549 3897 2910 3968 potuerunt

1701 3972 1862 4035 dare
1893 3991 2226 4053 responsa.
2593 3975 2812 4038 Lectio
2842 3977 2904 4058 y:

1860 4059 1970 4123 icit
1991 4061 2018 4097 ³
2039 4075 2196 4142 ergo
2217 4060 2542 4140 apostolis
2573 4062 2904 4127 baradach

1857 4148 2028 4211 dux:
2049 4146 2226 4230 Quia
2243 4148 2446 4211 audio
2464 4149 2630 4212 deos
2651 4161 2904 4216 nostros

2277 4321 2297 4350 ⁸
2331 4318 2488 4372 dixit:
2527 4320 2590 4374 R.
2601 4321 2670 4374 N.
2681 4323 2738 4374 S.

3046 1259 3056 1406 4
