3117 4959
1529 235 1636 291 IN
1676 235 1951 292 FESTO

1029 345 1184 405 849

501 451 926 518 interemistis
953 453 1432 535 suspendentes
1463 452 1532 516 in
1565 452 1687 536 lig-

501 561 590 604 no
609 563 624 606 :
643 541 818 605 hunc
831 543 997 605 deus
1015 542 1358 605 suscitavit
1371 550 1440 605 et
1452 541 1692 624 princi-

502 649 656 710 pem
691 649 768 693 ac
791 629 1186 693 salvatorem
1211 629 1569 693 exaltavit¹
1603 629 1691 693 ad

499 716 792 780 dandam
813 717 1248 800 penitentiam
1275 717 1344 780 in
1362 717 1692 780 remissio-

501 823 657 866 nem
671 813 1112 886 peccatorum.
1150 813 1250 886 pff.
1272 805 1691 868 Benedicam.

499 893 633 955 Αῆ.
661 893 891 956 Petrus
905 893 1247 975 apostolus
1259 892 1434 956 dixit
1454 891 1693 975 parali-

497 981 634 1042 tico
651 1001 666 1043 ε
686 999 852 1043 enea
871 989 1060 1044 sanet
1080 989 1148 1044 te
1169 981 1482 1044 dominus
1498 981 1692 1062 Jesus

503 1066 848 1132 Christus:
899 1089 1096 1149 surge
1143 1079 1211 1132 et
1252 1077 1476 1132 sterne
1522 1069 1689 1134 tibi:

498 1156 610 1237 qui
643 1155 958 1219 continuo
988 1156 1315 1220 surrexit:
1359 1166 1426 1220 et
1456 1176 1692 1219 omnes

497 1243 612 1324 qui
672 1243 992 1307 videbant
1042 1243 1340 1307 conversi
1393 1253 1550 1307 sunt
1602 1243 1689 1307 ad

496 1331 860 1396 dominum.
917 1341 1020 1414 pf.
1090 1332 1454 1396 Eructavit.
1528 1348 1577 1417 γ
1610 1332 1689 1394 In

495 1437 766 1482 omnem
798 1429 1060 1484 terram.
1405 1419 1619 1483 Lectio
1627 1419 1691 1500 j.

493 1508 795 1638 Erant
847 1509 1024 1571 enim
1077 1515 1379 1589 tempore
1427 1507 1690 1570 neronis

644 1596 885 1659 cesaris
915 1615 1099 1658 rome
1121 1603 1348 1678 petrus
1365 1603 1436 1658 et
1453 1594 1690 1677 paulus

493 1681 800 1747 doctores
838 1684 1342 1748 christianorum
1373 1682 1689 1745 sublimes

491 1771 804 1852 operibus
853 1771 1012 1834 clari
1063 1770 1460 1852 magisterio,
1553 1769 1687 1852 Qui

491 1859 739 1922 virtute
753 1878 1020 1922 suorum
1033 1877 1310 1940 operum
1325 1878 1340 1921 :
1373 1876 1689 1920 neronem

493 1946 620 2008 sibi
685 1946 1036 2009 adversum
1111 1945 1418 2009 fecerant.
1514 1946 1687 2010 Cum

495 2043 718 2097 autem
781 2054 900 2116 per
942 2053 1058 2096 eos
1111 2031 1278 2096 fides
1328 2031 1572 2097 Christi
1621 2033 1687 2095 in

493 2121 792 2184 omnium
827 2130 1084 2184 mentes
1113 2129 1472 2184 cresceret:
1507 2119 1690 2184 Nero

493 2206 804 2272 instinctu
867 2209 1163 2290 symonis
1217 2208 1396 2289 magi
1457 2208 1689 2271 adver-

494 2296 622 2358 sari
651 2296 830 2378 cepit
861 2295 1195 2377 apostolis.
1288 2295 1424 2360 Sed
1464 2305 1690 2376 petrus

492 2383 834 2466 apostolus
856 2383 1186 2446 vanitates
1218 2383 1516 2464 symonis
1549 2403 1689 2446 ma-

491 2473 560 2553 gi
621 2481 691 2535 et
735 2469 994 2554 flagicia
1053 2471 1358 2534 universa
1410 2472 1689 2535 detexit.

491 2559 607 2623 Re.
655 2560 912 2642 Symon
959 2568 1146 2641 petre
1191 2568 1554 2640 antequam
1602 2559 1689 2622 de

491 2648 644 2711 navi
674 2667 980 2712 vocarem
1013 2655 1079 2711 te
1109 2648 1265 2710 novi
1293 2656 1364 2710 te
1397 2667 1412 2711 :
1467 2655 1536 2711 et
1581 2667 1691 2710 su-

492 2755 610 2818 per
641 2736 902 2817 plebem
954 2755 1172 2798 meam
1224 2733 1588 2818 principem
1621 2746 1689 2798 te

492 2823 818 2888 constitui.
915 2823 1005 2886 Et
1051 2823 1268 2888 claves
1299 2822 1482 2904 regni
1514 2822 1686 2886 celo·

493 2931 634 2974 rum
671 2912 911 2975 tradidi
943 2911 1082 2975 tibi.
1144 2927 1192 2996 γ
1223 2909 1688 2992 Quodcunque

490 2998 794 3081 ligaveris
824 3020 1020 3082 super
1051 3008 1291 3062 terram
1317 3019 1332 3062 :
1370 2999 1493 3060 erit
1523 2997 1687 3079 liga-

489 3097 634 3151 tum
685 3097 752 3152 et
805 3089 874 3150 in
922 3087 1094 3152 celis.
1129 3097 1196 3150 et
1240 3087 1687 3170 quodcunque

489 3175 762 3239 solveris
791 3195 988 3257 super
1017 3183 1300 3238 terram:
1347 3176 1469 3237 erit
1509 3173 1685 3238 solu-

489 3272 632 3327 tum
665 3273 733 3327 et
767 3264 831 3326 in
863 3263 1040 3327 celis,
1119 3263 1214 3326 Et
1243 3263 1465 3326 claves
1498 3263 1685 3344 regni

489 3352 798 3415 celorum.
1375 3350 1587 3415 Lectio
1618 3351 1688 3433 ᾔ.

483 3439 943 3570 Defunctus
989 3447 1214 3502 autem
1266 3448 1407 3502 erat
1449 3439 1687 3502 eodem

641 3537 941 3607 tempore
1003 3525 1388 3589 adolescens
1449 3526 1688 3590 nobilis

486 3615 898 3696 propinquus
957 3613 1215 3676 cesaris.
1307 3612 1478 3677 Cum
1539 3615 1687 3676 uni-

483 3721 823 3765 versorum
848 3700 1076 3765 dolore
1102 3719 1531 3764 ammonuere
1546 3700 1685 3782 ple-

434 3782 440 3790 ’
485 3789 670 3872 rique
701 3789 840 3852 fore
885 3788 1409 3870 experiendum:
1456 3798 1681 3852 utrum

483 3877 695 3962 possit
827 3877 1202 3940 resuscitari
1253 3897 1269 3940 ε
1393 3875 1682 3941 celeber-

481 3967 687 4029 rimus
753 3965 820 4028 in
883 3965 1012 4028 hiis
1071 3963 1380 4046 operibus
1457 3975 1682 4046 petrus

477 4053 897 4118 habebatur:
943 4053 1058 4116 sed
1111 4052 1288 4135 apud
1344 4052 1678 4134 gentiles:

479 4143 664 4208 nulla
739 4142 896 4207 facti
977 4139 1174 4222 hujus
1263 4141 1681 4204 deserebatur

477 4229 662 4296 fides,
754 4231 968 4294 Dolor
1023 4228 1281 4312 exigit¹
1331 4231 1676 4294 medicum.

479 4319 855 4384 Perrectum
886 4327 988 4382 est
1019 4317 1152 4381 ad⁸
1181 4325 1463 4400 petrum.
1566 4317 1680 4381 Re.

575 4467 589 4498 ¹
625 4465 866 4516 exultavit
894 4484 907 4514 ε
941 4465 1009 4515 N.
1315 4467 1336 4497 ²
1369 4465 1573 4528 exegit:
1611 4463 1663 4514 S.

2305 347 2465 404 350

1794 452 1869 518 Si
1902 451 2128 535 diligis
2158 471 2268 516 me
2296 473 2537 537 symon
2584 461 2775 536 petre
2802 471 2987 536 pasce

1792 561 1955 604 oves
2014 559 2241 605 meas:
2298 542 2574 605 domine
2634 551 2709 605 tu
2772 543 2941 604 nosti
2972 563 2984 603 :

1792 629 1954 710 quia
1984 647 2139 692 amo
2168 638 2259 693 te.
2326 629 2419 693 Et
2450 631 2749 693 animam
2780 649 2985 692 mmm

1792 735 1977 798 pono
2008 735 2130 798 pro
2160 725 2247 780 te.
2338 733 2386 802 γ
2418 717 2512 780 Et
2540 719 2598 779 si
2630 719 2989 799 oportuerit

1792 823 1903 867 me
1934 805 2102 868 mori
2135 813 2357 868 tecum
2386 827 2401 870 :
2448 824 2583 868 non
2615 814 2685 868 te
2718 805 2985 886 negabo.
3050 813 3052 844 ³

1794 891 1886 955 Et
1910 893 2222 956 animam.

2535 893 2755 956 Lectio
2782 892 2989 956 τηλία.
3050 897 3052 926 ³

1788 981 2107 1110 Fuere
2146 980 2349 1043 etiam
2404 980 2679 1062 quidam
2728 981 2849 1062 qui
2894 1000 2989 1060 sy-
3049 1053 3052 1072 Ι

1951 1088 2221 1132 monem
2270 1069 2764 1132 accersiendum
2806 1076 2989 1150 puta·
3050 1081 3052 1088 ·

1792 1165 1966 1218 rent:
1998 1164 2068 1219 et
2099 1165 2377 1238 uterque
2406 1156 2757 1220 affuerunt.
2804 1155 2991 1218 Tunc

1790 1242 1886 1306 ait
1940 1252 2166 1325 petrus
2218 1243 2524 1326 symoni:
2568 1253 2647 1308 ut
2676 1244 2735 1307 si
2766 1253 2991 1325 posset

1792 1339 2129 1394 mortuum
2203 1333 2569 1396 suscitaret.
2688 1331 2991 1396 Accessit

1788 1438 2027 1500 symon
2050 1419 2136 1482 ad
2157 1418 2509 1483 lectulum⁴
2534 1419 2837 1483 defuncti
2862 1441 2879 1484 ε
2902 1420 2989 1482 in-

1790 1515 2059 1570 cantare
2102 1516 2303 1589 atque
2348 1507 2861 1571 immurmurare
2888 1527 2987 1570 ce-

1788 1593 1907 1675 pit.
1995 1593 2196 1658 Visus
2226 1603 2330 1659 est
2358 1595 2614 1677 agitare
2644 1604 2855 1678 caput
2884 1595 2987 1678 qui

1788 1691 2089 1745 mortuus
2146 1692 2305 1746 erat.
2346 1689 2359 1698 “
2428 1682 2703 1748 Clamor
2760 1684 2987 1766 ingens

1786 1769 2135 1850 gentilium
2196 1769 2523 1834 attollitur
2596 1772 2777 1852 quod
2852 1772 2985 1853 jam

1786 1857 2036 1919 viveret
2058 1859 2239 1940 quod
2268 1857 2409 1938 jam
2437 1858 2819 1940 loqueretur
2838 1879 2981 1922 cum

1788 1963 2085 2025 symone.
2181 1945 2292 2007 Ira
2320 1955 2387 2008 et
2420 1947 2795 2028 indignatio
2850 1967 2985 2010 esse

1786 2033 1965 2113 cepit
1990 2032 2055 2094 in
2089 2041 2351 2114 petrum
2385 2035 2567 2115 quod
2588 2055 2787 2097 ausus
2818 2043 2983 2098 esset

1788 2119 2083 2182 conferre
2114 2139 2185 2182 se
2216 2128 2402 2184 tante
2432 2122 2769 2202 potestati.
2874 2121 2979 2184 Re.

1790 2205 1897 2269 Tu
1928 2227 2001 2270 es
2032 2215 2258 2288 petrus
2304 2216 2376 2271 et
2427 2227 2627 2288 super
2676 2208 2853 2271 hanc
2876 2230 2979 2290 pe·

1789 2302 1963 2357 tram
1996 2293 2321 2358 edificabo
2352 2295 2699 2359 ecclesiam
2734 2316 2978 2359 meam:

1788 2391 1859 2444 et
1888 2391 2077 2464 porte
2124 2382 2312 2445 inseri
2368 2403 2503 2446 non
2553 2383 2983 2466 prevalebunt

1788 2469 2103 2533 adversus
2162 2491 2331 2534 eam.
2447 2470 2539 2534 Et
2615 2471 2735 2535 tibi
2812 2471 2981 2534 dabo

1788 2556 2008 2621 claves
2039 2558 2224 2638 regni
2254 2557 2567 2622 celorum.
2661 2576 2709 2645 γ
2756 2559 2980 2642 Quod-

1786 2665 2049 2745 cunque
2110 2645 2429 2728 ligaveris,
2478 2656 2555 2709 ut
2598 2658 2801 2728 supra
2839 2657 2985 2728 post

1774 2733 2071 2814 primum
2118 2733 2597 2816 responsorium
2695 2734 2789 2798 Et
2846 2735 2981 2798 tibi.

1788 2819 2017 2886 Gloria
2048 2822 2237 2905 patri.
2299 2821 2391 2885 Et
2421 2821 2561 2885 tibi.
2608 2821 2693 2884 In
2722 2822 2982 2886 secundo

1781 2918 2089 2972 nocturno
2159 2929 2267 2972 an.
2378 2909 2661 2973 Factum
2740 2918 2843 2973 est
2912 2919 2979 2972 ut

1784 2997 2073 3078 quedam
2090 2996 2416 3078 discipula
2440 2999 2710 3060 nomine
2732 2997 2979 3060 thabita

1784 3084 1984 3167 plena
2028 3084 2337 3166 operibus
2382 3085 2574 3149 bonis
2624 3094 2695 3149 et
2744 3087 2977 3149 elemo-

1784 3173 1947 3236 sinis
1979 3171 2313 3236 infirmata
2359 3182 2742 3237 moreretur.
2790 3174 2976 3236 mise-

1786 3269 1941 3324 runt
1971 3269 2197 3324 autem
2228 3261 2535 3344 discipuli
2588 3261 2677 3324 ad
2723 3271 2975 3343 petrum

1788 3357 2097 3431 rogantes
2128 3368 2210 3412 ne
2242 3349 2572 3430 pigriteris
2602 3350 2828 3414 venire
2878 3369 2973 3411 us·

1787 3457 1918 3520 que
1948 3436 2034 3500 ad
2066 3457 2206 3500 nos
2281 3445 2383 3517 pf.
2432 3436 2689 3502 Omnes
2734 3447 2973 3519 gentes.
3041 3483 3044 3528 ÷

1785 3525 1919 3588 Αῆ.
1985 3523 2412 3588 Adveniente
2465 3534 2659 3606 petro
2734 3527 2971 3589 circun-

1783 3621 2113 3676 steterunt
2202 3611 2387 3674 illum
2478 3632 2715 3676 omnes
2786 3613 2969 3676 vidue
3042 3609 3044 3614 ’

1784 3700 2017 3764 flentes
2049 3710 2118 3763 et
2147 3699 2578 3764 ostendentes
2622 3701 2881 3764 tunicas
2906 3709 2967 3762 et
3041 3759 3044 3774 ,

1781 3797 1999 3852 vestes
2031 3807 2198 3871 quas
2240 3787 2525 3851 faciebat
2572 3787 2701 3850 illis
2734 3789 2965 3852 dorcas

1770 3885 1867 3956 pf.
1918 3876 2185 3939 Exaudi
2232 3875 2397 3939 deus
2428 3875 2965 3959 deprecationem.

1778 3964 1913 4027 Αῆ.
1970 3965 2233 4027 Ponens
2292 3973 2520 4046 petrus
2582 3985 2808 4046 genua
2862 3982 2965 4026 sua

1779 4053 1990 4115 oravit
2052 4060 2121 4115 et
2179 4071 2535 4115 conversus
2596 4051 2687 4114 ad
2750 4069 2964 4134 corpus

1779 4139 1957 4204 dixit
2019 4139 2321 4203 thabita:
2410 4159 2653 4222 surge:
2731 4150 2801 4204 at
2870 4138 2963 4201 illa

1780 4227 2037 4310 aperuit
2070 4227 2296 4291 oculos
2321 4235 2387 4290 et
2418 4227 2563 4290 viso
2594 4237 2788 4310 petro
2818 4245 2957 4289 rese·

1782 4317 1880 4380 dit
1929 4316 2231 4399 dansque
2280 4315 2373 4379 illi
2436 4335 2715 4379 manum
2774 4315 2958 4378 erexit

1886 4465 1906 4495 ⁸
1945 4463 2039 4512 ‘ad
2058 4463 2071 4488 ⁹
2097 4479 2198 4513 om.
2225 4481 2239 4513 z
2276 4463 2329 4513 S.
2526 4465 2548 4494 ⁴
2584 4463 2775 4513 lectum
2800 4481 2812 4514 :
2842 4461 2903 4512 N.
