3117 4959
1494 281 1604 338 IN
1641 281 1915 338 FESTO

990 391 1150 450 638

457 507 815 586 prepotens
863 507 1077 562 esset:
1130 505 1198 561 et
1248 495 1489 560 multas
1538 513 1655 558 na-

456 590 674 654 tiones
705 608 826 652 suo
855 586 1132 669 imperio
1182 585 1568 667 subjugaret
1597 583 1613 620 ¹
1645 605 1660 647 :

457 678 687 741 audita
715 675 912 757 hujus
942 673 1211 756 virginis
1242 673 1419 735 sama
1448 691 1463 734 :
1498 672 1654 734 bea-

456 774 603 829 tum
652 785 725 826 se
770 783 888 846 per
922 763 1147 824 omnia
1179 759 1553 823 fatebatur:
1601 758 1656 821 si

456 853 756 934 predicta
826 851 1015 931 virgo
1100 868 1224 912 suo
1312 846 1658 928 unigenito

457 939 893 1021 copularetur.
979 936 1257 1017 Juvenis
1308 935 1511 998 etiam
1567 931 1654 996 ad

456 1026 586 1091 hoc
626 1025 909 1089 multum
956 1024 1281 1087 estuabat.
1372 1022 1657 1085 Mittunt

458 1115 657 1197 igitur
674 1112 976 1176 solennes
997 1112 1271 1175 nuncios
1289 1109 1375 1173 ad
1398 1118 1656 1190 patrem

456 1202 727 1284 virginis
760 1200 1020 1282 magnis
1065 1197 1609 1282 promissionibus
1633 1196 1659 1232 ²

456 1288 805 1354 blandiciis
864 1307 1143 1368 magnas
1172 1287 1199 1323 ⁸
1270 1284 1656 1366 adjicientes

458 1377 671 1441 minas
707 1399 723 1441 τ
790 1375 845 1438 si
906 1376 991 1438 ad
1052 1373 1399 1436 dominum
1459 1393 1654 1435 suum

456 1466 647 1530 vacui
700 1471 1125 1528 revertantur.
1219 1461 1374 1523 Rex
1427 1468 1654 1523 autem

457 1562 649 1637 pater
737 1550 957 1633 puelle
1030 1549 1207 1632 cepit
1295 1547 1654 1631 plurimum

458 1641 756 1706 anxiari:
808 1649 953 1702 tum
1014 1639 1171 1720 quia
1219 1635 1349 1698 fide
1406 1634 1654 1699 Christi

457 1730 839 1811 insignitam
884 1725 1119 1789 cultori
1165 1722 1491 1786 idolorum
1522 1731 1658 1786 tra-

455 1819 613 1881 dere
686 1815 1031 1897 indignum
1100 1811 1369 1875 duceret
1403 1831 1417 1874 :
1509 1818 1654 1873 tum

456 1907 613 1988 quia
708 1905 920 1986 ipsam
1021 1899 1399 1963 nullatenus
1496 1917 1652 1961 con-

457 1991 701 2057 sentire
744 1995 1175 2072 cognosceret
1211 2008 1226 2051 :
1286 1995 1431 2048 tum
1496 1985 1656 2067 quia

458 2083 629 2162 regis
661 2079 1068 2142 ferocitatem
1114 2073 1474 2158 plurimum
1523 2073 1654 2135 sor-

458 2169 757 2232 midaret.
1332 2160 1545 2224 Lectio
1579 2159 1655 2241 ij.

454 2259 554 2388 l
570 2275 691 2338 psa
752 2261 975 2316 autem
1038 2249 1259 2332 puella
1334 2248 1651 2312 divinitus

568 2341 887 2423 inspirata
917 2339 1087 2421 patri
1120 2336 1326 2400 suasit
1354 2357 1368 2400 :
1400 2344 1475 2398 ut
1506 2355 1652 2416 pre-

456 2431 637 2495 dicto
696 2428 833 2510 regi
894 2439 1233 2490 assensum
1300 2423 1604 2506 preberet
1637 2443 1654 2486 τ

455 2539 535 2582 ea
564 2526 791 2582 tamen
826 2515 1214 2578 conditione
1258 2511 1600 2593 proposita
1635 2531 1651 2575 ε

456 2617 529 2671 ut
560 2607 701 2688 ipse
732 2624 853 2666 rex
882 2621 1034 2666 cum
1060 2609 1249 2683 patre
1272 2599 1501 2662 decem
1520 2599 1652 2661 vir-

454 2696 643 2778 gines
687 2691 1118 2756 'electissimas
1158 2688 1283 2751 sibi
1337 2688 1423 2750 ad
1478 2684 1651 2749 sola-

455 2785 629 2847 cium
662 2781 989 2844 traderet:
1022 2785 1092 2839 et
1114 2785 1254 2839 tam
1286 2774 1411 2837 sibi
1444 2793 1648 2856 quam

456 2872 601 2934 aliis
635 2869 812 2932 mille
841 2865 1125 2946 virgines
1144 2863 1550 2944 assignaret:
1583 2871 1652 2926 et

454 2957 855 3040 comparatis
877 2953 1180 3018 trieribus
1212 2950 1507 3014 inducias
1538 2949 1652 3012 tri-

454 3047 631 3111 ennii
652 3045 775 3108 sibi
799 3043 1035 3108 darent
1054 3041 1137 3104 ad
1158 3039 1649 3103 dedicationem

454 3155 572 3198 sue
610 3130 1048 3214 virginitatis:
1096 3136 1162 3191 et
1210 3127 1349 3209 ipse
1389 3125 1651 3208 juvenis

452 3222 827 3304 baptizatus
856 3241 870 3282 ε
903 3218 968 3280 in
987 3216 1089 3279 his
1120 3214 1329 3279 tribus
1360 3213 1551 3277 annis
1585 3214 1650 3276 in

453 3309 1035 3373 fideinstrueretur.
1064 3303 1363 3384 Sapienti
1379 3302 1650 3384 quidem

452 3418 575 3460 usa
603 3394 877 3459 consilio
906 3414 920 3457 :
967 3401 1042 3455 ut
1073 3391 1227 3454 aut⁴
1262 3390 1650 3453 difficultate

452 3483 792 3567 proposite
864 3477 1263 3542 conditionis
1350 3478 1648 3540 animum

452 3573 594 3653 ejus
627 3569 713 3632 ab
743 3568 867 3630 hoc
912 3565 1315 3630 averteret⁵:
1361 3573 1479 3627 aut
1524 3565 1650 3628 hac

451 3657 951 3742 opportunitate
982 3653 1312 3734 predictas
1360 3652 1650 3733 virgines

451 3765 676 3811 secum
699 3741 863 3807 deo⁶
887 3741 1241 3806 dedicaret.
1304 3739 1402 3802 At
1420 3737 1445 3778 '¹
1460 3741 1649 3820 juve-

452 3837 555 3902 nis
575 3835 855 3899 libenter
876 3830 1001 3894 hac
1022 3827 1400 3893 conditione
1416 3847 1646 3909 accep-

450 3937 525 3992 ta
554 3925 733 4009 apud
766 3931 1023 4008 patrem
1058 3916 1337 3982 institit:
1382 3925 1451 3978 et
1496 3935 1649 3997 pro-

450 4016 629 4079 tinus
648 4012 1022 4093 baptizatus
1042 4004 1386 4072 accelerari
1406 4011 1650 4066 cuncta

451 4122 582 4185 que
631 4099 828 4163 beata
873 4097 1059 4178 virgo
1108 4095 1389 4178 petierat
1438 4091 1650 4173 impe-

450 4187 663 4253 travit.
1306 4179 1518 4244 Lectio
1550 4179 1648 4262 ig'j.

718 4343 731 4373 ¹
768 4341 1067 4405 subjugare:
1104 4341 1157 4392 S.

716 4411 735 4439 ⁴
775 4413 859 4456 ‘ut
884 4407 1003 4455 aut’
1028 4422 1156 4456 om.=
1180 4407 1233 4456 S.

1108 4473 1127 4500 ¹
1160 4471 1242 4517 Ad
1269 4488 1282 4519 =
1318 4471 1368 4518 S.

1573 4339 1595 4370 ²
1630 4338 1741 4389 ‘et'
1764 4339 1896 4389 add:
1931 4339 1998 4391 N.

1573 4409 1594 4436 ⁸
1625 4407 1940 4456 adverteret:
1976 4405 2029 4455 S.

2264 390 2418 447 634

1755 495 2063 626 Pater
2091 506 2314 560 autem
2360 493 2594 578 puelle
2641 493 2996 558 ordinavit

1918 593 1990 647 ut
2023 582 2159 646 filia
2189 605 2310 647 sua
2339 604 2544 667 quam
2579 583 2804 646 valde
2851 583 2998 646 dili-

1755 671 1959 752 gebat
1986 672 2199 735 :viros
2229 691 2514 753 quorum
2547 669 2826 734 solatio
2855 681 2996 734 tam

1756 758 1900 840 ipsa
1931 779 2132 840 quam
2163 760 2308 841 ejus
2338 759 2694 823 exercitus
2731 759 3000 841 indige-

1753 846 1872 910 bat
1947 847 2014 910 in
2089 848 2410 911 comitatu
2483 867 2616 910 suo
2681 846 3002 910 haberet.

1759 934 1974 1015 Igitur
2061 935 2423 1017 virginibus
2506 935 2854 998 trieribus
2931 945 3000 998 et

1754 1022 2131 1104 sumptibus
2206 1023 2580 1105 preparatis
2611 1044 2628 1086 τ
2701 1024 2994 1086 tandem

1756 1129 1906 1173 cum
1939 1109 2166 1173 ursula
2207 1130 2440 1173 omnes
2473 1110 2562 1173 ad
2601 1109 2836 1174 fidem
2869 1113 2997 1173 vir-

1755 1197 1945 1278 gines
1977 1198 2408 1261 convertisset
2439 1197 2570 1260 sub
2605 1199 2830 1261 unius
2861 1200 2994 1262 diei

1755 1285 1982 1366 spacio
2027 1295 2249 1349 stante
2293 1305 2618 1367 prospero
2645 1297 2879 1349 vento
2909 1287 2994 1349 ad

1755 1382 2022 1455 portum
2052 1372 2256 1454 gallie
2287 1373 2465 1454 quod
2501 1371 2702 1436 riella
2737 1375 2996 1439 dicitur

1753 1469 1822 1523 et
1875 1461 2030 1523 inde
2076 1461 2406 1523 coloniam
2454 1473 2827 1526 venerunt.
2877 1463 2992 1526 ubi

1755 1546 1976 1610 ursule
2007 1548 2282 1630 angelus
2315 1548 2572 1611 domini
2608 1552 2988 1632 apparuit:

1753 1644 1821 1698 et
1852 1635 2144 1717 predixit
2189 1655 2302 1697 eas
2347 1635 2502 1698 illuc
2545 1637 2840 1718 integro
2871 1659 2988 1701 nu-

1755 1743 1937 1785 mero
2012 1733 2379 1786 reversuras
2427 1744 2442 1787 z
2533 1733 2608 1788 et
2689 1745 2988 1789 coronas

1752 1810 1996 1873 ibidem
2019 1811 2316 1893 martyrii
2335 1821 2804 1893 percepturas,
2875 1815 2990 1876 In-

1753 1898 1838 1960 de
1858 1899 2056 1980 igitur
2074 1899 2159 1963 ad
2181 1899 2399 1980 angeli
2425 1899 2988 1964 admonitionem

1753 2005 2008 2049 romam
2084 1985 2476 2050 tendentes:
2555 1987 2647 2050 ad
2735 1991 2986 2053 urbem

1751 2073 2094 2136 basilicam
2155 2073 2658 2156 applicuerunt:
2731 2087 2808 2140 et
2863 2079 2990 2140 ibi-

1751 2161 1907 2223 dem
1938 2160 2181 2224 relictis
2227 2162 2504 2225 navibus
2551 2183 2832 2227 romam
2867 2187 2986 2248 pe-

1751 2249 2005 2312 destres
2034 2258 2372 2313 venerunt.
2421 2249 2650 2312 Medic
2669 2252 2988 2316 lectiones

1749 2335 1832 2398 de
1876 2345 2094 2398 sancto
2154 2337 2238 2398 H
2231 2337 2532 2399 illarione
2589 2341 2983 2419 confes-sore.

1749 2423 2194 2554 Habebat
2218 2425 2528 2488 dominus
2547 2425 2618 2488 in
2641 2425 2824 2508 [Lec.
2855 2429 2983 2511 iiaej.

1949 2520 2203 2593 egypto
2259 2531 2488 2575 senem
2552 2516 2932 2581 antonium
2967 2539 2986 2582 ε

1751 2599 1818 2661 in
1879 2599 2206 2681 palestina
2265 2599 2690 2664 hillarionem
2745 2604 2986 2683 junio-

1749 2707 1904 2751 rem.
1939 2687 2252 2769 Quadam
2273 2697 2496 2750 autem
2517 2689 2628 2751 die
2647 2689 2982 2756 hillarion

1751 2795 2052 2856 egressus
2069 2775 2394 2840 ortulum:
2424 2776 2594 2840 vidit
2613 2777 2982 2844 hominem

1751 2863 1818 2925 in
1839 2871 1984 2926 toto
1997 2883 2270 2945 corpore
2289 2863 2715 2946 paraliticum
2737 2867 2982 2946 jacen-

1751 2959 1886 3013 tem
1938 2959 2094 3014 ante
2127 2949 2316 3014 fores,
2407 2951 2542 3034 Qui
2597 2973 2774 3017 mox
2835 2957 2980 3020 col-

1749 3037 2170 3120 lachrymans
2193 3049 2610 3122 tangensque
2640 3041 2980 3125 adjacen-

1751 3135 1888 3188 tem
1950 3145 2220 3189 manum
2256 3148 2270 3190 :
2315 3128 2426 3191 ait.
2539 3128 2620 3191 In
2687 3133 2976 3196 nomine

1751 3214 2005 3277 domini
2036 3215 2242 3277 nostri
2275 3215 2432 3295 Jesu
2467 3215 2718 3280 Christi
2763 3240 2974 3304 surge

1749 3310 1817 3365 et
1846 3302 2132 3365 ambula.
2207 3303 2380 3366 Mira
2407 3303 2752 3368 velocitas.
2819 3309 2974 3372 Ad-

1749 3389 1878 3453 huc
1896 3390 2097 3453 verba
2128 3389 2195 3452 in
2227 3409 2341 3453 ore
2373 3391 2708 3472 loquentis
2735 3397 2968 3460 volve-

1745 3477 2025 3542 bantur:
2071 3487 2140 3541 et
2186 3479 2485 3541 membra
2529 3479 2832 3545 solidata
2881 3485 2966 3547 ad

1747 3566 2062 3630 standum
2092 3563 2433 3629 hominem
2486 3569 2968 3650 surrigebant.⁸

1746 3656 1846 3785 l
1847 3652 2024 3735 gitur
2047 3655 2457 3735 octogesimo
2477 3657 2674 3718 etatis
2701 3657 2886 3740 [Lec.
2909 3681 2966 3724 v.

1849 3761 1965 3804 sue
2017 3754 2211 3804 anno‘
2256 3751 2578 3805 venerunt
2643 3746 2735 3807 ad
2801 3767 2964 3812 eum

1749 3838 2166 3910 egrotantem
2200 3827 2389 3892 multi
2438 3831 2522 3892 de
2567 3833 2807 3914 papho
2841 3837 2964 3899 viri

1749 3917 2032 3998 religiosi
2129 3918 2426 3982 maxime
2515 3921 2698 4000 quod
2799 3943 2959 3988 eum

1746 4004 1999 4068 dixisse
2044 4006 2388 4068 audierant
2429 4005 2570 4087 jam
2603 4028 2678 4070 se
2710 4010 2802 4072 ad
2837 4013 2960 4076 do-

1750 4093 2002 4155 minum
2035 4093 2514 4175 migraturum:
2565 4103 2636 4157 et
2684 4097 2776 4160 de
2817 4120 2958 4163 cor-

1749 4181 1926 4263 poris
1955 4181 2232 4244 vinculis
2265 4180 2704 4248 liberandum.
2805 4187 2954 4250 Hos

2315 4343 2335 4370 ’
2369 4357 2584 4406 magna:
2623 4343 2676 4393 S.

2318 4410 2341 4436 ⁸
2378 4412 2392 4436 ⁸
2410 4409 2508 4456 deo
2526 4409 2538 4430 ’
2563 4425 2668 4459 om.
2694 4426 2708 4460 τ
2749 4412 2806 4462 S.

2005 4475 2028 4502 ⁸
2057 4471 2322 4536 surgebant
2349 4492 2361 4520 :
2401 4471 2540 4523 RN.

3048 4421 3055 4602 ¹

3043 4747 3056 4908 ι
