3117 4959
935 253 1043 308 IN
1080 253 1349 312 FESTO
1394 251 1926 310 SANCTARUM
1965 253 2580 327 RELJQUJARUM.

1040 363 1201 418 629

510 469 576 532 in
611 467 769 551 ipsis
815 467 1152 550 justiciam
1186 467 1522 550 fidemque
1550 487 1708 531 con-

508 558 865 639 spicimus,
850 581 865 596 ·
908 565 1257 638 possumus
1290 575 1411 619 nos
1441 575 1709 637 quoque

508 665 654 708 esse
685 645 864 726 quod
898 654 1095 709 sunt:
1142 645 1196 706 si
1228 643 1549 708 faciamus
1583 644 1708 725 ipsi

510 733 691 815 quod
724 732 1019 796 faciunt.
1082 749 1131 819 γ
1178 731 1407 796 Sancti
1452 733 1552 794 tui
1589 731 1710 794 do-

510 821 704 884 mine
1367 819 1583 883 Lectio
1613 818 1708 901 iij.

506 909 863 1038 Neque
894 906 1071 970 enim
1102 905 1367 971 difficile
1391 907 1584 971 nobis
1607 915 1710 970 est

693 995 871 1077 quod
927 995 1014 1059 ab
1064 995 1223 1078 ipsis
1268 996 1521 1077 geritur
1564 995 1712 1058 imi-

506 1082 670 1147 tari:
712 1103 863 1146 cum
896 1083 1037 1146 sine
1068 1084 1447 1165 precedenti
1477 1103 1710 1147 exem-

506 1171 621 1253 plo
651 1172 739 1234 ab
768 1171 1058 1253 antiquis
1110 1170 1272 1234 talia
1318 1180 1509 1253 gesta
1550 1191 1710 1234 con-

504 1259 823 1341 spicimus
896 1268 971 1322 ut
1046 1278 1179 1321 non
1240 1259 1365 1340 ipsi
1427 1258 1710 1321 aliorum

507 1346 709 1410 emuli
786 1346 1257 1412 redderentur:
1342 1345 1459 1408 sed
1522 1365 1709 1408 emu-

507 1432 709 1498 lande
753 1435 1012 1498 virtutis
1052 1435 1307 1516 seipsos
1338 1433 1529 1496 nobis
1560 1453 1705 1516 pre-

506 1523 741 1585 berent
800 1521 1187 1603 exemplum
1236 1529 1309 1584 ut
1362 1520 1521 1583 dum
1583 1539 1708 1583 nos

507 1630 599 1672 ex
649 1610 808 1692 ipsis
852 1618 923 1673 et
968 1629 1057 1673 ex
1105 1607 1295 1671 nobis
1342 1607 1456 1671 alii
1508 1606 1708 1690 profi·

504 1697 739 1760 ciunt:
804 1697 897 1760 sic
959 1696 1263 1762 Christus
1316 1695 1383 1758 in
1428 1695 1708 1759 ecclesia

506 1804 771 1865 semper
830 1784 897 1847 in
964 1785 1099 1847 suis
1174 1783 1498 1848 laudatur.
1587 1782 1706 1847 Re.

506 1871 850 1952 Justorum
900 1873 1139 1935 anime.
1248 1887 1297 1957 γ
1350 1871 1705 1935 Letamini.

505 1959 593 2023 In
623 1958 891 2021 secundo
920 1968 1241 2022 nocturne.
1332 1957 1549 2022 Lectio
1581 1957 1706 2039 iiij.

506 2047 720 2177 Ab
780 2046 1033 2127 origine
1094 2046 1326 2108 mundi
1387 2047 1708 2109 innocens

674 2133 823 2196 abel
864 2134 1200 2197 occiditur.
1295 2132 1527 2196 Enoch
1580 2133 1708 2196 deo

507 2220 777 2304 placens
808 2219 1212 2284 transfertur.
1301 2221 1533 2302 Justus
1582 2240 1709 2284 noe

508 2309 851 2371 invenitur.
935 2306 1282 2370 Abraham
1316 2307 1527 2370 fidelis
1558 2328 1710 2390 pro-

509 2395 719 2458 batur.
830 2396 1103 2476 Moyses
1163 2405 1549 2458 mansuetus
1609 2396 1711 2458 di·

510 2483 818 2545 noscitur.
906 2483 1102 2564 Jesus
1154 2493 1393 2547 castus
1489 2483 1709 2546 David

510 2569 711 2633 leviS.¹
780 2570 1039 2653 Helyas
1068 2579 1395 2653 acceptus,
1468 2569 1710 2634 Daniel

509 2666 797 2721 sanctus,
932 2659 1099 2722 Tres
1173 2659 1360 2740 pueri
1426 2659 1710 2722 victores

510 2745 891 2810 redduntur.
981 2746 1091 2810 Re.
1142 2745 1371 2810 Sancti
1418 2746 1549 2808 mei
1597 2745 1710 2828 qui

512 2835 579 2896 in
612 2835 759 2897 iste.
1410 2833 1621 2897 Lectio
1650 2854 1708 2898 v.

510 2919 919 3051 Apostoli
966 2920 1207 2985 Christi
1240 2919 1543 3002 discipuli
1575 2940 1712 2984 cre-

678 3008 977 3072 dentium
1023 3009 1320 3092 magistri
1367 3008 1712 3072 habentur.

515 3096 576 3158 E
608 3097 851 3178 quibus
882 3098 1120 3160 eruditi
1146 3096 1551 3160 confessores
1583 3095 1714 3159 sor-

514 3184 769 3248 tissime
813 3193 1149 3267 pugnant:
1198 3193 1520 3266 martyres
1566 3203 1714 3267 per-

512 3270 721 3334 secuti
772 3272 1229 3353 triumphant:
1277 3281 1345 3334 et
1372 3270 1711 3334 christiani

514 3379 777 3440 semper
814 3359 1146 3422 exercitus
1192 3357 1533 3423 diabolum
1583 3360 1713 3422 deo

514 3446 751 3508 armati
797 3445 1151 3509 debellant.
1244 3446 1323 3508 In
1367 3447 1511 3510 istis
1539 3466 1709 3510 sem-

513 3552 633 3614 per
728 3551 919 3613 pares
1010 3533 1285 3596 virtutes
1358 3533 1712 3597 dissimiles

514 3639 739 3702 pugne
771 3629 839 3682 et
883 3618 1168 3702 gloriose
1214 3622 1505 3686 victorie.
1596 3622 1711 3686 Re.

519 3709 599 3772 In
630 3707 921 3771 circuitu.
1391 3709 1605 3773 Lectio
1627 3708 1711 3792 “ls-

534 3798 689 3934 U
698 3796 826 3858 nde
874 3794 1226 3859 christiane
1271 3795 1596 3861 delicatus
1641 3819 1712 3862 es

698 3884 886 3947 miles
914 3905 929 3948 :
960 3885 1016 3947 si
1048 3894 1242 3965 putes
1272 3894 1341 3948 te
1370 3885 1514 3948 sine
1545 3905 1714 3968 pug-

516 3993 603 4036 na
647 3973 949 4037 vincere:
996 3973 1138 4034 sine
1188 3973 1550 4036 certamine
1601 3975 1715 4036 tri-

514 4059 857 4142 umphare.
950 4060 1210 4124 Exere²
1237 4061 1409 4124 vires
1456 4061 1716 4125 sortitu-

514 4149 720 4213 dine:
767 4149 1013 4213 dimica
1071 4149 1475 4211 atrociter⁸:
1530 4149 1716 4229 justa

515 4247 823 4300 concerta
867 4258 882 4299 :
972 4237 1316 4299 considera
1389 4245 1713 4318 pactum:

516 4323 963 4387 conditionem
1056 4323 1330 4388 attende
1408 4323 1715 4388 militiam

650 4469 663 4497 ¹
698 4467 857 4519 lenis:
897 4469 1035 4520 ΚΝ.
1242 4474 1262 4502 ²
1294 4486 1505 4521 exerce:
1544 4472 1684 4523 ΚΝ.

2309 363 2470 419 680

1805 487 2025 533 nosce.
2118 467 2426 550 Denique
2469 465 2818 531 considera
2855 485 2970 550 pre-

1805 566 1998 620 sente
2026 555 2158 620 deo
2187 563 2258 619 te
2291 575 2441 620 cum
2472 554 2670 618 hoste
2692 573 2970 637 pugnare.

1807 644 2020 708 Favet
2065 645 2376 708 dominus
2409 652 2482 706 ut
2509 643 2783 706 vincas:
2829 641 2976 706 favet

1807 741 1884 795 ut
1913 733 2234 796 obtineas.
2299 732 2471 796 Cum
2491 751 2760 814 pugnas
2787 731 2976 794 ades&

1805 839 1956 883 cum
2019 820 2297 883 dimicas
2357 839 2629 902 presens
2685 827 2806 881 est.
2883 817 2976 882 Re.

1805 907 1980 989 Justi
2027 909 2534 990 imperpetuum.
2625 907 2720 970 In
2747 906 2842 986 iij.
2867 926 2980 968 noo-

1806 1005 2000 1058 turno
2064 996 2260 1058 tertia
2319 1003 2426 1059 aii.
2487 995 2612 1058 Isti
2677 1003 2836 1057 sunt
2885 992 2978 1054 viri

1805 1083 2018 1146 sancti
2078 1103 2246 1165 quos
2305 1083 2508 1164 elegit
2567 1081 2878 1145 dominus
2927 1081 2976 1143 in

1805 1171 2130 1235 charitate
2177 1191 2311 1234 non
2363 1169 2520 1234 ficta
2550 1179 2620 1233 et
2651 1170 2842 1233 dedit
2879 1168 2978 1230 illis

1803 1258 2084 1338 gloriam
2159 1259 2640 1340 sempiternam
2733 1273 2978 1339 quorum

1805 1347 2109 1410 doctrina
2152 1346 2366 1428 fulget
2411 1345 2698 1408 ecclesia
2728 1354 2803 1407 ut
2829 1343 2980 1405 sole*

1805 1432 1981 1498 luna.
2077 1443 2179 1515 ps.
2273 1434 2600 1497 Exultate
2671 1431 2852 1514 justi.
2945 1447 2980 1515 γ

1804 1522 2146 1603 Justorum
2207 1521 2446 1584 anime.
2567 1520 2632 1582 T
2625 1539 2736 1582 res
2789 1517 2982 1580 ultim

1803 1609 2092 1672 lectiones
2135 1607 2216 1670 de
2263 1606 2656 1690 expositione
2695 1603 2982 1687 evangelii

1807 1695 2237 1759 Descendens
2270 1696 2466 1777 Jesus
2510 1696 2598 1757 de
2645 1703 2888 1758 monte.
2923 1701 2981 1754 ut

1806 1783 1877 1846 in
1905 1783 2236 1846 communi
2262 1783 2718 1865 plurimorum
2771 1791 2980 1860 maro·-

1805 1891 1975 1935 rum.
2087 1870 2454 1952 Σφίίηηιηι
2504 1869 2979 1951 Responson'unt

1811 1959 1932 2022 Isti
1993 1968 2148 2022 sunt
2191 1959 2312 2021 viri
2357 1959 2586 2022 sancti.
2691 1956 2892 2036 Quere
2925 1955 2982 2015 in

1807 2046 2133 2109 communi
2178 2045 2624 2127 plurimorum
2703 2044 2981 2124 confesso·

1809 2154 1960 2196 rum
2003 2153 2148 2196 cum
2191 2132 2437 2198 duobus
2473 2131 2886 2214 responsoriis
2905 2149 2980 2192 se-

1807 2220 2160 2303 quentibus.
2257 2221 2576 2283 Octavum
2605 2220 2726 2284 Re.
2777 2220 2830 2282 F
2831 2217 2976 2298 ulge-

1808 2309 1976 2372 bunt
2046 2307 2225 2390 justi.
2317 2309 2587 2371 Nonum
2653 2307 2772 2370 Re.
2859 2305 2978 2370 Sint

1811 2396 2018 2460 lumbi
2056 2396 2272 2459 vestri.
2348 2403 2450 2476 ps.
2505 2395 2606 2458 Te
2654 2396 2869 2458 deum.
2941 2408 2978 2474 y

1813 2484 2240 2547 Exultabunt
2271 2483 2504 2546 sancti.
2577 2482 2670 2545 In
2701 2481 2869 2547 laud.
2895 2487 2978 2541 ari.

1809 2572 2115 2704 Sancti
2141 2591 2258 2654 per
2275 2570 2478 2635 fidem
2497 2571 2980 2650 viceruntregm

1941 2659 2197 2741 operati
2217 2668 2372 2723 sunt
2393 2679 2408 2722 :
2423 2657 2766 2739 justiciam
2791 2655 2978 2736 adepti

1811 2755 1966 2810 sunt
1999 2746 2482 2828 promissiones
2527 2753 2630 2827 ps.
2685 2745 2978 2808 Dominus

1811 2835 2128 2916 regnavit.
2275 2835 2409 2897 Aa.
2502 2833 2781 2896 Reddet
2847 2831 2976 2894 deus

1813 2922 2184 2986 mercedem
2253 2920 2554 2985 laborum
2627 2929 2974 2985 sanctorum

1811 3029 2080 3072 suorum
2134 3018 2203 3072 et
2255 3009 2542 3073 deducet
2592 3007 2753 3072 illos
2794 3007 2857 3070 in
2895 3006 2974 3067 via

1815 3096 2112 3160 mirabili.
2238 3106 2342 3179 ps.
2430 3096 2748 3179 Jubilate.
2871 3093 2972 3157 Aa.

1815 3185 2044 3249 Sancti
2105 3183 2220 3267 qui
2281 3193 2554 3266 sperant
2610 3183 2684 3246 in
2747 3181 2971 3247 domino

1813 3272 2159 3336 habebunt
2232 3271 2698 3335 fortitudinem
2751 3291 2767 3334 :
2827 3287 2970 3332 assu·

1815 3367 2002 3423 ment
2018 3379 2272 3442 pennas
2305 3368 2380 3422 ut
2410 3358 2628 3441 aquile
2651 3359 2968 3422 volabunt:

1813 3457 1881 3510 et
1912 3468 2047 3510 non
2079 3447 2407 3511 deficient.
2480 3455 2582 3527 ps.
2627 3447 2822 3510 Deus
2847 3445 2969 3508 deus

1814 3555 2016 3598 meuS.
2107 3538 2240 3599 Αῇ.
2288 3535 2464 3618 Justi
2513 3543 2746 3598 autem
2777 3535 2970 3614 impes-

1813 3632 2090 3705 petuum
2138 3623 2410 3688 vivent:
2452 3631 2522 3686 et
2569 3623 2757 3705 apud
2801 3617 2968 3686 domi-

1815 3731 1974 3774 num
2005 3719 2108 3774 est
2139 3731 2389 3774 merces
2419 3730 2668 3774 eorum.
2749 3707 2966 3792 pene

1812 3799 2112 3863 nedicite.
2202 3800 2336 3862 Αῆ.
2416 3798 2776 3863 Certamen
2825 3812 2968 3874 mag·

1815 3906 1974 3950 num
1998 3886 2374 3950 habuerunt
2396 3887 2610 3950 sancti
2628 3887 2777 3949 dei:
2805 3895 2968 3948 trans-

1814 3975 2030 4039 ierunt
2089 3993 2205 4056 per
2272 3973 2498 4055 ignem
2539 3983 2609 4036 et
2655 3991 2886 4056 aquam
2917 3975 2966 4028 et

1813 4063 1977 4126 salvi
2009 4061 2165 4125 facti
2196 4071 2355 4125 sunt
2400 4071 2470 4125 et
2511 4081 2792 4125 coronas
2827 4075 2964 4122 acce·

1815 4158 2056 4233 perunt
2089 4171 2130 4213 a
2161 4149 2438 4213 domino
2468 4150 2614 4213 deo,
2692 4159 2792 4232 ps.
2835 4147 2962 4210 Lau·

1814 4240 1989 4302 date.
2071 4235 2218 4320 Cap.
2255 4239 2526 4302 Reddet
2555 4238 2740 4301 deus.
2803 4234 2960 4313 Hym-

1819 4345 1942 4388 nus
2055 4326 2210 4388 Rex
2284 4324 2591 4407 gloriose.
2711 4343 2758 4396 γ
2835 4315 2956 4404 Justi

1883 4472 2227 4522 ⁸attrociter:
2265 4473 2329 4522 R.
2539 4479 2556 4505 ⁴
2591 4473 2772 4524 solet:
2805 4471 2859 4521 N.
