3117 4959
996 260 1058 314 S.
1112 257 1441 316 CECILIE
1498 257 1878 316 VIRGINIS.

708 365 855 420 707

181 469 335 534 Hec
403 467 810 534 valerianum
874 471 1211 553 quendam
1272 471 1381 554 ju-

176 577 417 620 venem
478 558 773 622 habebat
824 579 1189 641 sponsum:
1235 559 1381 642 qui-

176 665 309 726 que
358 645 537 708 diem
590 647 937 711 constituit
980 647 1379 730 nuptiarum.

181 733 433 798 Cecilia
478 753 637 798 vero
683 734 921 799 subtus
971 737 1059 799 ad
1112 755 1379 800 carnem

179 821 393 885 cilicio
414 822 685 886 induta:
731 822 1018 905 desuper
1044 822 1381 886 deauratis

178 909 479 973 vestibus
523 909 891 992 tegebatur.
981 909 1164 993 Quid
1210 910 1383 974 mul-

178 997 297 1060 ta?
372 996 579 1062 Venit
606 998 749 1061 dies
780 999 847 1061 in
880 1017 1013 1081 qua
1042 997 1379 1062 thalamus

179 1083 545 1149 collocatus
574 1095 711 1150 est:
742 1094 811 1150 et
834 1087 1257 1151 cantantibus
1276 1105 1381 1150 or·

172 1173 373 1254 ganis
416 1172 644 1238 cecilia
672 1173 947 1238 domino
978 1173 1381 1239 decantabat

172 1260 448 1327 dicens:
480 1260 633 1325 Fiat
662 1280 777 1325 cor
806 1281 1031 1326 meum
1049 1270 1120 1326 et
1140 1281 1380 1344 corpus

174 1367 404 1412 meum
495 1347 1047 1415 immaculatum:
1108 1357 1185 1413 ut
1242 1366 1377 1414 non

171 1436 565 1501 confundar.
700 1437 817 1502 Re.
933 1437 1378 1503 Cantantibus

168 1525 445 1606 organis
503 1523 731 1589 cecilia
786 1525 974 1607 virgo
1034 1525 1103 1588 in
1176 1525 1379 1589 corde

169 1631 303 1675 suo
332 1611 455 1676 soli
502 1613 779 1677 domino
824 1613 1230 1678 decantabat
1279 1613 1378 1676 di-

169 1719 337 1764 cens
364 1719 379 1763 :
426 1699 579 1764 Fiat
610 1700 879 1764 domine
908 1721 1023 1764 cor
1053 1720 1276 1764 meum
1306 1709 1379 1764 et

168 1807 419 1870 corpus
448 1807 675 1852 meum
707 1788 1255 1853 immaculatum:
1300 1797 1378 1852 ut

168 1895 312 1939 non
362 1875 744 1940 confundar.
832 1892 881 1960 γ
928 1876 1247 1940 Biduanis
1297 1895 1376 1940 ac

164 1964 499 2028 triduanis
522 1963 791 2046 jejuniis
820 1983 1017 2028 orans
1038 1983 1379 2027 commen-

166 2052 387 2116 dabat
414 2051 691 2116 domino
720 2052 903 2134 quod
948 2052 1231 2116 timebat
1277 2051 1374 2115 di-

166 2159 334 2204 cens
396 2140 549 2203 Fiat
606 2139 886 2204 domino
944 2159 1060 2204 cor
1132 2159 1375 2204 meum.

180 2228 537 2362 Cunque
559 2227 705 2308 ipsa
719 2248 873 2291 cum
904 2247 1153 2310 sponso
1180 2227 1280 2312 [L.
1307 2228 1376 2311 ᾔ.

312 2335 435 2379 suo
458 2316 529 2378 in
544 2315 923 2380 cubiculum
948 2316 1221 2380 intraret
1244 2316 1377 2380 :ita

166 2422 331 2467 eum
365 2402 761 2485 alloquitur:
809 2403 873 2468 Ο
919 2404 1376 2468 amantissime

162 2491 477 2574 juvenis:
521 2499 625 2555 est
652 2500 979 2556 secretum
1011 2492 1191 2573 quod
1207 2492 1225 2529 ¹
1256 2491 1380 2554 tibi

162 2577 510 2644 confiteor.
598 2578 943 2660 Angelum
996 2579 1107 2642 dei
1154 2577 1375 2643 habeo

175 2675 595 2730 amatorem:
641 2668 756 2748 qui
804 2667 1013 2730 nimio
1059 2667 1204 2731 zelo
1234 2687 1380 2732 cus-

167 2755 355 2818 todit
398 2774 635 2836 corpus
666 2773 909 2820 meum.
1004 2755 1140 2818 Hic
1180 2754 1236 2817 si
1270 2774 1377 2818 me

169 2843 405 2906 animo
463 2841 722 2924 polluto
768 2843 1155 2925 contingas:
1202 2842 1377 2906 circa

166 2939 241 2994 te
275 2931 506 2994 statim
536 2931 823 2994 furorem
856 2951 1049 2994 suum
1073 2930 1375 3012 exagita-

171 3017 316 3082 bit:
348 3026 420 3082 et
441 3019 709 3082 amittes
740 3017 971 3082 florem
1002 3028 1117 3083 tue
1141 3018 1377 3100 juven-

166 3107 359 3170 tutiS.
446 3105 841 3171 Valerianus
876 3116 1102 3171 autem
1132 3108 1376 3170 timens

168 3195 391 3259 dixit:
439 3194 739 3260 Ostende
780 3194 943 3258 mihi
996 3195 1213 3277 ipsum
1261 3213 1377 3256 an·

166 3282 448 3365 gelum:
494 3291 567 3346 ut
618 3282 896 3365 probem
950 3293 1171 3346 utrum
1224 3301 1377 3345 vere

168 3369 457 3452 angelus
487 3370 595 3433 dei
626 3371 747 3434 sit:
792 3377 861 3433 et
906 3370 1145 3434 faciam
1194 3368 1376 3451 quod

164 3459 476 3522 hortariS.
558 3458 631 3523 Si
664 3477 821 3521 vero
850 3458 1064 3522 virum
1094 3456 1377 3520 alterum

169 3547 435 3628 diligis:
468 3555 537 3610 et
560 3555 629 3610 te
647 3555 717 3610 et
747 3544 933 3609 illum
966 3545 1376 3610 interficiam.

167 3635 293 3699 Re.
345 3634 409 3699 Ο
463 3633 661 3698 beata
708 3633 979 3698 cecilia:
1025 3653 1156 3715 que
1208 3633 1377 3696 duos

168 3722 415 3787 fratres
474 3722 897 3786 convertisti:
972 3720 1377 3785 almachium

162 3808 469 3892 judicem
587 3810 911 3892 superasti
1024 3809 1375 3874 Urbanum

166 3899 563 3980 episcopum
593 3899 661 3961 in
691 3897 879 3961 vultu
910 3897 1215 3978 angelico
1258 3897 1375 3960 de-

170 3985 581 4050 monstrasti.
654 4002 703 4070 γ
750 3987 959 4049 Beata
988 4005 1059 4048 es
1089 3985 1277 4066 virgo
1306 3992 1377 4048 et

167 4073 499 4156 gloriosa:
518 4082 587 4137 et
607 4073 996 4138 benedictus
1008 4092 1227 4136 sermo
1244 4073 1376 4135 oris

165 4164 290 4225 tui.
326 4161 677 4226 Urbanum
692 4163 1079 4244 episcopum
1100 4163 1167 4224 in
1187 4159 1376 4224 vultu

169 4249 480 4332 angelico
510 4250 997 4314 demonstrasti.
1106 4249 1249 4314 Lec.
1279 4248 1381 4332 iij.

608 4410 621 4440 ¹
656 4423 795 4475 quo:
830 4409 917 4460 W.

1997 367 2148 423 708

1709 479 1782 536 ta
1824 469 2054 537 cecilia
2115 470 2293 536 dixit
2354 470 2442 536 ad
2502 469 2680 537 vale-

1629 559 1928 625 rianum:
1973 560 2122 623 Nisi
2183 558 2414 624 credas
2473 580 2678 623 unum

1478 645 1682 710 deum
1702 667 1848 712 esse
1865 647 2090 712 vivum
2108 657 2178 712 et
2193 668 2423 712 verum
2454 647 2680 730 purifi-

1475 743 1668 798 catus
1685 735 1872 799 fonte
1894 735 2214 818 perhenni
2237 754 2404 800 :non
2431 737 2679 818 poteris

1474 821 1702 886 videre
1720 823 2034 906 angelum
2053 823 2162 886 dei
2184 843 2200 888 :
2231 823 2349 888 sed
2369 843 2570 906 perge
2588 823 2677 886 ad

1476 918 1784 974 sanctum
1853 910 2180 975 urbanum
2246 913 2677 993 episcopum:

1475 1005 1547 1060 et
1601 996 1822 1062 indica
1870 999 1932 1062 ei
1984 999 2211 1063 omnia
2251 998 2454 1063 verba
2507 1018 2676 1063 mea.

1478 1085 1673 1148 Tunc
1747 1086 2122 1152 valerianus
2195 1087 2532 1170 perrexit:
2606 1095 2676 1150 et

1476 1173 1672 1254 signo
1723 1174 1904 1255 quod
1966 1183 2350 1256 acceperat:
2425 1174 2679 1238 invenit

1476 1270 1786 1325 sanctum
1851 1262 2196 1326 urbanum.
2317 1260 2445 1327 Cui
2521 1281 2676 1325 cum

1477 1348 1764 1412 dixisset
1837 1350 2064 1412 omnia
2121 1349 2326 1414 verba
2398 1349 2673 1415 cecilie:

1476 1437 1745 1516 gavisus
1802 1456 1957 1500 cum
2018 1436 2372 1519 lachrymis
2445 1437 2674 1500 dixit:

1478 1523 1772 1588 Domine
1814 1524 1976 1606 Jesu
2024 1525 2285 1589 Christe
2313 1525 2680 1588 seminator

1476 1611 1643 1674 casti
1686 1613 1942 1675 consilii
1979 1633 1994 1676 :
2039 1612 2300 1694 suscipe
2344 1612 2673 1675 seminum

1472 1697 1726 1762 fructus
1749 1720 1764 1762 :
1787 1718 1959 1781 quos
1975 1699 2044 1762 in
2066 1699 2294 1764 cecilia
2315 1698 2674 1763 seminasti.

1476 1786 1591 1850 Re.
1637 1787 1848 1870 Virgo
1876 1787 2166 1868 gloriosa
2194 1807 2458 1870 semper
2474 1806 2674 1851 evan-

1474 1873 1726 1956 gelium
1781 1874 2025 1939 Christi
2073 1876 2348 1958 gerebat
2401 1876 2468 1938 in
2521 1895 2674 1956 pec-

1473 1970 1636 2026 tore.
1759 1962 1852 2025 Et
1941 1982 2074 2026 non
2149 1963 2382 2027 diebus
2457 1982 2678 2044 neque

1474 2049 1782 2114 noctibus
1853 2052 2140 2115 vacabat
2215 2071 2256 2114 a
2328 2049 2677 2132 colloquiis

1474 2137 1716 2202 divinis
1775 2145 1845 2201 et
1903 2140 2220 2214 oratione.
2338 2155 2387 2223 γ
2441 2138 2674 2203 Cilicio

1474 2224 1703 2289 cecilia
1752 2227 2052 2291 membra
2098 2226 2420 2291 domabat
2471 2226 2674 2289 deum

1473 2313 1834 2394 gemitibus
1909 2314 2254 2379 exorabat.
2377 2314 2469 2377 Et
2535 2333 2670 2376 non

1474 2401 1727 2465 diebus.
1821 2400 2048 2466 Gloria
2101 2401 2291 2484 patri.
2383 2402 2477 2466 Et
2535 2421 2672 2464 non

1474 2488 1712 2552 diebus
1771 2508 1988 2572 neque
2047 2490 2370 2555 noctibus,
2457 2489 2546 2552 In
2599 2489 2673 2572 ἐφ’.

1476 2585 1782 2640 nocturno
1883 2586 1988 2642 αῆ.
2117 2579 2410 2642 Domine
2511 2579 2672 2658 Jesu

1477 2664 1740 2729 Christe
1769 2665 2131 2728 seminator
2160 2667 2326 2729 casti
2367 2665 2620 2729 consilii
2657 2686 2676 2729 :

1475 2752 1738 2834 suscipe
1765 2753 2094 2816 seminum
2127 2753 2374 2816 fructus
2405 2772 2575 2834 quos
2605 2751 2676 2815 in

1474 2839 1708 2904 cecilia
1737 2841 2096 2904 seminasti.
2161 2849 2257 2922 pff.
2307 2840 2674 2903 Eructavit.

1474 2928 1608 2991 Αῆ.
1655 2928 1865 2991 Beata
1918 2926 2144 2991 cecilia
2195 2927 2371 2991 dixit
2419 2927 2506 2990 ad
2567 2935 2677 3008 ty-

1475 3015 1810 3078 burtium:
1839 3012 2040 3078 hodie
2064 3014 2277 3079 fateor
2303 3023 2373 3078 te
2405 3035 2628 3078 meum
2652 3015 2680 3051 ¹

1474 3110 1876 3184 cognatum:
1952 3102 2109 3184 quia
2168 3121 2358 3166 amor
2422 3102 2529 3165 dei
2605 3110 2678 3164 te

1474 3190 1634 3254 fecit
1691 3210 1838 3254 esse
1889 3198 2415 3272 contemptorem
2464 3189 2676 3253 idolo-

1475 3296 1642 3342 rum.
1715 3287 1818 3359 pi.
1862 3279 2048 3341 Deus
2078 3287 2304 3342 noster
2331 3276 2676 3359 refugium.

1473 3366 1611 3429 Αῆ.
1659 3365 1810 3430 Fiat
1839 3365 2110 3429 domine
2141 3385 2254 3430 cor
2297 3385 2559 3428 meum:
2605 3373 2676 3428 et

1476 3473 1715 3536 corpus
1769 3473 1993 3517 meum
2047 3453 2548 3517 immaculatum
2595 3461 2676 3516 ut

1476 3561 1610 3604 non
1629 3541 2016 3605 confundar.
2060 3551 2164 3624 pf.
2189 3541 2675 3605 Fundamenta.

1474 3646 1523 3714 γ
1573 3629 1810 3711 Specie
1839 3638 1974 3694 tua.
2311 3630 2526 3693 Lectio
2547 3628 2676 3712 iifj.

1615 3726 1802 3781 rante
1872 3737 2036 3782 vero
2110 3726 2344 3781 sancto
2419 3717 2680 3780 urbano

1611 3806 1834 3869 subito
1864 3815 2019 3892 ante
2048 3825 2164 3868 eos
2217 3805 2524 3887 apparuit
2571 3824 2677 3867 se-

1476 3893 1622 3957 nior
1695 3893 1902 3958 niveis
1975 3893 2248 3956 indutus
2324 3891 2672 3955 vestibus:

1474 3981 1744 4045 titulum
1775 3990 2009 4045 tenens
2039 3981 2108 4042 in
2129 3978 2436 4044 manibus
2459 3977 2678 4042 aureis

1475 4069 1710 4133 litteris
1757 4068 2219 4149 conscriptum.
2311 4065 2533 4148 Quem
2579 4065 2678 4129 vi-

1476 4159 1643 4221 dens
1673 4156 2088 4220 valerianus:
2134 4153 2381 4219 cadens
2426 4154 2494 4214 in
2539 4161 2676 4215 ter-

1478 4266 1618 4310 ram
1673 4243 1887 4308 sactus
1945 4251 2048 4307 est
2109 4241 2298 4324 quasi
2359 4249 2676 4308 mortuus.

1733 4407 1755 4436 ¹
1791 4401 2242 4456 ‘esse’addawh
