3117 4959
1136 223 1508 280 NOMJNJS
1552 223 1786 296 JESU.

737 332 885 386 765

202 432 327 538 Α
344 432 485 492 solis
514 443 647 493 ortu
674 453 863 510 usque
883 435 963 494 ad
978 453 1257 496 occasum
1286 436 1409 495 lau-

344 512 546 572 dabile
572 531 795 572 nomen
823 512 1051 574 domini
1068 517 1213 590 Jesu
1229 516 1411 575 bene-

204 588 441 649 dictum
466 592 613 650 all’a.
662 597 749 668 p3.
784 593 1051 654 Laudate
1072 591 1253 670 pueri.
1310 601 1409 652 αῆ.

208 668 431 728 Omnis
456 669 617 730 enim
665 671 1005 748 quicunque
1052 670 1413 734 invocaverit

204 765 435 807 nomen
462 747 693 807 domini
719 771 731 807 :
773 751 971 809 salvus
998 749 1106 810 erit
1132 751 1275 810 all'a.
1315 751 1406 826 pi.

210 824 429 886 Dilexi.
514 829 613 886 αῆ.
659 827 949 904 Dirupisti
997 827 1241 889 domine
1283 831 1409 887 vin-

204 906 347 962 cula
400 924 537 964 mea
596 905 701 966 tibi
746 907 1088 967 sacrificabo
1154 907 1411 967 hostiam

202 983 403 1042 laudis
454 995 516 1044 et
565 1003 787 1044 nomen
852 985 1057 1046 tuum¹
1113 985 1409 1046 invocabo

202 1063 359 1120 all’a.
428 1065 521 1138 ps.
568 1063 831 1125 Credidi.
900 1067 995 1124 ab.
1031 1065 1185 1124 Illuc
1212 1063 1408 1124 enim²

200 1142 603 1200 ascenderunt
658 1143 846 1201 tribus
924 1142 1109 1202 tribus
1178 1142 1410 1204 domini

200 1217 613 1279 testimonium
653 1219 823 1282 israel
869 1223 949 1282 ad
1003 1222 1409 1282 confitendum

200 1297 439 1356 nomini
492 1298 719 1358 domini
771 1301 917 1359 all’a.
1016 1300 1107 1377 pi.
1164 1303 1408 1360 Letatus

200 1394 355 1434 sum.
440 1385 537 1436 ab.
585 1380 659 1436 In
698 1389 1025 1454 conspectu
1063 1379 1405 1455 angelorum

200 1455 457 1530 psallam
501 1455 609 1514 tibi
622 1455 647 1492 ³
686 1457 951 1517 adorabo
994 1460 1074 1519 ad
1116 1459 1405 1534 templum

196 1544 477 1593 sanctum
505 1544 674 1594 tuum
712 1546 771 1595 et
812 1537 1141 1598 confitebor
1178 1536 1407 1596 nomini

196 1621 315 1672 tuo
368 1612 613 1672 domine
665 1615 811 1674 all'a.
884 1617 977 1692 pi.
1038 1617 1401 1678 Confitebor.

195 1691 631 1796 Humiliavit
642 1692 1397 1774 semetipsum[(iit‚'7‘.⁴)Cap.

344 1769 623 1830 dominus
663 1774 839 1847 Jesus
879 1773 1069 1832 factus
1112 1773 1404 1834 obediens

194 1865 393 1922 usque
446 1849 525 1909 ad
570 1861 860 1910 mortem:
905 1863 1159 1913 mortem
1201 1863 1403 1912 autem

193 1925 393 1985 crucis
421 1948 435 1985 ε
464 1939 705 2004 propter
731 1929 895 2006 quod
923 1941 982 1990 et
1009 1931 1157 1990 deus
1184 1932 1401 1991 exalta-

194 2003 288 2063 vit
344 2004 511 2064 illum
545 2029 559 2066 :
604 2017 665 2066 et
716 2007 960 2068 donavit
1004 2007 1089 2068 illi
1136 2028 1399 2070 nomen:

196 2085 375 2158 quod
400 2097 491 2144 est
520 2104 696 2160 super
734 2105 913 2146 omne
940 2105 1162 2148 nomen
1191 2110 1203 2147 :
1231 2099 1297 2148 ut
1336 2087 1401 2148 in

192 2161 446 2222 nomine
472 2165 617 2240 Jesu
662 2184 844 2226 omne
889 2185 1047 2243 genu
1087 2167 1355 2226 flectatur
1384 2189 1399 2226 :

190 2241 509 2300 celestium
548 2243 903 2303 terrestrium
933 2256 993 2305 et
1020 2243 1394 2306 infernorum.

188 2319 301 2378 Re.
353 2320 734 2396 Magnificate
782 2322 1094 2383 dominum
1122 2343 1357 2384 meeum
1382 2369 1396 2384 .

192 2407 259 2456 et
288 2400 615 2459 exaltemus
641 2419 863 2460 nomen
892 2402 1021 2478 ejus
1039 2401 1099 2462 in
1117 2402 1395 2478 idipsum.

190 2475 361 2550 Quia
414 2477 475 2536 in
530 2497 604 2538 eo
646 2477 923 2540 letabitur
967 2500 1071 2541 cor
1112 2493 1391 2542 nostrum.

190 2555 279 2612 Et
328 2553 389 2614 in
437 2556 680 2618 nomine
724 2569 932 2619 sancto
971 2561 1099 2635 ejus
1138 2559 1394 2650 sperabi-

185 2651 343 2692 mus,
430 2637 479 2710 Ῠ
548 2638 795 2698 Narrate
852 2638 1055 2697 omnia
1108 2638 1395 2698 mirabilia

191 2713 329 2786 ejus
384 2713 705 2773 laudamini
760 2715 823 2774 in
876 2715 1118 2776 nomine
1186 2729 1395 2778 sancto

187 2791 343 2865 ejus,
429 2791 588 2866 Quia
658 2795 876 2854 Gloria.
938 2797 1017 2856 Et
1046 2796 1107 2854 in
1130 2796 1392 2856 nomine.

184 2870 501 2974 Exultet
553 2891 656 2931 cor
707 2873 1028 2949 precordiis
1077 2871 1387 2954 [Hymnus.

312 2960 563 3009 sonante
607 2953 753 3026 Jesu
820 2951 1063 3013 nomine
1128 2954 1393 3030 precellit

188 3024 257 3084 in
286 3026 517 3087 deliciis
564 3029 729 3088 omni
770 3032 1013 3106 plenum
1054 3031 1391 3093 dulcedine.

182 3105 443 3164 Nomen
496 3109 835 3169 confortans
900 3109 1147 3170 miseros
1214 3113 1390 3187 Jesus

186 3182 297 3259 qui
327 3197 496 3245 sanat
524 3189 747 3246 scelera
775 3210 790 3247 2
834 3207 1058 3249 nomen
1087 3190 1388 3251 deterrens

182 3260 426 3322 inferos·
512 3283 733 3326 nomen
798 3268 1009 3344 fugans
1074 3269 1384 3329 mortifera.

188 3342 441 3401 Nomen
495 3361 713 3404 sonans
767 3346 1022 3407 suaviter
1072 3346 1135 3406 in
1200 3359 1391 3408 metro

184 3439 373 3496 prosa
399 3422 659 3483 carmine
684 3447 697 3484 :
726 3427 891 3500 quod
916 3427 1071 3486 levat
1100 3445 1210 3486 nos
1237 3427 1391 3486 alac·

180 3497 332 3558 riter
360 3501 625 3561 mulcens
654 3521 763 3563 suo
791 3503 1093 3564 solamine.
1143 3507 1393 3566 Nomen

180 3578 493 3637 excelsum
520 3593 758 3642 resonet
777 3585 953 3658 Jesus
980 3583 1043 3642 in
1071 3602 1173 3644 ore
1201 3584 1391 3644 omni-

180 3674 291 3714 um
327 3677 341 3714 ε
384 3667 443 3716 et
470 3677 574 3717 cor
600 3679 737 3720 cum
762 3680 913 3722 voce
952 3673 1243 3723 consonet
1274 3685 1288 3723 t
1330 3673 1395 3723 ut

181 3744 365 3794 sanet
431 3755 609 3798 omne
673 3737 905 3800 vicium.
996 3742 1171 3820 Jesu
1239 3744 1395 3802 salus

180 3891 295 3934 emt
342 3885 617 3950 loquentes.
700 3897 783 3954 pt.
824 3891 995 3956 Magn.
1058 3879 1081 3893 ⁸
1097 3891 1211 3942 070.
1254 3892 1393 3942 Deus

178 3951 275 4016 qui
298 3949 557 4003 hodierna.

290 4015 399 4065 Hic
459 4019 610 4067 etiam
662 4021 797 4085 apud
870 4021 923 4072 S.
962 4022 1195 4073 inseritur
1237 4023 1387 4072 servi·

180 4081 317 4130 tium
361 4082 427 4131 de
472 4083 600 4136 sesto
644 4093 923 4136 sanctorum
963 4097 1233 4152 martyrum
1258 4089 1388 4139 sixti

177 4162 323 4211 pape
344 4147 435 4197 810.
507 4149 637 4200 Vide
658 4167 823 4216 supra,
852 4152 949 4202 col.
972 4163 1089 4216 453.

296 4217 311 4239 ⁶
330 4212 374 4262 ss
410 4213 605 4265 Festum
662 4217 940 4267 dulcissimi
990 4220 1211 4268 nominis
1266 4219 1390 4283 Jesu

164 4277 279 4341 fiat
323 4280 520 4342 septimo
563 4283 679 4330 idm
722 4285 959 4347 augusti:
991 4284 1185 4348 festum
1226 4286 1391 4349 majus

177 4343 373 4457 3240ch
407 4351 525 4396 octa.
568 4349 633 4410 (ἵ)
669 4365 785 4398 cum
807 4350 1047 4414 regimine
1085 4350 1255 4401 chori)
1290 4351 1397 4400 add

2015 331 2166 387 766

1512 434 1913 510 peccantium:
1943 435 2152 494 adesto
2169 431 2383 494 nostris
2409 430 2708 510 precibus:

1513 512 1596 573 sis
1648 513 1906 573 director
1972 511 2288 574 errantium
2321 533 2333 570 :
2403 521 2463 570 et
2529 530 2706 587 parce

1512 591 1732 652 nostris
1757 591 2002 652 actibus.
2084 593 2336 651 Nomen
2380 600 2548 649 tuum
2596 607 2709 650 nos

1516 671 1745 730 muniat
1770 689 2112 749 preservans
2137 689 2176 729 3
2200 667 2474 746 periculis
2500 689 2514 726 :
2560 678 2620 727 et
2646 666 2710 726 in

1512 748 1688 808 bonis
1717 748 1980 825 perficiat
2007 747 2221 808 amotis
2247 749 2422 823 culpe
2441 745 2707 805 maculis,

1520 827 1667 887 T1bi
1694 827 1931 889 Christe
1971 826 2046 886 sit
2091 824 2278 903 gloria
2317 827 2548 902 fulgens
2589 824 2707 912 1100

1512 925 1682 965 sacro
1711 906 1952 966 nornine
1981 927 1994 964 :
2037 905 2230 964 1101101·
2268 914 2404 964 tuus
2433 902 2508 962 sit
2535 903 2709 990 latria

1510 986 1658 1060 Jesu
1699 984 1953 1062 benigne
1993 984 2253 1044 domine.
2346 981 2552 1044 Gloria
2598 980 2708 1040 tibi

1510 1062 1758 1123 domine
1811 1063 1913 1140 qui
1967 1074 2140 1122 natus
2194 1081 2276 1122 es,
2385 1062 2438 1136 Ῡ
2493 1058 2708 1120 Omnis

1508 1151 1664 1202 terra
1687 1143 1896 1203 adoret
1924 1154 1984 1202 te
2024 1142 2174 1202 deus
2217 1151 2279 1200 et
2323 1139 2532 1215 psallat
2580 1137 2704 1197 tibi.

1510 1222 1612 1280 Re.
1659 1222 1961 1280 Psalmum
1987 1219 2150 1280 dicat
2176 1217 2406 1278 nomini
2447 1227 2554 1276 tuo
2598 1217 2706 1276 do-

1510 1297 1687 1358 mine.
1771 1302 1866 1358 aii.
1913 1301 2043 1376 Ego
2091 1309 2292 1357 autem
2337 1295 2400 1355 in
2454 1294 2705 1355 domino

1507 1378 1787 1453 gaudebo
1841 1388 1902 1438 et
1955 1377 2234 1437 exultabo
2287 1375 2350 1434 in
2394 1375 2512 1434 deo
2556 1376 2704 1462 Jesu

1508 1475 1648 1516 meo
1712 1456 1853 1535 quia
1899 1455 2040 1520 fecit
2093 1453 2276 1514 michi
2328 1471 2542 1529 magna
2595 1470 2702 1543 qui

1508 1547 1722 1611 potens
1751 1547 1840 1594 est
1876 1545 1936 1594 et
1977 1545 2243 1594 sanctum
2287 1550 2509 1592 nomen
2557 1549 2704 1606 ejus-

1495 1614 1590 1690 pi.
1629 1612 1987 1690 Magnificat.
2475 1610 2696 1670 Oratio·

1504 1695 1734 1798 Deus
1787 1691 1890 1769 qui
1941 1688 2426 1768 gloriosissimum
2481 1706 2704 1750 nomen

1627 1773 1772 1846 Jesu
1829 1769 2050 1832 Christi
2094 1767 2380 1846 unigeniti
2445 1765 2550 1824 filii
2615 1765 2702 1855 tui

1508 1848 1699 1910 fecisti
1746 1847 2020 1909 fidelibus
2067 1847 2183 1908 tuis
2229 1864 2465 1906 summo
2507 1863 2700 1933 suavi-

1502 1927 1641 1988 tatis
1695 1929 1911 1987 affectu
1979 1925 2231 1986 amabile
2297 1934 2356 1984 et
2423 1922 2696 2011 malignis

1504 2005 1804 2084 spiritibus
1831 2006 2204 2066 tremendum
2229 2015 2409 2082 atque
2437 2000 2694 2090 terribile

1503 2086 1772 2146 concede
1824 2083 2166 2162 propicius:
2208 2093 2272 2143 ut
2327 2099 2536 2142 omnes
2590 2098 2697 2156 qui

1503 2164 1622 2224 hoe
1648 2183 1872 2224 nornen
1908 2164 2055 2239 Jesu
2090 2163 2306 2222 devote
2342 2169 2696 2220 venerantur

1502 2241 1566 2301 in
1594 2242 1760 2303 terris
1803 2253 2007 2301 sancte
2034 2238 2459 2301 consolationis
2487 2238 2690 2325 dulce-

1501 2320 1706 2381 dinem
1733 2320 1794 2380 in
1817 2319 2074 2397 presenti
2102 2316 2432 2396 percipiant
2447 2316 2472 2353 ³
2499 2339 2512 2375 ε
2544 2327 2603 2376 et
2632 2334 2694 2374 111

1498 2401 1695 2461 futuro
1720 2400 2001 2476 gaudium
2027 2396 2406 2458 exultationis
2433 2406 2493 2455 et
2518 2394 2695 2454 inter-

1500 2478 1798 2538 minabilis
1820 2475 2185 2555 jubilationis
2212 2475 2540 2535 obtineant.
2590 2491 2696 2549 per

1500 2555 1806 2617 eundem.⁶
1886 2557 2114 2615 Deinde
2135 2557 2262 2630 fiat
2297 2555 2541 2612 solennis
2585 2571 2693 2610 me-

1498 2637 1687 2695 moria
1712 2637 1781 2694 de
1804 2635 2324 2711 transfiguratione.
2354 2637 2450 2690 αῆ.
2486 2629 2693 2689 Hodie

1497 2717 1577 2775 ad
1605 2713 1784 2792 patris
1807 2711 2043 2773 vocem⁷
2066 2713 2474 2787 transfigurato
2501 2706 2692 2767 domi-

1496 2813 1580 2853 no
1608 2811 1843 2869 moyses
1872 2803 1931 2851 et
1957 2791 2159 2867 helyas
2186 2792 2474 2848 affuerunt
2495 2787 2690 2862 splen-

1496 2871 1625 2932 didi
1653 2889 1958 2930 excessum
1986 2871 2114 2945 ejus
2142 2886 2322 2945 quem
2361 2866 2691 2941 completu-

1494 2971 1592 3010 rus
1647 2960 1771 3010 erat
1823 2949 2146 3024 loquentes
2259 2948 2312 3022 Ῡ
2351 2946 2692 3033 Adoremus

1493 3041 1722 3107 patrem
1802 3037 1860 3088 et
1907 3026 2111 3086 filium.
2208 3027 2288 3084 oi.
2365 3025 2529 3082 Deus
2585 3041 2690 3099 qui

1495 3106 1880 3184 unigenitum.
1965 3106 2075 3163 Ad
2119 3104 2536 3179 completorium
2588 3105 2684 3162 aii.

1496 3187 1778 3246 Miserere
1845 3183 1992 3242 mihi
2058 3182 2300 3243 domine
2360 3181 2690 3240 secundum

1486 3264 1779 3342 judicium
1822 3261 2188 3338 diligentium
2236 3278 2459 3320 nomen
2501 3269 2688 3349 tuum.

1476 3351 1572 3422 p3.
1619 3345 1774 3406 Cum
1827 3341 2178 3402 invocarem.
2273 3341 2414 3416 Cap.
2475 3339 2572 3396 Tu
2628 3357 2690 3396 111

1490 3422 1687 3483 nobis,
2368 3415 2689 3492 Hymnus.⁸

1494 3505 1608 3609 Α
1624 3503 1744 3560 11113
1771 3501 1984 3561 chorus
2012 3495 2241 3559 domini
2269 3516 2430 3556 nunc
2468 3505 2689 3573 pangat

1625 3577 1870 3640 nomina
1895 3577 2130 3639 summi.
2201 3575 2460 3636 Messias
2489 3576 2690 3636 sother

1496 3661 1771 3720 emanuel
1799 3658 2050 3718 sabaoth
2076 3657 2328 3732 adonay.
2410 3657 2530 3716 Est
2557 3654 2689 3712 uni-

1494 3737 1730 3817 genitus
1764 3737 1861 3798 via
1895 3735 2016 3796 vita
2055 3754 2265 3795 manus
2293 3734 2686 3810 homousyon.

1598 3889 1612 3919 ¹
1647 3904 1740 3954 pro
1770 3892 1786 3918 ⁸
1803 3895 1944 3938 tuum
1967 3887 1980 3912 ’
2002 3887 2193 3936 domini
2215 3905 2228 3936 z
2253 3885 2322 3936 N.

1591 3955 1614 3984 ²
1650 3953 1814 4003 ‘enim
1836 3954 1849 3976 ’
1870 3969 1969 4002 0111.
2001 3953 2054 4002 S.

1591 4020 1612 4050 ⁸
1649 4019 1774 4068 ‘tibi
1796 4019 1808 4042 ³
1829 4019 1930 4068 add
1966 4017 2033 4067 N.

1591 4086 1611 4115 ⁴
1649 4087 1665 4113 ‘
1679 4084 1800 4161 ἤϋς’
1815 4099 1915 4160 pm.
1956 4082 2009 4133 S.

1585 4147 2056 4264 222322232‘034.
2097 4213 2164 4261 N.

1575 4287 1618 4372 3⁷,
1642 4279 1810 4330 Verba
1831 4295 1862 4328 a
1889 4283 1904 4307 ⁶
1923 4293 2096 4328 vocem
2116 4278 2128 4300 ’
2154 4291 2308 4341 usque
2341 4277 2406 4326 ad
2445 4283 2460 4306 ⁴
2479 4276 2687 4343 loquen-

1489 4358 1564 4398 tes
1590 4362 1730 4478 ⁸32}
1757 4345 2028 4474 ‘S'Jarymnus
2047 4409 2058 4432 ’
2080 4409 2364 4475 sequentia:
2400 4408 2466 4461 N.
