3117 4959
1128 193 1143 240 'U
1232 241 1299 298 S.
1350 241 1756 313 QUINTJNJ
1791 241 2046 298 MART
2051 239 2248 296 l'RIS.

1016 349 1172 404 645

482 453 785 539 ethiopes
814 453 983 538 nigri
1014 457 1176 520 nudi
1207 466 1276 522 et
1304 456 1688 522 horribiles:

486 545 813 608 ululatum
884 564 1202 627 magnum
1262 547 1688 609 emittentes:

488 643 557 696 et
675 631 1072 696 simulachra
1206 633 1688 697 subverterunt.

488 721 681 784 Tunc
770 721 1119 802 pontifices
1216 721 1536 784 irruentes
1621 721 1688 784 in

488 809 830 898 apostolos
862 809 1329 872 interfecerunt
1359 829 1489 872 eos
1577 808 1692 891 Ip-

488 917 565 960 sa
636 906 861 960 autem
940 895 1103 959 hora
1176 917 1312 978 qua
1376 896 1688 960 decollati

494 994 652 1048 sunt
698 1004 818 1067 per
864 983 1127 1066 fulgura
1179 984 1507 1067 templum
1568 985 1684 1047 tri·

484 1073 715 1155 pharie
744 1072 1106 1136 scinditur:
1140 1081 1209 1135 et
1240 1073 1419 1153 magi
1450 1091 1688 1136 zaroen

488 1169 557 1224 et
586 1160 918 1242 arphaxat
947 1160 1167 1224 adusti
1186 1168 1344 1222 sunt
1366 1161 1433 1222 in
1453 1160 1690 1223 arden-

487 1258 589 1312 tes
608 1248 944 1312 carboneS.
996 1249 1153 1312 Post
1178 1267 1441 1312 menses
1460 1257 1688 1310 autem

486 1346 622 1400 tres
676 1337 855 1400 misit
906 1357 1153 1400 xerxes
1208 1346 1277 1400 et
1306 1333 1690 1400 confiscavit

488 1443 721 1488 omnes
775 1423 1139 1506 pontifices.
1230 1423 1528 1506 Corpora
1573 1442 1691 1486 au-

487 1520 627 1575 tern
660 1512 1109 1593 apostolorum
1142 1512 1227 1575 ad
1258 1531 1448 1574 suam
1474 1521 1686 1574 trans-

488 1600 640 1664 tulit
688 1601 1062 1665 civitatem:
1108 1601 1193 1663 ad
1243 1599 1509 1663 laudem
1565 1600 1690 1662 do-

490 1687 651 1750 mini
699 1688 905 1751 nostri
958 1687 1117 1768 Jesu
1168 1687 1430 1751 Christi.
1536 1688 1598 1750 Τ
1591 1707 1692 1751 res

488 1775 715 1838 ultime
786 1773 1077 1838 lectiones
1164 1775 1245 1838 de
1314 1775 1694 1858 expositione

488 1861 812 1942 evangelii
887 1863 1036 1926 Hec
1133 1864 1382 1926 mando
1476 1863 1687 1927 vobiS.

494 1949 749 2014 Omelia
796 1959 874 2012 ut
918 1950 987 2012 in
1020 1950 1369 2014 communi.
1468 1950 1690 2016 Cetera

486 2037 585 2100 ad
608 2036 968 2099 matutinas
994 2047 1057 2100 et
1082 2038 1279 2100 horas
1308 2038 1389 2102 de
1414 2059 1691 2101 commu·

490 2124 567 2186 ni
596 2123 1036 2204 plurimorum
1072 2125 1497 2206 apostolorum
1544 2146 1689 2189 cum

488 2212 776 2274 oratione
793 2211 1079 2292 propria.
1440 2213 1687 2278 Oratio.

488 2301 761 2429 Deus
791 2301 905 2380 qui
930 2318 1053 2361 nos
1082 2318 1201 2379 per
1228 2299 1463 2363 beatos
1494 2322 1688 2383 apos-

643 2386 818 2449 tolos
842 2395 992 2449 tuos
1012 2387 1334 2450 simonem
1359 2397 1425 2450 et
1450 2389 1688 2469 judam

491 2474 575 2536 ad
609 2475 1016 2555 agnitionem
1040 2475 1137 2537 tui
1160 2477 1443 2539 nominis
1464 2477 1688 2540 venire

493 2562 821 2626 tribuisti:
868 2565 957 2626 da
1002 2562 1195 2626 nobis
1231 2583 1457 2627 eorum
1491 2565 1688 2646 glori-

487 2669 597 2713 am
648 2651 1117 2734 sempiternam
1167 2661 1235 2716 et
1283 2650 1688 2734 proficiendo

486 2738 870 2802 celebrare:
946 2749 1015 2803 et
1071 2739 1471 2803 celebrando
1537 2762 1688 2822 pro-

490 2825 701 2889 ficere.
791 2847 912 2908 per
938 2828 1299 2892 dominum.
1388 2827 1514 2890 Ad
1552 2849 1688 2892 ves-

473 2924 674 2994 peras
730 2915 951 2978 omnia
1008 2913 1089 2978 de
1147 2917 1474 2978 communi
1540 2936 1688 2980 cum

488 3002 778 3064 oratione
821 3003 1005 3066 Deus
1037 3003 1149 3084 qui
1182 3023 1320 3066 nos
1368 3012 1446 3066 ut
1468 3015 1684 3086 supra.

492 3093 558 3189 ([
600 3090 836 3153 Sancti
844 3093 1152 3172 germani
1168 3091 1446 3171 capuani
1463 3093 1686 3173 episco-

471 3176 567 3256 pi.
602 3177 905 3258 Legenda
920 3187 985 3240 et
992 3187 1191 3240 cetera
1202 3179 1510 3241 omniade
1522 3199 1686 3242 com-

488 3264 681 3325 muni
708 3264 906 3328 unius
931 3267 1312 3346 confessoris
1338 3267 1684 3349 pontffictlr.

490 3355 555 3426 <s
600 3351 685 3412 In
734 3352 971 3432 vigilia
999 3353 1287 3416 omnium
1316 3365 1684 3418 sanctorum

488 3437 823 3500 Matutine
842 3440 1149 3501 dicantur
1164 3441 1244 3503 de
1264 3453 1481 3505 sancto
1496 3442 1686 3524 quin-

488 3524 625 3586 tino
655 3535 943 3605 martyre
965 3547 1110 3589 cum
1140 3539 1445 3592 nocturno
1459 3539 1525 3592 et
1536 3530 1691 3593 hore

484 3611 807 3675 similiter.
1206 3615 1423 3679 Lectio
1435 3618 1683 3698 prima.

486 3701 863 3830 Factum
905 3709 1009 3763 est
1060 3711 1285 3791 autem
1332 3704 1400 3767 in
1450 3705 1687 3768 diebus

642 3789 1031 3852 maximiani
1108 3791 1566 3872 imperatoris:
1613 3803 1687 3857 ut

487 3878 858 3956 persecutio
891 3878 1257 3959 insurgeret
1294 3879 1682 3943 christiano-

487 3983 677 4028 rum:
725 3974 792 4028 et
827 3965 1221 4030 riciovarus¹
1268 3969 1553 4048 expetiit
1599 3969 1686 4032 ab

488 4071 611 4116 eo:
658 4061 732 4114 ut
778 4053 951 4116 intra
995 4055 1230 4134 gallias
1266 4055 1688 4137 prefectorii²

486 4149 712 4219 ageret
736 4149 1155 4222 potestatem.
1218 4141 1510 4206 Veniens
1531 4165 1687 4207 vero

487 4225 553 4287 in
588 4228 921 4291 civitatem
955 4231 1524 4296 ambianensium:
1571 4253 1686 4295 au-

656 4361 1035 4413 'rictiovarusz
1070 4365 1138 4413 N.
1148 4363 1199 4414 S.
1241 4367 1442 4430 passim.

654 4427 1047 4490 ⁸pro‘’f:1ce1·‹¹=
1075 4429 1217 4480 fieri.
1254 4431 1334 4482 W.
1344 4433 1408 4481 R.
1417 4433 1484 4482 N.

1648 4435 1667 4464 ⁴
1701 4433 1970 4484 candentes
1993 4452 2005 4483 z
2043 4435 2104 4483 R.
2115 4433 2164 4482 N
2175 4470 2188 4483 .

2291 347 2448 402 646

1791 455 1959 521 divit
2033 457 2121 520 de
2193 456 2372 522 beati
2447 453 2753 538 quintini
2813 454 2985 522 fama.

1787 565 2088 628 moxque
2105 567 2258 609 eurn
2277 543 2768 627 comprehendi
2789 563 2988 626 prece—

1787 633 1932 715 pit:
1969 635 2278 714 dixitque
2308 635 2394 696 ad
2425 652 2604 696 eum.
2689 631 2991 696 Sacrifica
3057 691 3059 718 ἔ

1787 721 1932 784 diis.
2025 721 2204 784 Nam
2235 722 2290 784 si
2321 721 2660 784 nolueris:
2693 739 2825 800 per
2853 720 2992 782 deos

1780 808 1974 891 juro:
2037 811 2312 874 diversis
2371 808 2562 890 penis
2627 818 2702 871 te
2769 807 2992 872 faciam
3053 751 3060 914 4

1788 896 2088 962 interfici.
2181 897 2471 963 Sanctus
2502 895 2874 978 quintinus
2913 915 2993 959 re-
3055 915 3059 998 ἱ

1787 986 2098 1068 spondit:
2177 985 2302 1048 Per
2357 986 2558 1048 deum
2611 982 2839 1064 juro:
2897 985 2992 1066 qui

1787 1071 1945 1137 fecit
1973 1073 2192 1136 celum
2236 1082 2306 1136 et
2350 1082 2598 1136 terram
2636 1093 2652 1135 :
2701 1091 2902 1134 mare
2939 1082 2992 1135 et

1787 1162 2014 1224 omnia
2045 1181 2175 1243 que
2203 1161 2271 1224 in
2303 1161 2401 1224 eis
2431 1167 2632 1223 sunt:
2673 1159 2850 1241 quia
2877 1179 2992 1223 non

1787 1251 1994 1312 timeo
2025 1251 2238 1312 minas
2267 1258 2436 1312 tuas.
2684 1247 2914 1310 Lectio
2939 1248 2994 1328 ij.
3057 1265 3059 1292 ³

1783 1337 1891 1467 J
1899 1345 2080 1400 ratus
2138 1356 2299 1418 ergo
2365 1335 2735 1398 riciovarus
2807 1333 2994 1415 jussit
3057 1361 3059 1366 ·

1896 1433 2198 1487 sanctum
2229 1424 2612 1506 quintinum
2659 1422 2736 1485 in
2785 1443 2992 1487 σαι-αε-
3057 1497 3059 1500 ⁴

1787 1531 1926 1574 rem
2005 1511 2225 1576 mitti:
2315 1510 2428 1574 ubi
2505 1529 2664 1574 cum
2727 1521 2996 1574 sanctus

1785 1601 2128 1681 quintinus
2147 1599 2365 1681 sopori
2397 1619 2470 1661 se
2501 1599 2857 1661 dedisset:
2889 1619 2996 1680 ap-

1784 1688 2006 1769 paruit
2035 1689 2094 1750 ei
2127 1685 2404 1768 angelus
2433 1686 2692 1749 domini
2727 1687 2997 1750 dicens:

1785 1775 2108 1858 Quintine
2181 1795 2378 1857 surge
2449 1783 2556 1838 sta
2625 1775 2693 1836 in
2779 1775 2999 1836 media

1785 1865 2056 1927 civitate
2101 1885 2117 1927 :
2175 1873 2247 1926 et
2303 1863 2662 1925 corrobora
2723 1881 3000 1924 omnem

1783 1951 2110 2033 populum
2147 1973 2162 2015 :
2207 1960 2284 2014 ut
2329 1951 2608 2013 credant
2659 1950 2728 2012 in
2783 1951 3004 2012 domi·

1787 2058 1948 2103 num
1999 2048 2298 2103 nostrum
2346 2038 2578 2119 Jesum
2631 2037 3003 2100 Christum.

1789 2125 2134 2207 Evigilans
2193 2136 2420 2189 autem
2485 2126 2578 2187 ita
2641 2124 2808 2187 fecit
2855 2147 2876 2188 ε
2945 2134 3004 2187 et

1785 2213 2206 2277 crediderunt
2237 2234 2354 2296 per
2375 2232 2530 2276 eum
2553 2213 2840 2276 ducenti
2867 2214 2998 2275 viri.

1793 2302 1944 2364 Hoc
1975 2303 2206 2365 audito
2223 2302 2576 2365 riciovarus
2602 2300 2814 2381 jussit
2833 2302 3004 2364 duas

1785 2391 2086 2471 caringas
2161 2389 2374 2453 facere
2393 2390 2455 2452 ³:
2515 2408 2670 2452 cum
2753 2389 3002 2470 quibus

1786 2486 2090 2540 sanctum
2166 2479 2544 2560 quintinum
2621 2495 2664 2538 a
2745 2477 3005 2540 cervice

1788 2585 1998 2647 usque
2026 2567 2113 2628 ad
2147 2585 2335 2628 crura
2362 2563 2727 2628 transfixit.
2813 2565 3004 2628 Fecit

1785 2662 1854 2716 et
1889 2652 2054 2716 alias
2079 2655 2310 2718 decem
2335 2653 2678 2733 caringas:
2713 2672 2904 2733 quas
2941 2653 3004 2715 in

1785 2741 2016 2822 digitis
2037 2741 2180 2822 ejus
2200 2741 2512 2805 cadentes
2531 2741 2556 2777 ⁴
2577 2741 2764 2803 inter
2787 2760 3004 2823 ungu-

1784 2829 1881 2892 las
1913 2837 1982 2890 et
2014 2848 2277 2893 carnem
2299 2828 2538 2891 intulit.
2601 2826 2753 2890 Lec.
2789 2829 3004 2892 tatia.

1780 2920 1960 3048 Et
2004 2926 2157 3001 post
2201 2917 2325 2980 hec
2354 2915 2578 2979 omnia
2609 2927 2834 2997 caput
2863 2917 3002 2996 ejus
3056 2875 3059 2962 ⁴

1928 3003 2154 3084 gladio
2177 3005 2374 3086 jussit
2403 3004 2766 3086 amputari.
2849 3004 3000 3070 Sta·

1781 3092 2038 3176 timque
2105 3094 2190 3156 de
2262 3091 2434 3156 collo
2507 3091 2654 3172 ejus
2743 3091 3000 3155 colum-

1781 3179 1870 3244 ba
1959 3182 2126 3245 exiit
2215 3180 2500 3244 candida
2573 3179 2760 3242 sicut
2841 3181 2995 3243 nix:

1782 3288 1916 3350 que
1957 3269 2138 3333 celos
2183 3267 2570 3350 penetravit.
2701 3265 2809 3330 Et
2869 3287 2994 3330 vox

1784 3357 1868 3419 de
1929 3356 2086 3421 celis
2159 3357 2345 3419 venit
2403 3354 2654 3418 dicens.
2789 3353 2992 3436 Quin-

1782 3444 1921 3508 tine
1965 3443 2212 3506 famule
2265 3463 2452 3506 meus
2497 3441 2710 3506 veni:
2765 3453 2842 3506 et
2899 3462 2999 3506 ac·

1783 3533 1928 3612 cipe
1970 3549 2282 3595 coronam
2335 3529 2495 3594 tibi⁶
2543 3541 2994 3612 preparatam.

1780 3619 1974 3682 Tunc
2027 3620 2382 3682 riciovarus
2429 3618 2496 3679 in
2547 3616 2844 3682 flumine
2887 3617 2998 3680 ab·

1783 3707 2045 3770 scondit
2089 3726 2326 3788 corpus
2371 3705 2586 3767 sancti
2617 3705 2770 3769 viri.
2867 3705 2992 3770 Sed

1783 3803 1938 3877 post
1956 3795 2442 3876 quinquaginta
2459 3793 2774 3874 quinque
2793 3812 2996 3856 annos

1783 3883 2070 3962 quedam
2097 3889 2405 3944 matrona
2426 3881 2708 3943 nomine-
2727 3881 2996 3944 eusebia

1781 3990 1903 4052 per
1961 3988 2198 4032 novem
2261 3989 2473 4032 annos
2535 3987 2696 4032 ceca
2763 3985 2992 4051 eorpus
3057 4031 3059 4034 Α

1783 4057 2036 4120 invenit
2081 4059 2533 4138 incorruptum
2581 4075 2705 4138 per
2753 4056 2992 4120 revela·

1783 4146 2036 4208 tionem
2097 4145 2362 4226 angeli:
2407 4153 2478 4207 et
2537 4163 2694 4208 cum
2745 4145 2988 4208 honore

1782 4232 2142 4315 sepelivit:
2205 4240 2272 4294 et
2341 4233 2568 4294 lumen
2647 4233 2984 4295 oculomm

1977 4369 2000 4398 κ
2031 4367 2383 4475 Ρηῐεοωῶςῑὲ.
2397 4366 2522 4482 ‘lg-bi
2539 4432 2554 4456 ’
2579 4449 2684 4482 om.
2699 4451 2714 4482 :
2751 4433 2818 4483 N.

3006 4403 3060 4918 4
