3117 4959
887 260 1159 313 INDEX
1207 257 1262 312 A
1270 258 1339 311 Ν
1340 256 1395 311 Τ
1386 258 1549 311 [ΡΗ
1543 255 1711 313 ONA
1717 256 1772 310 R
1781 256 1918 312 ΠΜ

684 366 841 421 829

120 484 349 547 Dignus
370 498 401 531 a
421 482 588 547 dignis
610 482 851 541 laudatur,
887 496 907 532 1
920 496 980 543 14

119 550 340 599 Dilecti
354 548 436 598 deo
456 555 502 597 et
521 549 800 598 hominibus
820 550 989 608 sancti,
1024 561 1043 597 1
1054 558 1081 613 5

118 616 347 665 Dilen‘t
362 614 600 663 andream
621 616 717 663 dns
738 615 796 663 in
817 615 1022 672 odorem,
1051 614 1117 675 84

122 682 331 744 Dirige
350 681 545 728 domine
564 680 679 729 deus
700 696 837 730 meus
857 681 931 739 in,
958 680 1059 729 660

122 748 412 810 Dbuptsssti
428 746 524 794 dr're
538 747 743 795 vincula
767 762 885 805 mea,
921 759 981 795 10

122 812 357 861 Discede
377 828 410 860 a
434 828 509 860 me
520 812 767 875 pabulum
792 812 975 872 mortis,
1011 824 1103 872 142

128 878 395 927 Discerne
414 892 614 925 causam
636 893 800 926 meam
812 878 937 937 -dne,
968 888 1065 939 372

126 944 442 993 Diviserunt
465 942 561 991 sibi
583 943 891 1002 vestimenta,
922 942 1018 1005 389

125 1010 416 1057 mount
434 1008 666 1071 discipuli
684 1008 756 1056 ad
772 1009 977 1067 beatum,
999 1007 1096 1069 687

130 1074 401 1123 Dixerunt·
423 1074 565 1137 impii
588 1073 943 1139 opprimamus,
974 1082 1069 1136 372

130 1140 274 1188 Dixi
296 1139 479 1203 iniquis
500 1139 657 1188 nolite
678 1139 831 1203 loqui,
860 1140 958 1201 380

127 1205 311 1254 Dixit
328 1205 533 1269 angelus
550 1205 827 1269 adpetrum
850 1206 1100 1263 circunda,
1131 1214 1225 1267 355

130 1270 295 1319 Dixit
320 1278 485 1319 autem
506 1269 603 1319 dtis
625 1286 769 1319 servo
791 1271 958 1330 redde,
985 1271 1084 1332 647

132 1336 297 1385 Dixit
322 1344 487 1385 autem
511 1335 879 1399 paterfamilias,
906 1349 998 1397 241

130 1402 309 1451 Dixit
328 1417 463 1450 cesar
479 1402 551 1449 ad
566 1401 857 1465 hypolitum,
883 1412 985 1462 474

134 1467 297 1517 Dixit
320 1467 416 1515 dns
437 1466 643 1515 domino
664 1482 795 1527 men,
824 1466 922 1529 873

135 1533 299 1581 Dixit
322 1532 417 1581 diis
438 1532 632 1581 mulieri
655 1532 926 1591 chananee,
954 1544 1051 1595 303

135 1598 299 1647 Dixit
324 1598 555 1647 dominus
576 1598 852 1662 paraliticO,
876 1598 974 1660 643

136 1664 299 1713 Dixit
323 1663 555 1712 dominus
579 1663 745 1713 villico
767 1664 889 1727 quid
912 1664 1025 1725 hoc,
1052 1663 1153 1726 630

137 1730 314 1778 Dixit
332 1730 577 1792 hypolitus
597 1730 669 1777 ad
684 1730 885 1789 decium,
912 1739 1013 1789 474

138 1794 299 1843 Dixit
318 1794 463 1857 Jesus
482 1794 547 1843 ad
572 1794 879 1858 legisperitos
900 1803 967 1853 et,
994 1794 1095 1855 640

139 1860 299 1909 Dixit
320 1860 370 1922 J.
398 1859 651 1923 discipulis
672 1861 771 1909 suis
793 1860 964 1909 afferte
985 1861 1066 1917 de,
1092 1872 1193 1920 420

138 1925 299 1974 Dixit
320 1926 371 1989 J.
398 1925 653 1991 discipulis
674 1926 775 1975 suis
796 1926 917 1990 quid
940 1925 1119 1985 timidi,
1149 1936 1247 1987 223

140 1991 298 2040 Dixit
326 1990 675 2053 paterfamilias
697 1992 951 2055 operariis,
980 1990 1077 2053 238

141 2057 319 2106 Dixit
336 2072 571 2105 romanus
590 2058 662 2105 ad
678 2058 886 2115 beatum,
913 2056 1013 2119 463

142 2122 400 2185 Dixitque
422 2122 571 2170 david
595 2123 657 2170 ad
684 2122 941 2171 dominum
964 2137 1093 2181 cum,
1124 2120 1221 2185 560

141 2188 379 2237 Domine
400 2187 683 2236 abstraxisti
702 2188 768 2236 ab
790 2188 971 2247 inseris,
1002 2196 1095 2248 397

144 2253 380 2303 Domine
402 2253 569 2300 audivi
592 2253 817 2301 auditum
843 2261 997 2313 tuum,
1025 2252 1124 2313 849

144 2318 381 2367 Domine
402 2318 613 2367 clamavi
634 2319 699 2367 ad
722 2328 788 2378 te,
816 2328 915 2380 917

144 2384 380 2433 Domine
399 2384 647 2433 descende
668 2391 722 2432 ut
744 2398 905 2443 sanes,
932 2382 1032 2443 646

146 2448 381 2498 Domine
401 2448 525 2498 deus
546 2448 808 2498 auxiliator
829 2464 983 2507 meus,
1013 2449 1110 2511 366

146 2514 380 2563 Domine
403 2514 525 2563 deus
546 2514 595 2563 in
620 2514 937 2577 adjutorium,
966 2514 1065 2563 812

146 2580 379 2629 Domine
393 2580 511 2629 deus
530 2580 725 2629 sabaoth
746 2580 987 2639 omnium,
1018 2579 1117 2644 580

149 2646 383 2695 Domine
403 2645 601 2694 dimitte
616 2662 727 2695 eam
750 2646 883 2709 quia,
915 2657 1011 2708 303
1048 2666 1067 2683 ·

146 2710 380 2760 Domine
397 2712 493 2759 dns
514 2716 673 2759 noster
690 2728 841 2775 quam
865 2712 1173 2770 admirabile,
1201 2724 1270 2771 40

148 2776 383 2825 Domine
404 2776 457 2824 in
480 2776 661 2826 virtute
682 2785 769 2826 tua
785 2777 1033 2835 letabitur,
1063 2786 1161 2841 750

150 2842 380 2891 Domine
400 2842 489 2891 iste
508 2848 707 2891 sanctus
728 2842 983 2903 habitabit,
1009 2854 1076 2903 42

148 2907 377 2957 Domine
381 2908 499 2971 jam
521 2910 647 2957 satis
663 2913 733 2957 est
749 2909 892 2972 quod,
919 2907 1017 2970 683

153 2973 381 3022 Domine
400 2974 525 3037 Jesu
550 2974 744 3022 Christe
762 2974 1041 3034 seminator,
1072 2972 1169 3034 708

150 3039 381 3088 Domine
400 3038 543 3102 Jesus
563 3039 663 3087 Xte
685 3040 912 3103 magister
930 3040 1057 3099 bone,
1086 3052 1153 3100 94

154 3104 383 3153 Domine
404 3104 539 3153 labia
560 3120 671 3154 mea
692 3105 898 3168 aperies,
930 3118 1025 3167 302

154 3170 381 3219 Domine
400 3172 476 3218 mi
494 3186 583 3218 rex
602 3172 668 3218 da
691 3170 825 3219 mihi
844 3171 901 3219 in
922 3171 1065 3231 disco,
1097 3180 1195 3233 520

156 3235 385 3285 Domine
407 3250 507 3284 non
530 3250 638 3284 sum
661 3236 856 3299 dignus,
884 3236 981 3297 267

156 3301 381 3349 Domine
400 3302 589 3350 ostende
608 3302 745 3350 nobis
755 3309 971 3366 patrm,
999 3300 1096 3350 268

155 3365 383 3416 Domine
406 3366 627 3430 probasti
648 3382 730 3415 me
752 3374 819 3426 et,
845 3366 945 3429 916

157 3432 383 3481 Domine
406 3447 528 3495 puer
550 3447 689 3480 meus
706 3432 853 3495 jacet,
884 3444 997 3492 220,
1027 3432 1123 3492 267

157 3497 385 3547 Domine
407 3496 645 3561 refugium
671 3497 827 3547 factus
848 3513 919 3558 es,
946 3497 1040 3557 827

158 3563 384 3612 Domine
402 3564 451 3611 si
469 3564 631 3611 adhuc
643 3565 823 3627 populo
846 3570 945 3622 tuo,
972 3562 1070 3624 687

159 3628 386 3678 Domine
407 3629 449 3677 si
473 3628 555 3677 hie
576 3628 765 3687 fuisses,
795 3641 890 3691 342

158 3694 384 3743 Domine
403 3695 452 3743 si
470 3700 527 3741 tu
549 3710 598 3743 es
604 3695 725 3758 jube
747 3710 833 3755 me,
867 3704 959 3757 345

164 3760 388 3809 Domine
410 3760 605 3823 suscipe
628 3775 708 3808 me
732 3768 785 3809 ut
806 3776 937 3819 cum,
974 3771 1066 3821 107

162 3824 387 3875 Domine
410 3824 510 3873 vim
534 3826 694 3890 patior
716 3827 977 3890 responde,
1007 3837 1104 3888 372

164 3890 386 3940 Domine
407 3890 563 3939 virtus
586 3900 635 3940 et
658 3892 839 3950 leticia,
866 3902 930 3952 97

165 3956 443 4006 Dominum
467 3957 617 4006 deum
641 3964 780 4005 tuum
802 3957 1049 4015 adorabis,
1080 3956 1181 4006 280

162 4022 451 4071 Dominum
472 4030 657 4086 semper
674 4030 721 4071 et
740 4023 929 4087 ubique,
962 4033 1059 4086 529

165 4088 420 4137 Dominus
440 4089 501 4136 ab
522 4096 658 4137 utero
678 4090 868 4137 vocavit
889 4104 977 4147 me,
1006 4100 1103 4151 333

168 4152 422 4203 Dominus
440 4154 651 4203 custodit
671 4161 718 4204 te
738 4155 799 4202 ab
819 4155 973 4212 omni,
1004 4156 1103 4219 659

169 4218 419 4269 Dominus
441 4220 497 4268 de
517 4235 709 4268 summo
730 4220 839 4279 celo,
868 4220 966 4268 218

170 4282 419 4335 Dominus
440 4285 671 4334 defensor
692 4285 793 4333 vite
816 4302 943 4345 mee,
975 4295 1071 4350 759

172 4348 419 4400 Dominus
441 4350 567 4399 dixit
592 4352 657 4399 ad
680 4366 760 4400 me
786 4368 797 4400 ε
833 4351 979 4411 filius,
1012 4362 1091 4413 77,
1126 4363 1218 4414 139

174 4414 419 4467 Dominus
442 4416 805 4466 firmamentum
830 4432 1013 4478 meum,
1044 4419 1141 4479 746

1956 362 2116 419 830

1448 479 1697 529 Dominus
1721 480 1772 529 in
1794 479 1904 529 celo
1925 479 2058 539 all’a‚
2084 490 2186 540 490

1449 547 1698 595 Dominus
1718 547 1770 595 in
1793 560 1916 609 syon
1939 545 2072 603 all'a,
2096 556 2198 605 490

1448 612 1697 661 Dominus
1719 612 1768 661 in
1793 612 1982 676 templo
2003 626 2112 670 suo,
2137 618 2234 670 477

1448 678 1703 727 Dominus
1722 678 1869 743 Jesus
1895 678 2126 727 Christus
2148 690 2248 725 non
2269 690 2332 732 se,
2363 683 2457 737 375

1452 744 1700 793 Dominus
1715 744 1960 809 judicabit
1983 742 2106 792 fines
2129 750 2272 800 terre,
2301 740 2399 789 808

1450 809 1698 858 Dominus
1720 809 1892 874 legifer
1915 817 2096 869 noster,
2121 817 2178 872 51

1450 875 1700 923 Dominus
1721 876 1844 923 mihi
1867 874 2083 938 adjutor,
2109 884 2206 937 317

1452 940 1700 989 Dominus
1720 939 1926 1005 quidem
1943 942 2105 1005 jesus,
2131 938 2230 1001 483

1451 1006 1700 1054 Dominus
1723 1006 1848 1070 regit
1871 1022 1952 1055 me
1975 1013 2024 1055 et
2045 1005 2170 1055 nihil
2193 1002 2334 1062 mihi,
2361 1000 2460 1051 882

1451 1072 1701 1121 Dominus
1721 1080 1960 1135 tanquam
1983 1072 2090 1121 ovis
2111 1071 2192 1130 ad,
2224 1069 2336 1132 382,
2362 1068 2458 1131 383

1452 1136 1701 1187 Dominus
1723 1138 1886 1187 veniet
1907 1138 2164 1195 occurrite,
2192 1136 2258 1195 64

1452 1202 1675 1251 Domum
1699 1203 1842 1252 istam
1867 1212 2072 1269 protege
2095 1202 2314 1258 domine,
2341 1200 2436 1249 661

1450 1268 1674 1317 Domum
1696 1276 1832 1317 tuam
1853 1268 2058 1317 domine
2077 1268 2237 1329 decet,
2264 1266 2362 1316 662

1453 1333 1647 1382 Domus
1669 1334 1762 1383 hec
1783 1342 1954 1383 sancta
1975 1334 2286 1390 hierusalem,
2315 1330 2414 1393 656

1452 1399 1650 1448 Domus
1671 1415 1782 1448 mea
1805 1400 1982 1448 domus
2005 1399 2258 1456 orationiS,
2288 1409 2400 1456 291,
2429 1394 2526 1444 662

1451 1464 1647 1513 Ductus
1671 1473 1745 1513 est
1763 1464 1908 1528 Jesus
1931 1464 1982 1513 in
2003 1464 2271 1521 desertum,
2299 1472 2396 1522 279

1450 1530 1613 1579 Dulce
1631 1530 1828 1593 lignum
1843 1545 1862 1579 .·
1894 1530 2054 1579 dulces
2071 1530 2243 1587 clavos,
2275 1537 2368 1590 555

1452 1596 1595 1643 Dum
1619 1596 1783 1644 adhuc
1793 1602 1922 1660 pene
1939 1596 2172 1658 vigilaret
2190 1594 2289 1653 vir,
2318 1605 2420 1653 440

1454 1662 1598 1709 Dum
1621 1677 1808 1711 aurora
1816 1660 1976 1725 finem
1997 1661 2168 1709 daret:
2199 1660 2348 1718 beata,
2381 1668 2478 1718 712

1453 1726 1600 1775 Dum
1621 1734 1786 1775 autem
1808 1727 1942 1775 irent
1960 1741 2110 1775 emere
2127 1726 2279 1784 vem't,
2309 1734 2372 1785 73

1453 1792 1601 1839 Dum
1621 1793 1930 1841 committeret
1948 1791 2126 1840 bellum
2147 1791 2308 1849 draco,
2339 1788 2433 1853 587

1456 1857 1594 1905 Dum
1615 1857 1982 1921 complerentur
2001 1857 2124 1917 dies,
2155 1866 2243 1919 501

1456 1923 1594 1971 Dum
1617 1923 1912 1973 conturbata
1932 1922 2078 1971 suerit
2099 1924 2282 1979 anima,
2311 1930 2410 1982 394

1454 1988 1600 2036 Dum
1621 1994 1734 2037 esset
1755 2005 1843 2038 rex
1861 1991 1918 2038 in
1939 1988 2160 2037 acmbitu
2179 2002 2282 2045 suo,
2310 1987 2378 2035 60

1458 2054 1595 2102 Dum
1617 2054 1758 2103 sortis
1777 2062 2011 2113 armatus,
2037 2052 2136 2117 318

1454 2120 1598 2167 Dum
1623 2121 1881 2169 inventum
1904 2126 2019 2169 esset
2034 2118 2442 2175 sacratissimum,
2464 2124 2561 2177 447

1454 2186 1600 2233 Dum
1607 2186 1878 2250 jactantur
1887 2193 2076 2251 puppes
2093 2186 2211 2244 salo,
2241 2196 2304 2232 22
2308 2194 2338 2246 3

1457 2250 1594 2299 Dum
1617 2252 1836 2301 medium
1859 2252 2127 2311 silentium,
2159 2262 2257 2313 130

1456 2316 1594 2365 Dum
1617 2326 1752 2367 ortus
1773 2318 1919 2367 fuerit
1940 2318 2032 2378 sol,
2061 2328 2123 2381 75

1456 2382 1600 2429 Dum
1615 2384 1921 2447 preliantur
1941 2384 2163 2442 michael,
2194 2380 2288 2446 587

1456 2448 1598 2495 Dum
1617 2456 1926 2499 sacramenta
1947 2450 2140 2515 ffrret
2159 2450 2333 2506 beatus,
2363 2454 2459 2509 377

1455 2513 1602 2561 Dum
1624 2530 1820 2563 sacrum
1845 2516 2132 2580 mysterium
2155 2515 2334 2571 heatus,
2363 2510 2462 2559 608

1457 2578 1602 2627 Dum
1623 2596 1820 2629 sacrum
1845 2581 2132 2643 mysterium
2153 2584 2372 2637 cerneret,
2405 2576 2494 2639 581

1458 2644 1596 2692 Dum
1618 2653 1771 2694 staret
1791 2646 2027 2695 abr-aliam
2051 2646 2134 2705 ad,
2160 2654 2258 2707 255

1456 2710 1593 2757 Dum
1619 2710 1877 2760 tribularer
1897 2711 2126 2770 clamavi,
2155 2718 2251 2772 372

1460 2774 1596 2823 Dum
1618 2776 1806 2825 venerit
1827 2776 1955 2825 filius
1976 2776 2208 2833 hominis,
2236 2782 2302 2837 45

1459 2840 1595 2888 Dum
1619 2842 1807 2890 venerit
1831 2841 2124 2905 paraclytus,
2152 2840 2251 2900 462

1459 2905 1578 2954 Duo
1599 2906 1828 2956 homines
1848 2907 2184 2957 ascendebant
2205 2906 2275 2966 111,
2302 2903 2402 2966 632

1457 3102 1511 3150 Ε
1518 3101 1658 3152 CCE
1677 3104 1866 3153 ancilla
1887 3102 2192 3168 dominifiat
2212 3101 2358 3160 mibi,
2389 3110 2490 3162 234

1460 3168 1594 3218 Ecce
1615 3170 1890 3234 apparebit,
1921 3182 1984 3233 33

1462 3233 1595 3285 Ecce
1615 3235 1927 3284 ascendimus
1948 3233 2329 3297 hierosolymam
2355 3233 2446 3293 (1),
2475 3230 2566 3278 261

1462 3298 1597 3350 Ecce
1619 3302 1930 3351 ascendimus
1953 3298 2321 3350 hierosolimam
2346 3300 2436 3358 (2),
2467 3294 2566 3359 306

1463 3364 1597 3415 Ecce
1618 3368 1869 3433 completa
1891 3375 2006 3416 sunt
2026 3366 2212 3423 omnia,
2243 3374 2308 3424 74

1460 3430 1588 3481 Ecce
1613 3448 1800 3481 crucem
1823 3433 2018 3482 domini
2023 3431 2193 3496 fhgite
2203 3435 2386 3494 partes,
2415 3436 2530 3488 274,
2563 3436 2660 3490 559

1464 3496 1588 3546 Ecce
1605 3499 1720 3547 dedi
1737 3500 1880 3549 voeba
1903 3514 2010 3547 mea
2031 3499 2086 3546 in
2107 3512 2187 3546 ore
2209 3504 2304 3554 tuo,
2338 3506 2434 3557 333

1465 3560 1597 3613 Ecce
1619 3565 1744 3614 deus
1764 3573 1931 3614 noster
1953 3579 2066 3614 curn
2089 3563 2286 3621 virtute,
2318 3570 2378 3625 55

1464 3626 1598 3679 Ecce
1621 3630 1742 3680 deus
1765 3639 1933 3680 noster
1955 3629 2338 3694 expectavimus,
2367 3628 2433 3687 64
2470 3636 2478 3643 ’

1466 3692 1598 3744 Ecce
1621 3696 1715 3745 diis
1737 3712 1876 3746 meus
1897 3704 1948 3746 et
1970 3696 2244 3752 honorab0,
2275 3704 2334 3756 51

1466 3758 1598 3810 Ecce
1619 3762 1716 3811 diis
1737 3770 1904 3811 noster
1925 3777 2040 3811 cum
2061 3762 2260 3818 virtute,
2289 3770 2352 3821 33

1468 3824 1600 3876 Ecce
1622 3828 1852 3876 dominus
1874 3829 2056 3885 veniet,
2091 3835 2168 3888 15,
2197 3836 2256 3873 21

1468 3889 1599 3941 Ecce
1621 3906 1718 3957 ego
1733 3893 1980 3955 johannes
1999 3890 2121 3949 vidi,
2156 3901 2246 3950 103

1464 3954 1590 4007 Ecce
1609 3975 1689 4023 ego
1697 3960 1943 4023 johannes
1961 3957 2075 4005 vidi
2093 3956 2282 4014 ostium,
2319 3966 2338 4001 1
2352 3966 2371 4002 1

1466 4026 1592 4073 Ecce
1612 4041 1692 4089 ego
1714 4024 1856 4073 mz’tto
1875 4039 1959 4071 vos
1979 4023 2110 4070 sicut
2127 4036 2248 4079 oves,
2284 4032 2303 4067 1
2317 4031 2336 4066 1

1466 4091 1592 4139 Ecce
1609 4090 1744 4139 enim
1751 4090 1869 4154 jam
1891 4088 2077 4137 delibor
2094 4092 2142 4136 et
2161 4092 2364 4149 tempus,
2389 4083 2486 4146 363

1466 4157 1592 4205 Ecce
1598 4156 1770 4219 sactus
1789 4160 1858 4203 est
1875 4169 2011 4202 sacer
2031 4152 2127 4210 ille,
2161 4161 2256 4214 574

1467 4222 1592 4270 Ecce
1607 4236 1727 4285 gens
1746 4235 1838 4283 que
1849 4220 2002 4282 prius
2023 4223 2260 4275 monstra,
2291 4215 2388 4263 216

1470 4288 1602 4336 Ecce
1623 4286 1676 4334 in
1702 4285 1914 4333 nubibus
1937 4282 2049 4343 celi,
2078 4294 2141 4345 32

1469 4354 1594 4401 Ecce
1600 4352 1716 4413 jam
1741 4350 1798 4399 in
1819 4350 2026 4398 sublime
2046 4364 2182 4413 agor,
2215 4360 2234 4396 1
2247 4356 2306 4409 57

1471 4418 1602 4466 Ecce
1620 4416 1725 4479 jam
1749 4415 1882 4465 venit
1907 4414 2183 4480 plenitude,
2210 4422 2276 4478 45
