3117 4959
804 254 1234 311 COMMUNE
1287 222 1544 311 UNJiJs
1602 255 1980 311 VJRGJMS.

672 362 754 416 61

156 488 425 551 regnum
475 466 762 531 celorum
837 487 1084 551 sagene
1144 467 1342 531 misse

156 557 223 619 in
271 576 445 619 mare
481 564 546 619 et
584 576 672 619 ex
705 558 888 619 omni
938 576 1178 638 genere
1207 557 1340 639 pis-

153 645 324 707 cium
356 645 777 726 congreganti
797 664 999 727 quam
1031 665 1184 707 cum
1219 646 1340 707 im-

153 732 329 814 pleta
379 742 549 795 esset
608 733 968 796 educentes
1019 742 1087 797 et
1149 754 1340 797 secus

151 820 332 882 littus
379 820 683 883 sedentes
735 820 1077 901 elegerunt
1125 822 1338 885 bonos

147 908 212 971 in
259 927 417 971 vasa
461 927 580 971 sua
630 908 844 971 malos
891 918 1116 981 autem
1163 909 1338 973 foras

149 996 477 1059 miserunt.
496 1005 598 1078 pf.
635 995 1040 1078 Magnificat.
1089 997 1336 1061 Oratio,

143 1087 412 1214 Deus
443 1084 557 1166 qui
578 1104 698 1147 nos
718 1086 914 1148 beate
937 1086 1017 1148 N.
1042 1085 1335 1169 virginis¹

295 1172 737 1254 martyrisque
788 1182 903 1237 tue
951 1194 1174 1237 annua
1233 1194 1338 1237 so-

141 1258 458 1323 lennitate
503 1259 818 1325 letificas:
850 1262 1142 1325 concede
1186 1283 1340 1345 pro-

141 1346 356 1427 picius'
379 1355 453 1411 ut
484 1347 632 1429 ejus
660 1350 1053 1430 adjuvemur
1081 1351 1338 1414 virtuti-

141 1436 264 1499 bus
320 1435 510 1515 cujus
572 1439 897 1526 castitatis
949 1439 1342 1503 irradiamur

139 1524 480 1607 exemplis
579 1524 702 1589 Per
730 1524 1094 1591 dominum.

151 1611 218 1675 U
213 1613 362 1674 nius
403 1612 696 1695 virgy‘mk
739 1634 863 1677 non
908 1614 1240 1694 martyras.

150 1702 654 1833 Omnipotens
735 1703 976 1784 sempi-
1062 1701 1338 1785 [Oratio.

271 1799 456 1852 terne
501 1790 673 1853 deus
721 1792 808 1853 da
856 1790 1048 1854 nobis
1095 1792 1161 1853 in
1212 1792 1338 1855 ses-

139 1877 392 1942 tivitate
411 1877 614 1941 beate
647 1878 728 1942 N.
753 1879 1020 1960 virginis
1051 1889 1165 1943 tue
1185 1900 1340 1943 con-

138 1984 298 2045 grua
356 1966 720 2030 devotione
764 1968 1098 2049 gaudere:
1145 1976 1220 2031 ut
1269 1976 1340 2031 et

139 2053 504 2134 potentiam
558 2062 744 2118 tuam
782 2055 849 2117 in
883 2054 1027 2135 ejus
1055 2056 1338 2120 transitu

139 2140 524 2205 laudemus:
604 2151 671 2206 et
729 2144 1068 2224 provisum
1145 2143 1340 2207 nobis

138 2228 581 2312 percipiamus
605 2230 948 2295 auxilium.
979 2250 1098 2314 per
1125 2232 1340 2296 domi-

139 2336 312 2383 num.

143 2410 204 2483 1[
245 2406 368 2469 Ad
391 2406 764 2469 matutinas
785 2406 1014 2473 invita.
1062 2407 1340 2490 Agnum

139 2514 446 2574 sponsum
495 2494 851 2577 virginum.
897 2496 1142 2561 Venite
1180 2496 1344 2559 ado-

140 2600 350 2646 remus
410 2584 766 2647 dominum
827 2584 1056 2665 Jesum
1122 2583 1342 2648 Chris-

141 2679 296 2735 tum.
352 2682 456 2752 pf.
491 2672 760 2735 Venite.
820 2672 1134 2751 Hymnus
1191 2672 1342 2737 Vir-

137 2758 300 2839 ginis
330 2760 556 2842 proles
588 2769 664 2822 ut
687 2769 903 2841 supra.
978 2760 1065 2823 In
1093 2760 1156 2842 j.
1201 2781 1341 2823 noc-

140 2856 322 2911 turno
377 2857 484 2912 αῆ.
570 2847 758 2911 Ante
824 2846 1091 2910 thorum
1143 2846 1340 2929 hujus

137 2935 398 3017 virginis
428 2935 854 3017 frequentate
900 2936 1091 3000 nobis
1121 2935 1342 2999 dulcia

139 3024 389 3088 cantica
471 3024 864 3105 dragmatis,
963 3032 1059 3105 pff.
1153 3024 1339 3087 Deus

139 3110 332 3173 deus²
379 3122 628 3175 noster.
717 3112 780 3173 A
791 3120 851 3176 ῆ.
917 3112 1128 3194 Nigra
1190 3132 1336 3175 sum

137 3200 250 3262 sed
300 3200 602 3267 formosa
692 3198 826 3263 filia
899 3198 1337 3266 hierusalem:

137 3286 283 3349 ideo
340 3287 589 3353 dilexit
667 3308 774 3351 me
836 3308 956 3350 rex
1006 3297 1073 3352 et
1137 3288 1340 3351 intro-

135 3374 326 3440 duxit
356 3396 466 3440 me
497 3378 570 3439 in
603 3375 979 3440 cubiculum
1009 3384 1221 3439 suum.
1237 3384 1340 3458 ps.

138 3462 276 3526 celi
305 3474 638 3529 enarrant.
683 3466 819 3528 Αῆ.
862 3463 925 3528 O
959 3483 1162 3545 quam
1194 3464 1337 3546 pul-

135 3550 286 3615 chra
359 3561 464 3616 est
543 3562 729 3615 casta
788 3552 1130 3634 generatio
1185 3571 1336 3615 cum

135 3640 445 3706 claritate.
485 3650 591 3722 pf.
650 3641 922 3704 Domini
984 3649 1085 3704 est
1146 3649 1337 3705 terra.

135 3742 182 3813 y
211 3728 474 3792 Diffusa
506 3737 626 3794 est.
1049 3728 1266 3791 Lectio
1274 3729 1336 3810 j.

133 3819 488 3947 Auctor
537 3824 606 3879 et
651 3824 1068 3880 consecrator
1095 3816 1338 3898 virgin-

296 3905 479 3968 itatis
579 3905 774 3986 Jesus
847 3901 1151 3969 Christus
1224 3905 1338 3985 qui

135 3992 293 4054 dum
353 3993 440 4056 de
494 3994 656 4057 sede
717 4000 992 4075 paterna
1053 3992 1119 4054 in
1173 3991 1342 4055 hec⁸

135 4080 398 4143 intima⁴
428 4080 833 4144 descendere
863 4081 1176 4161 dignatus
1208 4088 1338 4145 est:

139 4188 463 4252 nusquam
490 4169 849 4251 gratiorem
883 4168 1100 4231 locum
1133 4188 1335 4251 quam

235 4330 248 4359 ¹
286 4329 351 4379 Et
371 4330 603 4393 martyris
627 4348 640 4379 t
675 4329 808 4378 E.G.

232 4396 253 4426 ¹
286 4396 511 4445 Dom'ne
534 4396 764 4445 dominus
790 4414 803 4444 z
840 4394 1109 4446 R.E.G.S.

235 4463 256 4491 ⁸
290 4462 414 4513 ‘hec
435 4463 448 4485 ’
473 4478 602 4511 om.=
637 4462 834 4511 E.G.S.

1994 364 2101 419 62

1443 468 1511 532 in
1541 468 1838 550 virgineo
1880 468 2128 534 invenit
2175 480 2458 553 pectore.
2554 470 2645 538 Et

1443 556 1594 620 ideo
1668 557 1986 640 pudicitie
2060 559 2404 641 integritas
2478 561 2647 625 cele-

1446 644 1701 707 branda
1775 653 1877 709 est
1952 667 2375 730 magnopere.
2526 650 2643 714 Re.

1449 732 1711 796 Diffusa
1744 742 1843 795 est
1883 736 2097 815 gratia
2144 736 2209 797 in
2258 736 2453 800 labiis
2496 738 2645 801 tuis,

1445 822 1803 903 Propterea
1855 822 2203 887 benedixit
2254 834 2323 887 te
2366 827 2531 888 deus
2578 828 2645 889 in

1446 918 1765 973 eternum.
1815 927 1862 995 γ
1936 910 2251 974 Dilexisti
2306 912 2643 993 justiciam

1444 1005 1514 1060 et
1588 998 1787 1061 odisti
1860 997 2299 1082 iniquitatem.
2444 1002 2645 1085 Prop-

1443 1093 1641 1148 terea.
2334 1090 2545 1153 Lectio
2576 1091 2643 1173 ᾔ.

1444 1174 1631 1305 H
1637 1173 1739 1237 inc
1772 1182 1873 1237 est
1892 1176 2071 1255 quod
2096 1176 2159 1239 in
2190 1174 2389 1256 hujus
2418 1188 2646 1243 sancte

1631 1261 1899 1342 virginis
1924 1262 2003 1325 N.
2030 1264 2342 1328 solenniis
2372 1274 2441 1329 et
2472 1266 2646 1347 psal-

1447 1350 1576 1412 mis
1595 1358 1662 1412 et
1682 1350 1949 1431 hymnis
1968 1360 2033 1414 et
2048 1353 2324 1415 canticis
2340 1354 2647 1435 spiritua-

1448 1436 1623 1500 libus
1648 1456 2051 1519 occupamur
2076 1460 2089 1501 :
2122 1441 2436 1521 quatinus
2454 1442 2478 1479 ⁶
2502 1442 2643 1523 ejus

1447 1525 1775 1609 suffragiis
1823 1527 1953 1590 deo
1999 1530 2541 1594 commendemur
2579 1540 2650 1594 et

1446 1614 1770 1696 precibus,
1817 1614 1930 1677 Re.
1995 1616 2272 1698 Propter
2298 1618 2645 1682 veritatem

1446 1710 1516 1764 et
1561 1702 2137 1766 mansuetudinem
2194 1713 2261 1767 et
2296 1704 2643 1786 justitiam.

1451 1790 1543 1853 Et
1584 1789 1869 1854 deducet
1916 1798 1986 1854 te
2047 1791 2433 1856 mirabiliter
2478 1794 2647 1857 dex-

1446 1886 1591 1941 tera
1634 1885 1765 1942 tua.
1821 1895 1870 1962 y
1898 1878 2082 1943 Audi
2116 1878 2251 1943 filia
2288 1890 2355 1945 et
2400 1882 2548 1945 vide
2579 1892 2647 1946 et

1445 1965 1691 2029 inclina
1751 1986 1976 2030 aurem
2030 1978 2215 2031 tuam
2266 1978 2337 2033 et
2380 1970 2648 2033 oblivis-

1445 2074 1593 2118 cere
1643 2054 1965 2137 populum
2009 2065 2198 2119 tuum
2248 2066 2317 2121 et
2369 2059 2646 2123 domum

1446 2142 1652 2224 patris
1684 2142 1797 2207 tui.
1848 2144 1937 2206 Et
1968 2144 2269 2209 deducet.
2316 2146 2531 2209 Lectio
2552 2147 2647 2228 iij.

1445 2232 1756 2361 Digne
1807 2251 1966 2313 ergo
1997 2242 2065 2295 et
2110 2254 2400 2315 congrue
2450 2233 2649 2316 hujus

1602 2327 1829 2382 sancte
1851 2320 2123 2402 virginis
2143 2321 2244 2402 cuj
2254 2342 2329 2385 us
2348 2322 2651 2386 solennia

1445 2405 1857 2470 celebramus
1887 2409 1995 2490 pie
2048 2409 2439 2491 placationis
2480 2410 2647 2474 mul-

1445 2494 1823 2576 tiplicamus
1845 2496 2093 2560 officia:
2141 2508 2270 2579 que
2290 2498 2449 2562 dum
2478 2518 2649 2561 mar-

1445 2584 1612 2663 tyris
1661 2592 1727 2646 et
1776 2583 2045 2665 virginis
2090 2594 2317 2649 secuta
2364 2595 2466 2649 est
2503 2607 2649 2649 ves-

1447 2671 1605 2753 tigia
1646 2672 1833 2752 virgo
1879 2681 1948 2735 et
1994 2674 2249 2737 mater⁶
2301 2674 2646 2737 salvatoris

1446 2760 1809 2841 promeruit
1871 2760 2173 2826 existere.
2262 2762 2378 2826 Re.
2468 2763 2647 2845 Reg-

1445 2866 1607 2910 num
1642 2848 1871 2910 mundi
1904 2857 1973 2910 et
2014 2868 2283 2912 omnem
2336 2858 2647 2913 ornatum

1444 2934 1647 2998 seculi
1671 2936 2039 3017 contempsi
2060 2944 2331 3018 propter
2354 2956 2645 3000 amorem

1445 3023 1700 3086 domini
1734 3024 1864 3085 mei
1896 3022 2054 3103 Jesu
2089 3023 2349 3088 Christi.
2424 3025 2645 3106 Quem

1442 3110 1581 3174 vidi
1634 3130 1835 3192 quem
1888 3112 2105 3175 amavi
2158 3132 2356 3193 quem
2399 3112 2647 3176 credidi

1445 3218 1646 3281 quem
1708 3198 1933 3263 dilexi.
2031 3215 2080 3286 y
2144 3200 2490 3263 Eructavit
2533 3221 2649 3264 cor

1447 3306 1671 3350 meum
1702 3287 1978 3350 verbum
2017 3287 2268 3350 bonum
2323 3288 2475 3351 dico
2520 3310 2646 3371 ego

1444 3394 1649 3457 opera
1680 3394 1829 3437 mea
1858 3376 2013 3457 regi.
2092 3374 2329 3457 Quem.
2402 3376 2647 3441 Gloria.

1447 3463 1685 3545 Quem.
1780 3467 1844 3540 (s
1903 3463 1989 3525 In
2044 3463 2111 3546 zj.
2174 3474 2477 3528 nocturno
2538 3475 2644 3530 aii.

1448 3552 1685 3633 Specie
1726 3558 1844 3614 tua
1882 3560 1950 3614 et
1995 3551 2484 3633 pulchritudine
2531 3563 2647 3618 tua

1445 3639 1717 3702 intende
1802 3659 2113 3721 prospere
2202 3642 2489 3721 procede
2578 3650 2646 3704 et

1445 3746 1666 3809 regna.
1729 3736 1827 3808 pff.
1894 3728 2255 3792 Eructavit.
2318 3729 2377 3790 A
2392 3738 2453 3793 ἢ.
2500 3729 2647 3792 Ad-

1437 3814 1701 3895 juvabit
1732 3834 1879 3878 eam
1912 3816 2075 3878 deus
2112 3817 2299 3880 vultu
2330 3836 2453 3879 suo
2483 3817 2647 3880 deus

1445 3904 1510 3965 in
1539 3903 1761 3965 medio
1782 3904 1924 3985 ejus
1950 3923 2083 3966 non
2106 3904 2645 3969 commovebitur.

1428 3999 1532 4071 pff.
1574 3991 1759 4053 Deus
1807 4000 2030 4054 noster
2078 3992 2419 4073 refugium.
2508 3995 2643 4057 Αῆ.

1448 4079 1599 4142 Hec
1688 4086 1787 4142 est
1861 4079 2049 4161 virgo
2131 4089 2365 4143 sancta
2442 4090 2647 4162 atque

1443 4167 1734 4249 gloriosa
1792 4167 1948 4250 quia
1996 4168 2307 4231 dominus
2346 4171 2645 4232 omnium

1608 4330 1627 4358 ⁴
1658 4326 1865 4376 infima:
1901 4327 2035 4377 R.E.

1605 4396 1625 4423 ⁸
1658 4402 1903 4457 quatenus
1929 4412 1941 4442 ε
1978 4394 2340 4443 W.R.E.G.S.

1605 4462 1625 4488 ⁸
1659 4475 1750 4523 pro
1780 4459 2001 4519 ‘mater,'
2029 4468 2242 4524 martyr:
2279 4460 2343 4509 G.
