3117 4959
711 273 1092 330 DECOLLA
1107 275 1160 329 T
1153 271 1390 329 IONIS
1434 272 1497 329 S.
1550 272 2005 346 JOHANNJS.

665 383 804 438 315

140 487 424 572 philippo
485 507 776 551 uxorem.
871 505 914 573 γ
963 487 1314 570 Arguebat
1413 486 1731 550 todiebat.

139 575 468 640 herodem¹
517 575 843 657 johannes
885 585 1156 658 propter
1194 575 1308 638 he-

141 665 482 728 rodiadem.
569 663 812 745 Quam.
994 661 1208 726 Lectio
1238 663 1308 745 ᾔ.

1934 381 2075 435 316

1866 485 1951 548 In
2025 485 2096 568 ὴ.
2171 493 2406 548 noctur.
2496 493 2603 549 αῆ.

1418 574 1725 637 Herodes
1755 582 1823 636 te
1854 573 2024 656 petit
2054 594 2251 638 causa
2275 571 2604 653 johannes

1411 662 1758 743 injuriatur
1814 662 2051 726 causa²
2102 661 2359 742 justitie
2396 681 2411 724 :
2488 660 2601 742 qui

139 755 276 884 ln
336 751 778 815 ecclesiastica
852 771 1010 814 vero
1069 751 1312 832 legitur
1409 751 1727 832 requirit:
1772 749 1838 812 in
1872 760 1939 812 te
1972 750 2223 813 invenit
2267 746 2449 829 quod
2481 768 2601 831 pu-

233 840 523 921 hystoria
589 839 850 921 josephi
926 838 1310 902 testimonio

1409 838 1549 901 niat
1592 847 1661 901 et
1709 839 1773 901 in
1820 837 2113 919 johanne
2146 836 2323 918 quod
2358 835 2599 898 doleat.

143 928 535 990 introducto:
580 927 760 1008 quod
802 925 1082 990 herodes
1114 947 1311 1008 prop-
1393 933 1493 1006 pf.
1590 925 1761 989 Cum
1796 926 2188 988 invocarem.
2255 924 2386 987 Αῆ.
2462 923 2601 985 He-

141 1024 234 1078 ter
257 1014 376 1077 hoc
407 1015 588 1077 misit
612 1012 976 1095 johannem
1001 1014 1066 1076 in
1093 1033 1304 1077 carce-

142 1123 304 1165 rem:
345 1103 502 1185 quia
531 1100 800 1165 videbat
826 1102 1004 1183 quod
1038 1121 1308 1184 precep-

139 1192 216 1252 tis
269 1189 406 1270 ejus
457 1210 536 1253 ac
591 1190 857 1252 monitis
910 1189 1178 1252 obedire
1241 1191 1308 1252 in

139 1278 428 1340 omnibus
517 1276 706 1359 plebs
781 1285 956 1340 esset
1029 1285 1308 1358 parata:

139 1365 484 1446 meliusque
567 1364 846 1428 credidit
921 1364 1306 1446 priusquam

136 1451 366 1535 aliquid
398 1453 628 1517 fieret:
674 1453 1034 1534 anticipare
1069 1452 1308 1534 johan-

137 1561 272 1604 nem
331 1561 536 1604 nece:
613 1559 814 1622 quam
875 1540 1306 1622 postmodum

133 1629 394 1692 turbatis
419 1628 616 1692 rebus
635 1648 848 1691 seram
870 1628 1306 1710 penitentiam

134 1726 356 1798 ageret.
426 1716 542 1778 Ex
571 1715 714 1779 sola
738 1715 914 1778 enim
936 1716 1308 1797 suspicione

134 1804 376 1867 herodis
429 1804 496 1866 in
554 1802 828 1868 castello
881 1803 1308 1867 macheronta

136 1893 370 1955 vinctus
393 1891 750 1955 adducitur
774 1891 1119 1973 johannes,
1185 1891 1304 1955 Re.

135 1979 450 2060 Johannes
495 1979 792 2062 baptista
835 1980 1155 2062 arguebat
1191 1978 1304 2042 he—

136 2067 342 2130 rodem
379 2087 394 2130 :
472 2068 753 2149 Propter
823 2067 1254 2130 herodiadem
1290 2089 1305 2131 :

135 2175 314 2235 quam
361 2154 608 2218 tulerat
649 2154 832 2219 fratri
881 2175 1004 2218 suo
1055 2155 1304 2218 viventi

135 2263 406 2306 uxorem.
452 2260 501 2329 γ
537 2243 748 2306 Misso
777 2243 1059 2305 herodes
1091 2243 1307 2325 spicu-

135 2329 320 2393 latore
347 2353 360 2394 :
406 2332 707 2414 precepit
742 2331 1072 2412 amputari
1103 2339 1305 2411 caput

128 2415 412 2498 johannis
485 2419 554 2480 in
629 2438 904 2482 carcere.
1029 2419 1307 2500 Propter

133 2503 558 2569 herodiadem.
961 2504 1175 2569 Lectio
1207 2507 1301 2587 ἐϋ.

135 2594 480 2722 Dicebat
527 2595 708 2657 enim
749 2591 1079 2674 johannes
1116 2592 1306 2656 hero-

267 2682 374 2744 di:
443 2682 604 2744 Non
669 2681 822 2744 licet
882 2682 1002 2744 tibi
1061 2679 1304 2744 habere

137 2787 388 2832 uxorem
428 2769 652 2833 fratris
698 2770 814 2834 tui.
905 2769 1081 2832 Ecce
1125 2769 1304 2832 unde

130 2855 430 2934 johannes
505 2856 838 2920 offendit:
913 2876 1068 2921 ecce
1127 2858 1305 2921 unde

137 2941 390 3008 herodes
448 2945 626 3008 furit.
732 2943 1020 3007 Dicebat
1080 2953 1148 3007 et
1201 2943 1305 3025 jo-

136 3029 396 3096 hannes:
443 3032 628 3115 quod
676 3041 819 3096 erat
873 3031 1076 3113 legis:
1122 3032 1302 3114 quod

131 3116 408 3197 justitie:
504 3121 688 3202 quod
765 3118 996 3182 salutis
1032 3141 1046 3183 :
1127 3129 1304 3183 certe

137 3208 290 3285 quod
321 3216 460 3270 erat
502 3227 641 3271 non
691 3207 826 3270 odii
871 3208 987 3271 sed
1040 3208 1299 3270 amoris.

139 3291 249 3355 Die
275 3315 424 3358 vero
457 3295 700 3358 natalis
729 3295 994 3358 herodis
1039 3295 1306 3358 saltavit

135 3378 486 3446 herodiadis
549 3381 688 3445 filia
763 3384 830 3445 in
909 3383 1130 3446 medio
1189 3383 1303 3445 tri-

137 3468 356 3534 clinio:
432 3480 500 3534 et
568 3471 831 3552 placuit,
877 3471 1159 3533 herodi:
1236 3479 1305 3534 et

137 3557 418 3621 omnibus
477 3557 712 3622 amicis
777 3557 969 3639 ejus:
1016 3567 1083 3620 et
1126 3557 1306 3638 jure-

133 3641 392 3721 jurando
466 3645 803 3729 pollicitus
863 3654 965 3709 est
1023 3646 1084 3708 ei
1145 3646 1304 3708 dare

137 3733 554 3815 quodcunque
610 3733 1012 3815 postulasset
1065 3732 1152 3796 ab
1203 3752 1301 3797 e0.

135 3817 234 3882 Re.
323 3821 673 3884 Metuebat
732 3821 1011 3884 herodes
1065 3819 1304 3901 johan-

137 3925 306 3971 nem:
353 3909 586 3973 Sciens
617 3929 770 3971 eum
802 3910 1012 3972 virum
1046 3908 1300 3989 justum

135 4002 193 4055 et
256 4006 572 4060 sanctum.
713 3997 806 4059 Et
886 3997 1303 4060 custodiebat

136 4099 282 4147 eum.
368 4101 417 4170 γ
466 4085 558 4147 Et
609 4085 842 4149 audito
903 4104 1027 4148 eo:
1093 4084 1304 4148 multa

136 4167 432 4236 faciebat:
477 4181 548 4235 et
578 4171 860 4235 libenter
890 4192 1044 4235 eum
1078 4173 1300 4235 audie-

133 4255 251 4321 bat.
336 4259 585 4325 Sciens.
676 4260 918 4324 Gloria.
1012 4260 1104 4323 Et
1157 4279 1301 4324 cus-

475 4450 486 4479 ¹
522 4447 771 4498 herodes:
807 4449 859 4499 S.

1408 1013 1637 1075 rodem
1687 1013 2015 1094 johannes
2056 1011 2300 1075 sanctis
2332 1009 2599 1073 monitis

1409 1120 1540 1164 non
1566 1101 1985 1164 accusatione
2008 1099 2335 1181 pulsavit:
2367 1107 2599 1180 utpote

1409 1198 1670 1250 amator
1728 1187 2094 1252 castitatis:
2154 1205 2353 1268 quem
2403 1187 2599 1248 corri-

1407 1295 1561 1357 gere
1582 1275 1788 1340 voluit
1809 1297 1941 1338 non
1962 1275 2192 1357 perire.
2227 1282 2329 1356 pff.
2374 1273 2599 1337 Verba

1409 1383 1574 1426 mea.
1623 1364 1755 1426 An.
1781 1363 2067 1426 Dicebat
2081 1363 2409 1444 johannes
2430 1361 2593 1442 bap-

1405 1453 1568 1514 tista
1591 1451 1770 1533 quod
1792 1460 1935 1515 erat
1964 1451 2129 1533 legis
2157 1470 2172 1513 :
2204 1449 2385 1532 quod
2400 1449 2593 1530 justi-

1409 1539 1531 1602 tie:
1560 1539 1739 1621 quod
1760 1548 1902 1602 erat
1926 1537 2158 1601 salutis
2182 1545 2393 1602 :certe
2417 1537 2596 1619 quod

1405 1636 1548 1689 erat
1604 1647 1737 1689 non
1786 1627 1921 1690 odii
1980 1627 2097 1689 sed
2158 1625 2418 1689 amoris,
2500 1633 2594 1706 pf.

1410 1715 1702 1778 Domine
1784 1715 2091 1778 dominus
2176 1721 2415 1776 noster.
2548 1729 2597 1798 γ

1410 1803 1713 1866 Posuisti.

1404 1890 1733 2021 Puella
1751 1910 1907 1953 vero
1926 1889 2300 1971 premonita
2322 1909 2362 1952 a
2384 1896 2597 1951 matre

1556 1999 1716 2042 sua:
1763 1979 1852 2041 da
1883 1976 2043 2041 mihi
2075 1977 2291 2058 inquit
2312 1977 2379 2038 in
2411 1977 2597 2040 disco

1405 2075 1607 2148 caput
1662 2066 1971 2147 johannis
2032 2065 2335 2146 baptiste.
2446 2063 2598 2129 Hec

1405 2163 1507 2217 est
1540 2153 1811 2217 mulier:
1857 2153 1981 2216 hec
2025 2162 2127 2216 est
2176 2152 2289 2216 illa
2322 2152 2599 2234 antiqua

1407 2240 1711 2306 malicia:
1788 2262 1917 2323 que
1978 2241 2175 2304 adam
2252 2240 2446 2321 ejecit
2512 2239 2596 2302 de

1403 2330 1713 2412 paradiso
1748 2351 1764 2394 :
1870 2338 1939 2392 et
2026 2330 2233 2392 vitam
2324 2326 2599 2392 abstulit

1403 2418 1659 2480 mundo
1696 2439 1709 2482 :
1804 2424 1872 2480 et
1944 2416 2310 2480 humanum
2386 2434 2597 2497 genus

1403 2507 1636 2568 mersit
1680 2506 1745 2568 in
1794 2504 2140 2568 infernum.
2236 2504 2385 2566 Hec
2417 2503 2597 2566 inve-

1405 2594 1504 2655 nit
1551 2601 1843 2656 veterem
1894 2591 2190 2655 laborem
2238 2599 2306 2653 et
2338 2611 2600 2672 pressu-

1403 2701 1587 2743 ram:
1652 2701 1781 2762 que
1844 2699 2017 2742 nunc
2066 2679 2311 2748 occidit
2357 2678 2598 2759 johan-

1405 2787 1558 2830 nem
1610 2768 1990 2850 baptistam.
2082 2767 2275 2829 Tune
2324 2765 2595 2828 contris-

1403 2863 1584 2919 tatus
1608 2864 1709 2918 est
1732 2875 1851 2917 rex
1874 2854 2338 2917 vehementer:
2369 2861 2596 2915 tamen

1403 2951 1678 3025 propter
1720 2941 2184 3024 jusjurandum
2234 2949 2303 3003 et
2345 2960 2596 3002 recum-

1403 3031 1640 3094 bentes
1672 3031 1853 3093 misit
1884 3037 1951 3091 et
1976 3027 2330 3092 decollavit
2356 3027 2596 3109 johan-

1405 3139 1557 3181 nem
1588 3139 1603 3181 :
1651 3126 1720 3181 et
1766 3115 2046 3180 allatum
2078 3125 2179 3179 est
2210 3123 2413 3198 caput
2451 3114 2596 3194 ejus

1403 3207 1469 3269 in
1513 3207 1740 3271 disco:
1787 3214 1856 3268 et
1904 3205 2136 3268 datum
2186 3212 2287 3267 est
2335 3201 2595 3286 puelle:

1403 3303 1472 3356 et
1508 3293 1729 3376 puella
1774 3289 1961 3356 dedit
2009 3291 2205 3354 matri
2250 3311 2384 3354 sue.
2476 3290 2595 3353 Re.

1409 3383 1715 3445 Herodes
1765 3381 1941 3444 enim
1990 3380 2207 3443 tenuit
2248 3386 2317 3442 et
2366 3377 2597 3458 ligavit

1397 3469 1763 3551 johannem
1792 3491 1805 3532 :
1839 3478 1907 3531 et
1938 3468 2159 3550 posuit
2178 3468 2245 3530 in
2265 3486 2595 3530 carcerem

1403 3564 1679 3639 propter
1721 3555 2189 3620 herodiadem:
2236 3555 2458 3638 Quam
2490 3563 2594 3617 tu-

1405 3643 1570 3708 lerat
1603 3644 1785 3707 fratri
1818 3665 1937 3707 suo
1969 3643 2271 3725 philippo
2295 3661 2592 3706 uxorem.

1404 3749 1449 3817 y
1501 3733 1835 3795 Herodias
1888 3741 2113 3794 autem
2160 3731 2597 3794 insidiabatur

1403 3823 1515 3883 ei:
1592 3830 1659 3884 et
1718 3819 1989 3883 volebat
2049 3819 2348 3882 occidere
2422 3837 2592 3881 eum.

1405 3909 1647 3992 Quam.
2290 3903 2505 3968 Lectio
2533 3924 2593 3968 v.

1425 3995 1807 4128 Tristitia
1828 3994 1999 4076 regis
2020 4013 2151 4056 non
2177 4001 2277 4055 est
2302 3991 2555 4054 ablutio
2580 4013 2595 4055 :

1570 4084 1688 4146 sed
1725 4082 2025 4145 confusio
2070 4081 2347 4142 sceleriS.
2442 4079 2597 4160 Ipse

1403 4173 1582 4236 enim
1615 4171 1946 4234 letabatur
1970 4167 2263 4231 occulte:
2311 4167 2490 4248 quod
2516 4187 2598 4229 ea

1403 4261 1715 4344 petebat:
1762 4275 1893 4339 que
1942 4264 2010 4318 et
2054 4263 2254 4318 antea
2284 4254 2497 4318 facere
2540 4254 2594 4316 si

1698 4445 1721 4475 ²
1757 4449 2022 4494 causatur:
2060 4441 2261 4493 R.N.S.
