3117 4959
944 242 1216 298 INDEX
1264 243 1319 296 A
1328 243 1395 296 Ν
1398 242 1453 297 Τ
1444 243 1605 298 IPH
1605 243 1772 298 ONA
1777 245 1832 299 R
1840 244 1980 300 ΠΜ

742 347 901 406 888

196 465 405 514 Excelsi
424 465 553 530 regis
561 465 740 530 filium
761 466 1060 526 collaudant,
1086 465 1187 530 580

196 531 505 595 Exemplum
528 531 861 594 merear-fieti,
882 540 986 593 474

196 597 505 647 Exhortatus
526 611 581 646 es
603 596 656 644 in
680 595 874 653 virtute,
899 597 995 659 382

196 662 297 710 Exi
318 663 421 712 cito
444 662 495 711 in
519 662 708 726 plateas
730 669 779 710 et
803 661 955 720 vicos,
978 662 1073 712 621

196 727 387 777 Exiens
406 728 551 792 Jesus
570 727 638 777 de
658 727 839 776 finibus
860 727 973 790 tyri,
999 728 1099 790 634

196 793 335 843 Exiit
359 793 447 859 qui
468 793 679 843 seminat
700 793 959 852 seminare,
989 804 1089 857 250

194 860 439 908 Existens
462 860 671 908 maculis
688 859 931 908 vuzbrum
952 859 1165 918 sordida,
1186 859 1288 920 406

198 925 348 975 Exivi
372 941 405 974 a
424 934 567 990 patre
588 933 639 974 et
656 924 771 974 veni
794 924 845 972 in
870 925 1127 984 mundum,
1155 935 1257 986 470

196 990 443 1040 Exortum
466 999 539 1040 est
563 989 617 1039 in
638 989 857 1040 tenebris
878 990 1063 1050 lumen,
1092 1003 1153 1053 91

196 1055 505 1120 Expandens
526 1071 703 1105 manus
723 1070 851 1114 suar..
887 1065 978 1116 107

194 1122 460 1186 Expandi·
480 1121 708 1170 manibus
726 1121 901 1170 orabat
919 1121 1001 1181 ad,
1024 1120 1124 1182 706

192 1186 493 1251 Expectabo
512 1187 636 1236 dnm
659 1187 971 1246 salvatorem,
1002 1187 1081 1248 26,
1112 1196 1175 1251 55

192 1253 505 1317 Expectetur
524 1252 649 1302 sieut
673 1252 857 1316 pluvia,
887 1263 950 1316 55

189 1319 413 1383 Eapecto
424 1325 523 1383 pm
541 1325 587 1368 te
599 1319 827 1382 giadium
847 1318 989 1381 Jesu,
1015 1317 1113 1378 726

190 1384 447 1449 Expugna
470 1384 815 1447 impugnantes
838 1398 921 1432 me
942 1385 1059 1442 dne,
1089 1383 1188 1445 769

366 1451 378 1462 ’
400 1450 508 1500 ebat
528 1451 697 1498 mana
716 1465 861 1513 quem
882 1465 999 1509 non,
1024 1461 1119 1510 401

190 1515 459 1565 Extollens
480 1516 693 1580 quedam
718 1514 908 1575 mulier,
938 1527 1037 1577 319

190 1581 460 1630 Exulantis
481 1580 653 1645 predia
674 1581 847 1644 preda,
880 1592 971 1643 123

188 1647 381 1696 Exulat
402 1647 479 1696 vir
498 1645 717 1711 optimus
736 1661 890 1705 sacer,
918 1657 1011 1708 123

186 1712 522 1761 Exultabunt
540 1711 737 1762 domino
756 1727 879 1770 ossa,
901 1711 1001 1760 666

186 1778 504 1827 Exultabunt
528 1777 697 1826 omnia
720 1777 871 1840 ligna,
902 1789 988 1837 141

184 1844 523 1892 Exultabunt
540 1843 703 1892 sancti
723 1844 779 1891 in
796 1843 976 1906 μανία,
1006 1853 1087 1906 35,
1115 1842 1217 1907 656

187 1909 433 1959 Exultate
455 1909 551 1958 deo
572 1907 787 1972 adjutori
810 1917 997 1969 nostro,
1022 1907 1121 1970 833

188 1975 451 2024 Exultavit
472 1974 671 2040 spiritus
693 1989 848 2035 meus,
878 1985 972 2038 905

184 2041 407 2090 Exultet
425 2041 569 2090 tellus
580 2055 601 2090 .·
632 2041 849 2089 letentur
867 2047 927 2099 et,
956 2037 1053 2088 180

186 2106 395 2172 Exurge
416 2106 516 2156 dhe
538 2115 587 2156 et
607 2105 777 2169 judica
798 2120 1014 2167 causam,
1044 2103 1142 2169 378

184 2304 333 2353 FAC
357 2301 575 2367 benigne
598 2303 651 2352 in
674 2303 823 2360 bona,
853 2311 948 2364 317

183 2369 397 2418 Faciem
420 2384 583 2418 meam
605 2382 708 2417 non
731 2368 901 2428 averti,
932 2367 1033 2431 369

184 2435 350 2484 Facta
373 2444 447 2485 est
470 2450 583 2485 cum
606 2435 801 2498 angelo,
830 2433 892 2495 87

185 2501 337 2550 Facti
360 2515 532 2550 sumus
554 2501 680 2550 sicut
704 2499 964 2559 consolati,
992 2509 1091 2564 905

184 2567 401 2616 Factum
426 2573 504 2616 est
524 2567 578 2615 in
601 2581 701 2615 una
722 2565 930 2625 dierum,
961 2565 1058 2628 516

180 2633 399 2681 Factum
420 2639 491 2681 est
507 2633 767 2680 silentium
790 2631 849 2680 in
870 2631 979 2690 celo,
1010 2630 1108 2694 588

180 2699 401 2748 Factum
422 2705 495 2747 est
508 2705 568 2746 ut
586 2697 795 2762 quedam
816 2697 1076 2760 discipula,
1106 2705 1209 2761 350

180 2764 377 2814 Factus
399 2770 474 2814 est
495 2763 695 2827 adjutor
718 2763 858 2822 deus,
888 2774 985 2825 302

182 2829 375 2879 Factus
398 2837 473 2879 est
494 2835 699 2893 repente
719 2829 785 2878 de
807 2828 933 2883 celo,
964 2836 1063 2891 500

181 2895 377 2944 Factus
398 2910 511 2944 sum
532 2894 659 2950 sicut
681 2895 849 2953 homo,
882 2905 979 2956 399

180 2959 357 3010 qus
376 2960 633 3010 distillans
654 2959 789 3009 labia
809 2965 917 3018 tua,
945 2957 1047 3020 478

181 3028 424 3076 Feliciter
442 3025 665 3091 virgines
683 3027 911 3084 vincunt,
942 3025 1007 3086 69

176 3093 335 3142 Felix
356 3109 571 3157 namque
591 3108 640 3141 es
660 3092 797 3140 beata
815 3091 974 3154 virgo,
1007 3101 1155 3152 109n,
1179 3090 1282 3153 476

180 3159 311 3207 Fiat
328 3159 523 3207 donu'ne
540 3174 623 3206 cor
644 3173 807 3206 meum
824 3171 844 3205 .·
875 3163 936 3214 et,
970 3155 1065 3218 708

180 3224 227 3273 F
230 3223 391 3272 idelia
411 3223 581 3272 omnia
602 3223 840 3272 mandata
861 3221 981 3285 ejus,
1010 3221 1109 3283 873

176 3290 379 3339 Fidelis
399 3305 556 3338 sermo
576 3295 625 3338 et
642 3289 785 3338 omni
803 3288 1083 3350 acceptione,
1115 3296 1212 3349 397

178 3355 379 3404 Fidelis
398 3370 571 3404 servus
590 3361 636 3402 et
644 3354 872 3417 prudens
893 3369 1054 3418 quem,
1081 3351 1147 3414 48

176 3422 365 3470 Fiebat
386 3422 573 3469 interca
584 3419 893 3483 prediorum,
930 3431 951 3467 1
965 3417 1025 3467 18

180 3486 287 3536 Fili
312 3487 435 3550 quid
458 3485 617 3535 fecisti
634 3485 781 3534 nobis
802 3484 890 3544 sic,
920 3483 1019 3533 206

176 3553 322 3601 Filie
342 3552 645 3601 hierusalem
664 3551 825 3600 venete
844 3557 891 3599 et
910 3549 1083 3610 videte,
1112 3560 1209 3612 247

174 3618 325 3667 Filii
342 3619 607 3666 hominum
628 3618 803 3674 scitote,
832 3629 913 3674 20,
942 3628 1009 3678 30

175 3683 463 3748 flagrabat
482 3685 538 3731 in
560 3682 868 3744 beatissimis,
898 3691 995 3744 574

178 3749 439 3798 Fluminis
464 3747 679 3812 impetus
701 3746 922 3806 letificat,
957 3747 1043 3796 161

174 3816 323 3864 Fons
343 3821 569 3864 ortorum
585 3829 603 3862 .·
626 3821 811 3878 puteus
829 3828 1099 3878 aquarum,
1126 3809 1229 3872 480

178 3881 381 3930 Fontes
402 3894 643 3944 aquarum
666 3877 975 3938 sanctificati,
1012 3890 1104 3940 194

174 3947 381 3996 Fontes
402 3953 453 3995 et
476 3945 645 3994 omnia
667 3959 765 4008 que
786 3951 1065 4001 moventur,
1096 3952 1193 4005 502

170 4013 437 4062 For-mans
460 4027 535 4060 me
553 4027 614 4060 ex
634 4017 773 4059 utero
791 4025 991 4058 servum
1012 4009 1122 4068 sthi,
1147 4017 1243 4072 335

174 4077 457 4127 Fortitudo
480 4091 593 4125 mea
613 4083 663 4125 et
686 4077 797 4125 laus
817 4090 944 4134 mea,
976 4074 1068 4123 261

172 4143 403 4193 Framea
424 4141 659 4192 suscitare
684 4141 920 4190 adversus
942 4155 1043 4201 eos,
1075 4137 1173 4203 369

172 4210 387 4258 Fratres
411 4207 778 4267 confortamini,
806 4219 907 4270 214

172 4277 387 4324 Fratres
410 4273 656 4332 existimo,
684 4285 785 4322 200

172 4341 387 4390 Fratres
408 4338 700 4403 glorificate,
729 4349 823 4387 221

172 4407 388 4456 Fratres
412 4403 619 4469 perfecti
642 4410 817 4465 estote,
846 4414 945 4463 224

2022 352 2176 408 884

1508 465 1746 515 Fructum
1769 465 2076 517 salutiferum
2098 467 2418 532 gustandum,
2449 479 2546 533 532

1508 531 1794 596 Fulgebunt
1809 531 1932 596 justi
1953 540 2004 582 et
2027 541 2266 598 tanquam
2289 535 2518 596 scintille,
2546 549 2648 598 944

1505 597 1788 661 Fulgebunt
1795 599 1934 661 justi
1951 605 1998 648 et
2015 605 2276 664 tanquam,
2303 599 2399 661 647

1507 662 1859 712 Fundamenta
1880 663 1988 727 ejus
2011 664 2064 713 in
2083 665 2352 724 montibus,
2381 663 2480 729 838

1507 727 1914 779 Fundamentum
1936 729 2075 780 aliud
2095 730 2245 780 nemo
2267 739 2450 796 potest,
2479 731 2578 796 665

1506 923 1764 974 GAUDE
1792 925 1950 975 maria
1970 926 2114 990 virgo
2135 935 2338 977 cunetas
2359 927 2574 989 hereses,
2600 929 2702 992 690

1510 991 1678 1039 Gaude
1702 992 1868 1040 marta
1889 992 2030 1056 virgo
2047 1007 2065 1040 .·
2084 1000 2300 1052 cunctas,
2331 1004 2422 1057 501

1510 1055 1828 1106 Gaudeamus
1850 1057 2083 1106 universi
2099 1059 2300 1119 ecclesie,
2329 1072 2422 1110 221

1510 1121 1742 1171 Gaudent
1745 1123 1920 1186 felices
1931 1125 2100 1187 puelle
2119 1139 2234 1189 que,
2259 1135 2323 1186 70

1508 1187 1742 1236 Gaudent
1763 1189 1818 1237 in
1841 1190 1954 1238 celis
1973 1190 2159 1253 anime,
2187 1203 2268 1251 29,
2296 1203 2410 1254 304,
2439 1191 2539 1253 647

1505 1251 1736 1303 Gaudete
1759 1253 1811 1302 in
1834 1255 1938 1304 dno
1959 1270 2169 1319 semper,
2202 1266 2300 1320 750

1504 1318 1776 1368 Gener-atio
1798 1319 1892 1369 hec
1914 1336 2082 1384 prava,
2113 1333 2212 1382 292

1505 1383 1693 1433 Genuit
1716 1400 1960 1450 puerpera
1981 1401 2164 1450 regem,
2191 1391 2254 1448 87

1504 1449 1818 1500 Germinavit
1841 1450 1981 1499 radix
2000 1451 2130 1514 jesse
2153 1459 2279 1511 orta,
2313 1465 2405 1516 143

1503 1514 1681 1566 Gloria
1701 1516 1754 1564 in
1777 1516 1984 1566 excelsis
2005 1517 2118 1576 dec,
2145 1515 2212 1566 88

1503 1579 1680 1630 Gloria
1701 1581 1862 1631 laudis
1883 1589 2080 1632 resonet
2103 1583 2154 1631 in
2177 1598 2279 1643 ore,
2308 1582 2422 1647 518,
2450 1583 2548 1647 897

1503 1645 1680 1696 Gloria
1703 1647 1795 1696 tibi
1817 1647 2012 1696 trinitas
2039 1648 2246 1711 equalis,
2277 1649 2374 1712 518

1508 1711 1732 1760 Gloriam
1757 1713 1942 1762 mundi
1956 1714 2140 1776 sprevit
2158 1730 2288 1774 cum,
2323 1726 2416 1766 102

1503 1775 1850 1826 Glorificamus
1872 1785 1922 1828 te
1946 1778 2045 1828 Dei
2067 1779 2294 1843 genitrix,
2325 1790 2353 1841 7
2355 1790 2388 1894 ξ

1508 1841 1786 1907 Glorificati
1803 1843 2023 1892 hominis
2041 1845 2294 1906 viderunt,
2321 1847 2354 1895 6
2391 1857 2420 1910 5

1508 1907 1730 1957 Gloriosa
1752 1910 2009 1974 magnifice
2024 1911 2272 1969 voluntas,
2299 1922 2396 1975 215

1506 1973 1776 2022 Gloriosanr
1797 1976 2041 2038 virginem
2063 1982 2326 2037 tyrannus,
2351 1987 2448 2040 723

1507 2038 1722 2088 Gloriose
1740 2041 1962 2104 virginis
1983 2042 2142 2090 marie
2161 2050 2451 2106 conceptum,
2487 2056 2506 2094 1
2521 2057 2618 2095 ron

1507 2103 1722 2154 Gloriose
1740 2106 1958 2168 virginis
1979 2107 2138 2156 marie
2157 2114 2343 2168 ortum,
2371 2109 2468 2171 536

1508 2169 1723 2219 Gloriosi
1731 2172 1986 2237 principes
2006 2178 2134 2223 terre
2153 2175 2400 2238 quomodo,
2424 2176 2524 2238 356

1501 2235 1722 2284 Gloriosi
1745 2236 1995 2301 principos
2017 2245 2146 2288 terre
2167 2240 2421 2303 quoniam,
2451 2253 2550 2305 943

1500 2301 1790 2350 Gloriosum
1809 2309 1860 2352 et
1883 2303 2102 2352 terribile
2123 2319 2323 2366 nomen,
2351 2305 2448 2370 657

1506 2367 1757 2416 Gloriosus
1777 2370 2062 2432 apparuisti
2079 2371 2151 2427 in,
2178 2369 2272 2432 583

1500 2432 1728 2482 Granum
1745 2435 1879 2483 cadit
1903 2435 2100 2499 copiam
2122 2437 2382 2498 germinat,
2417 2446 2509 2498 127

1507 2499 1688 2546 Gratia
1709 2500 1892 2548 celestis
1911 2503 2214 2564 reparatrix,
2249 2514 2267 2551 1
2281 2512 2342 2563 77

1504 2564 1684 2613 Gratia
1705 2565 1788 2614 dei
1807 2566 1866 2614 in
1887 2581 1964 2614 me
1985 2582 2144 2615 vacua
2166 2583 2282 2625 non,
2313 2568 2411 2630 362

1502 2629 1708 2678 Gratias
1728 2631 1823 2679 tibi
1839 2647 1929 2695 ago
1949 2632 2046 2680 dt‘ie
2063 2632 2189 2695 Jesu
2218 2631 2424 2697 Christe,
2450 2633 2554 2694 466

1504 2694 1706 2744 Gratias
1725 2697 1822 2744 tibi
1839 2711 1930 2760 ago
1948 2698 2044 2746 dne
2063 2697 2198 2762 quia,
2228 2709 2320 2759 193

1502 2761 1705 2810 Gratias
1728 2759 1820 2812 tibi
1842 2763 1966 2812 deus
1985 2761 2172 2826 gratias
2193 2762 2303 2823 tibi,
2331 2773 2445 2826 519,
2475 2763 2574 2828 885

1500 2955 1903 3006 HABITABIT
1925 2956 1976 3006 in
1999 2957 2320 3008 tabernaculo
2341 2969 2445 3021 tuo,
2465 2971 2564 3024 395

1496 3023 1766 3072 Habitabit
1785 3024 1840 3071 in
1862 3023 2186 3084 tabernaculo,
2217 3036 2278 3073 21

1500 3087 1748 3136 Habitare
1769 3087 1942 3138 fratres
1961 3089 2012 3137 in
2036 3105 2206 3150 unum,
2234 3102 2336 3151 910

1496 3153 1650 3203 Hanc
1671 3154 1787 3202 deus
1806 3155 2082 3218 exemplum
2105 3156 2308 3218 mundo,
2333 3155 2434 3216 406

1498 3219 1651 3268 Hanc
1669 3235 1782 3282 ergo
1796 3226 1892 3268 toto
1913 3221 2048 3268 corde
2069 3220 2392 3284 deprecemur,
2419 3235 2516 3283 401

1497 3285 1755 3334 Haurietis
1775 3301 1931 3350 aquas
1951 3285 2004 3334 in
2024 3286 2224 3350 gaudio,
2251 3296 2315 3350 45

1500 3351 1614 3400 Hec
1636 3357 1804 3399 autem
1827 3351 2016 3415 scripta
2035 3358 2168 3411 sunt,
2194 3365 2287 3412 441

1499 3417 1613 3466 Hec
1635 3424 1711 3465 est
1732 3417 1912 3466 domus
1932 3415 2125 3466 domini
2147 3416 2367 3478 firmiter,
2397 3419 2496 3469 662

1496 3483 1604 3530 Hec
1623 3489 1694 3530 est
1709 3483 1966 3546 generatio
1985 3484 2317 3546 querentium,
2347 3497 2411 3547 32

1494 3547 1602 3596 Hec
1622 3554 1693 3596 est
1716 3564 1812 3612 que
1831 3548 2034 3597 nescivit
2055 3549 2273 3612 thorum,
2299 3549 2368 3598 60

1496 3613 1602 3662 Hec
1622 3619 1692 3662 est
1709 3615 1854 3677 virgo
1872 3622 2042 3663 sancta
2065 3621 2212 3680 atque
2226 3617 2458 3680 gloriosa,
2487 3618 2551 3667 62

1496 3679 1604 3728 Hec
1623 3685 1694 3727 est
1712 3680 1855 3744 virgo
1875 3681 2070 3744 sapiens
2090 3686 2137 3730 et
2159 3697 2266 3730 una
2289 3682 2359 3741 de,
2389 3682 2455 3731 66

1494 3745 1602 3792 Hec
1623 3751 1692 3792 est
1713 3746 1855 3808 virgo
1874 3747 2067 3810 sapiens
2087 3762 2239 3822 quam
2262 3749 2370 3806 dt‘ts,
2398 3747 2462 3809 67

1498 3810 1614 3860 Hec
1636 3809 1830 3859 locutus
1849 3825 1958 3859 sum
1982 3811 2138 3870 vobis,
2167 3811 2268 3872 488

1494 3876 1692 3925 Helena
1713 3877 2022 3925 constantini
2041 3885 2212 3936 mater,
2243 3888 2344 3938 274

1494 3941 1692 3990 Helena
1711 3947 1883 3990 sancta
1904 3942 2042 3990 dixit
2060 3943 2133 3990 ad
2133 3943 2338 4006 judam,
2367 3953 2465 4004 274

1494 4007 1739 4056 Herodem
1746 4007 1996 4070 johannes
2017 4007 2200 4055 sanetis
2221 4009 2435 4068 monitis,
2466 4010 2566 4072 516

1492 4072 1712 4121 Herodes
1731 4073 1866 4121 enim
1889 4073 2127 4121 metuebat
2141 4073 2436 4136 johannem,
2467 4085 2563 4138 513

1495 4137 1712 4186 Herodes
1732 4139 1868 4187 enim
1890 4139 2053 4186 tenuit
2071 4143 2118 4186 et
2140 4138 2336 4201 ligavit,
2366 4149 2465 4203 519

1496 4203 1712 4252 Herodes
1718 4202 1923 4267 facibus
1944 4203 2182 4264 libidimis,
2213 4214 2309 4266 517

1498 4269 1735 4318 Herodes
1764 4269 1917 4317 iratus
1938 4268 2137 4328 occidit,
2174 4269 2266 4319 118

1496 4334 1716 4384 Herodes
1738 4332 1954 4383 sicarius
1977 4335 2034 4383 in
2057 4335 2182 4383 cives
2195 4349 2214 4383 .·
2235 4336 2424 4395 σιτίων,
2459 4347 2556 4400 514

1494 4401 1710 4448 Herodes
1731 4407 1776 4448 te
1787 4401 1918 4463 petit
1938 4416 2087 4449 causa
2095 4401 2360 4464 johannes,
2392 4403 2488 4465 516
