3117 4959
560 265 659 319 IN
696 264 965 321 FESTO
1012 264 1085 330 S..
1140 261 1525 318 WILELMI
1566 262 2226 323 ARCHJEPJSCOPJ.

700 374 859 428 295

1917 373 2076 428 296

166 475 300 558 ejus
388 485 459 541 et
557 479 647 542 sic
744 478 1346 561 proficiscebantur.
1434 474 1624 574 poris
1680 474 1934 543 Christi
1985 480 2275 544 evenerit.
2369 481 2459 546 Si
2501 504 2650 548 vero

163 565 453 646 Angelus
482 565 732 629 domini
763 567 1071 648 apparuit
1116 566 1345 648 aglae:

164 653 391 716 dicens,
482 653 871 735 Aliquando
924 674 1188 718 servum
1243 663 1348 716 tu-

164 761 297 804 um:
324 761 493 804 nunc
511 750 737 804 autem
757 742 1023 804 fratrem
1046 750 1345 804 nostrum

160 828 404 910 suscipe
434 848 588 892 eum
620 831 791 893 sicut
833 830 1183 893 dominum
1212 849 1227 892 :
1275 837 1344 891 et

166 915 323 979 bene
370 918 662 980 reconde
710 937 881 981 eum.
976 918 1099 980 Per
1143 915 1347 998 ipsius

164 1003 329 1066 enim
360 1006 803 1069 interventum
832 1024 847 1068 ε
893 1005 1197 1068 universa
1226 1003 1348 1066 tibi

162 1091 629 1156 relaxabuntur
650 1099 940 1174 peccata.
976 1091 1069 1155 Et
1087 1091 1349 1154 confes-

162 1179 275 1241 tim
305 1179 527 1261 aglaes
572 1175 869 1245 'obviavit
919 1189 1152 1243 sancto
1204 1198 1347 1243 cor-

162 1267 293 1349 pori
329 1288 344 1331 :
386 1277 456 1331 et
500 1267 819 1332 edificans
850 1269 911 1331 ei
941 1268 1216 1331 domum
1250 1286 1349 1329 re-

163 1356 370 1436 posuit
444 1356 511 1418 in
581 1357 747 1421 urbe
827 1375 1029 1420 roma.
1191 1354 1349 1438 Ipsa

163 1463 307 1505 vero
372 1443 587 1508 multa
668 1443 980 1506 demonia
1048 1450 1117 1506 et
1184 1443 1349 1506 alias

163 1530 437 1594 diversas
496 1531 919 1595 infirmitates
979 1539 1214 1613 postea
1260 1529 1349 1593 ab

162 1617 422 1682 infirmis
496 1619 847 1700 expellens
896 1639 911 1683 ε

162 1705 221 1766 in
326 1705 557 1771 habitu
654 1705 1141 1770 sanctimoniali
1232 1725 1349 1768 an-

162 1813 273 1856 nos
310 1795 649 1858 tredecim.
703 1804 772 1859 et
812 1796 906 1858 sic
946 1794 1349 1857 obdormivit

161 1881 220 1942 in
274 1882 595 1946 domino:
668 1883 773 1945 cui
835 1891 939 1945 est
996 1880 1209 1944 honor
1281 1889 1351 1945 et

160 1967 355 2049 gloria
385 1970 451 2033 in
494 1969 724 2034 secula
752 1969 1141 2034 seculorum.
1238 1967 1351 2034 Ce-

164 2066 289 2118 tera
358 2057 439 2120 de
512 2057 851 2122 communi
919 2055 1121 2120 unius
1172 2076 1351 2119 mar·

160 2153 323 2224 tyris.

159 2232 307 2364 Si
373 2231 637 2312 festum
700 2232 916 2296 sancti
1002 2230 1302 2296 willelmi
1329 2231 1345 2270 ¹

279 2320 732 2402 archiepiscopi
844 2329 999 2383 ante
1095 2320 1349 2401 festum

159 2417 359 2471 sancte
384 2409 719 2472 trinitatis
734 2407 1013 2472 evenerit
1032 2407 1208 2472 nihil
1213 2407 1355 2490 fiat

158 2494 230 2557 de
254 2497 491 2560 octavis
518 2496 681 2561 suis.
775 2497 913 2561 Sed
920 2496 1060 2580 fiat
1090 2495 1351 2558 serviti-

160 2603 261 2646 um
288 2584 369 2647 de
392 2605 461 2648 eo
488 2605 623 2648 uno
651 2583 759 2647 die
798 2583 1153 2648 solenniter.
1202 2603 1347 2646 cum

162 2671 357 2735 tn'bus
398 2671 779 2755 antiphonis
828 2681 891 2736 et
938 2670 1219 2752 psalmis
1273 2671 1356 2734 de

146 2760 349 2840 primo
374 2771 690 2824 nocturno
730 2770 794 2823 et
830 2759 1042 2823 tribus
1066 2758 1345 2822 lectiemi-

159 2846 265 2910 bus
292 2849 591 2912 vt'delt'cet
603 2847 833 2929 prima
860 2848 941 2910 de
965 2847 1351 2928 expositione

158 2936 465 3018 evangelii
487 2936 773 2999 secunda
798 2945 861 2998 et
876 2935 1071 2998 tertia
1100 2932 1179 2997 de
1207 2934 1349 2997 vita

156 3023 282 3103 ejus
308 3035 370 3087 et
398 3024 669 3088 totidem
692 3023 1090 3104 responsoria
1117 3021 1355 3085 scilicet

1449 582 1521 624 tn
1582 563 1820 646 vigilia
1876 566 2301 648 penthecostes
2369 573 2688 635 evenerit·

1447 651 1838 732 anticipetur
1860 663 1926 716 et
1932 653 2074 736 fiat
2097 655 2206 718 die
2231 657 2482 720 veneris
2494 670 2644 740 pre-

1446 738 1706 802 cedenti.
1795 749 1858 802 et
1882 750 2034 804 tunc
2061 741 2132 804 in
2165 745 2410 825 primis
2443 757 2650 828 vespe-

1450 825 1549 888 ris
1605 825 1686 889 de
1739 837 1957 891 sancto
2015 829 2293 894 wilelmo
2343 833 2654 898 dicantur

1447 913 1796 995 antiphone
1837 915 1918 978 In
1977 916 2245 981 wilelmi
2322 919 2646 987 laudibus,

1449 1020 1595 1063 cum
1637 1001 1926 1082 psalmis
1965 1005 2332 1085 fenaltbus
2388 1019 2452 1071 et
2506 1009 2648 1092 fiat

1448 1088 1760 1152 memoria
1816 1090 1898 1153 de
1949 1093 2192 1156 octavis
2261 1097 2648 1161 ascensionis

1450 1184 1706 1238 tantum
1730 1199 1754 1241 .·
1795 1187 1864 1240 et
1911 1177 1982 1242 in
2028 1181 2312 1246 crastino
2344 1183 2484 1266 fiat
2519 1207 2647 1248 me·-

1449 1263 1662 1326 moria
1719 1263 1800 1327 de
1854 1267 2216 1332 ascensione
2267 1290 2412 1334 cum
2471 1274 2646 1337 anti-

1433 1349 1656 1432 phona
1704 1351 1876 1417 Cum
1927 1357 2186 1418 venerit
2243 1366 2308 1420 et
2360 1361 2648 1424 oratione

1447 1438 1831 1504 dominicali
1885 1443 1985 1504 ad
2033 1445 2399 1509 matutinas
2455 1457 2517 1511 et
2558 1447 2656 1512 ad
2747 1473 2754 1479 ·

1450 1526 1723 1590 missam
1780 1537 1845 1590 et
1901 1529 1972 1591 in
2029 1532 2322 1595 secundis·
2371 1538 2649 1616 vesperis

978 1619 1355 1706 supervixit¹
1433 1614 1578 1696 fiat
1605 1615 1914 1678 memoria
1963 1616 2047 1679 de
2084 1620 2544 1700 confessoribus
2586 1633 2652 1690 et

1448 1702 1809 1766 ascensione
1864 1724 2008 1768 cum
2066 1707 2418 1789 antiphona
2497 1711 2647 1776 Hec

1450 1789 1708 1853 locutus
1741 1810 1888 1854 sum
1917 1802 1981 1855 et
2006 1795 2295 1858 oratione
2330 1807 2406 1860 ut
2431 1809 2646 1880 supra.

1453 1877 1542 1940 Si
1581 1886 1796 1941 autem
1836 1879 2156 1944 dominica
2184 1883 2607 1964 penthecostes
2624 1888 2650 1926 ²

1448 1965 1725 2028 secunda
1752 1966 1942 2047 seria
1987 1969 2266 2050 q'usdem
2310 1971 2652 2038 ebdomade

1452 2054 1559 2115 vel
1581 2053 1780 2116 etiam
1814 2055 2010 2118 tertia
2060 2068 2301 2138 quarta
2329 2071 2518 2126 sexta
2547 2062 2656 2126 vel

1450 2139 1712 2204 sabbato
1776 2143 2060 2206 evenerit
2078 2166 2104 2206 .·
2173 2146 2433 2226 festum
2507 2151 2648 2232 ejus

1448 2227 1760 2292 celebrari
1810 2229 1990 2293 debet
2043 2232 2152 2295 die
2205 2237 2468 2300 veneris.
2562 2238 2654 2303 Si

1451 2326 1668 2379 tamen
1685 2317 1824 2398 ejus
1835 2318 2092 2398 festum
2117 2321 2186 2384 in
2209 2322 2442 2403 quinta
2458 2325 2646 2405 feria

1448 2404 1729 2486 ejusdem
1759 2405 2098 2471 ebdomade
2111 2411 2390 2474 evenerit
2410 2413 2646 2476 ibidem

1448 2491 1789 2556 celebretur
1813 2515 1956 2557 cum
1981 2497 2290 2560 memoria
2311 2499 2649 2565 deoctavis

1448 2590 1512 2643 et
1540 2580 1745 2644 missa
1775 2581 1846 2643 in
1876 2582 2152 2664 capitulo
2180 2595 2246 2647 et
2270 2587 2648 2670 antiphonis

1446 2677 1643 2748 snper
1665 2669 1958 2748 psalmos
2004 2669 2419 2738 dominicales
2465 2676 2646 2740 Dum

1450 2754 1938 2838 complerentur
1977 2759 2077 2820 ad
2111 2768 2417 2843 utrasque
2443 2775 2646 2846 vespe-

1450 2863 1580 2906 ras.
1678 2841 1840 2908 Cum
1869 2853 2084 2906 autem
2125 2848 2266 2928 q'us
2290 2848 2544 2928 festum
2577 2872 2647 2914 tn

1432 2932 1612 3012 fes-to
1669 2941 1886 2992 sancte
1939 2931 2267 2997 trinitatis
2315 2940 2595 3002 evenerit
2621 2963 2647 3002 .-

1448 3017 1798 3099 differatur
1825 3019 1895 3082 in
1916 3021 2274 3086 crastinum
2303 3011 2366 3086 et
2391 3024 2654 3088 dicatur

148 3112 427 3190 primum
476 3111 831 3175 secundum
882 3119 946 3174 et
990 3130 1231 3173 nonum
1288 3118 1354 3172 et
1448 3105 1529 3168 de
1554 3125 1620 3168 eo
1651 3104 2005 3186 incipiendo
2047 3108 2145 3170 ad
2183 3110 2534 3190 capitulum
2577 3114 2649 3176 in

163 3199 327 3262 ultra
354 3221 481 3264 non
500 3199 773 3263 dicatur
795 3198 873 3261 de
898 3207 1117 3261 sancto
1146 3197 1353 3262 wilel-
1447 3192 1748 3256 secundis
1776 3193 2054 3274 vesperis
2070 3207 2288 3259 sancte
2307 3199 2650 3266 trinitatis.

163 3305 257 3349 mo
283 3309 475 3370 neque
501 3286 820 3351 memoria
862 3306 1223 3368 quocunque
1249 3285 1359 3349 die
1450 3290 1513 3345 et
1538 3281 1737 3344 etiam
1767 3291 2007 3362 quarta
2019 3283 2211 3363 feria
2238 3295 2302 3348 et
2325 3287 2648 3352 domimca

146 3373 289 3455 ,ejus
310 3366 575 3458 sestnm
603 3374 879 3438 evenerit
919 3383 1073 3436 ante
1098 3373 1353 3454 festum
1436 3369 1747 3451 proxima
1773 3380 2060 3450 sequente
2075 3393 2100 3435 .·
2145 3372 2408 3437 dicatur
2433 3376 2512 3440 de
2553 3399 2650 3441 oc-

164 3473 359 3526 sancte
381 3463 731 3528 trinitatis.
824 3461 914 3525 Si
958 3461 1143 3543 infra
1190 3470 1354 3524 octa-
1454 3457 1630 3520 tavis
1655 3457 1935 3539 q'usdem
1979 3478 2122 3522 cum
2167 3461 2401 3526 mediis
2442 3464 2647 3528 lectio-

166 3569 275 3612 vas
318 3551 712 3615 ascensionis
754 3550 894 3633 ᾔεις
924 3549 1179 3632 festum
1218 3569 1353 3611 eve-
1451 3544 1646 3608 nibus
1673 3545 1754 3608 de
1777 3546 2019 3609 octavis
2061 3549 2340 3629 corporis
2385 3551 2647 3619 Christi.

167 3639 321 3701 nerit
345 3639 619 3704 dicatur
644 3639 727 3703 de
749 3658 816 3701 eo
858 3657 1003 3700 cum
1032 3637 1353 3718 prefatio-
1456 3633 1515 3696 S
1515 3632 1545 3696 i
1595 3652 1740 3695 vero
1774 3632 2029 3712 festum
2077 3636 2216 3716 ejus
2241 3638 2338 3701 sic
2375 3642 2654 3705 evenerit

166 3744 235 3788 ne
272 3737 333 3790 et
376 3726 709 3792 communi
747 3725 827 3788 de
866 3724 1225 3788 ascensione
1264 3721 1363 3787 ad
1452 3720 1527 3784 in
1571 3719 1679 3783 die
1727 3730 1944 3783 sancte
1985 3722 2314 3788 trinitatis·
2364 3729 2471 3790 vel
2499 3739 2654 3810 post

168 3813 419 3878 mirsam
468 3826 539 3879 et
586 3814 685 3877 ad
728 3822 1037 3894 utrasque
1062 3821 1355 3892 vesperas
1436 3808 1690 3888 festum-
1729 3818 1944 3871 sancte
1985 3811 2312 3876 trinitati-s
2339 3815 2527 3897 fiant
2573 3817 2656 3880 de

166 3903 501 3983 antiphona
564 3902 707 3967 Viri
772 3899 995 3983 galilei
1054 3921 1199 3962 cum
1255 3919 1349 3962 se·
1451 3915 1519 3958 eo
1547 3915 1768 3958 novem
1799 3896 2086 3960 hcti'oncs
2112 3900 2193 3962 de
2215 3900 2482 3982 legenda
2494 3913 2650 3983 pro-

168 3990 485 4068 quentibus
544 3988 913 4070 antiphonis
969 3997 1032 4051 et
1069 3987 1357 4070 psalmis
1444 3983 1601 4066 pria
1629 3982 1866 4056 scilicet
1893 3983 1963 4046 in
2007 3984 2116 4047 die
2151 3987 2232 4049 de
2259 3988 2400 4051 vita
2427 3989 2650 4070 ipsius.

167 4075 238 4138 de
272 4079 635 4142 ascensione
682 4087 747 4140 et
795 4074 1104 4139 memoria
1132 4076 1211 4139 de
1246 4095 1353 4138 as-
1452 4071 1654 4152 Infra
1683 4082 1944 4134 octavas
1969 4082 2033 4135 et
2049 4072 2158 4136 die
2173 4083 2547 4140 octavarum
2577 4079 2660 4142 de

169 4167 447 4229 censione.
530 4165 587 4229 S
588 4164 863 4229 imiliter
870 4163 1000 4246 fiet
1022 4163 1088 4227 si
1098 4163 1352 4244 festum
1456 4158 1794 4222 miraculis·
1823 4181 1848 4222 .·
1893 4168 1959 4255 et
1981 4159 2168 4257 fiant
2208 4171 2422 4226 octave
2447 4167 2656 4248 preci-

171 4254 365 4316 sancti
402 4253 679 4316 wilelmi
718 4254 906 4334 infra
936 4261 1192 4314 octavas
1217 4271 1353 4314 cor·
1440 4258 1571 4330 pue
1596 4267 1740 4310 cum
1773 4266 2086 4328 regimme
2108 4247 2298 4313 chori.

496 4413 509 4444 ¹
547 4411 785 4463 wilelmi:
820 4413 882 4462 R.
892 4412 943 4462 S.
1868 4407 1892 4437 ¹
1928 4409 1943 4436 ⁶
1960 4359 2190 4458 vel‘add
2200 4423 2217 4456 .·
2249 4409 2320 4461 Ν.
