3117 4959
594 250 695 305 IN
732 248 1001 306 FESTO
1052 249 1111 304 S.
1166 247 1608 322 JOHANNJS
1651 249 2087 306 BAPTISTE.

635 350 769 406 881

161 467 704 536 non‘manducabit
733 488 823 532 ex
854 475 1043 530 utero
1075 465 1305 530 matris

160 576 271 622 sue.
905 553 1303 635 Capitulum.

158 644 595 776 Priusquam
668 653 737 706 te
796 641 1149 706 formarem
1220 643 1303 733 *in

285 743 457 796 utero
499 733 646 795 novi
696 741 765 794 te
825 742 892 794 et
942 743 1303 812 antequam

160 821 345 884 exires
372 820 451 882 de
480 820 669 883 vulva
698 817 1103 883 sanctificavi
1137 827 1205 881 te
1235 826 1303 882 et

159 909 507 992 prophetam
550 908 611 970 in
658 907 967 990 gentibus
1014 907 1169 970 dedi
1216 916 1301 971 te.

158 997 249 1060 Re.
332 996 679 1060 Descendit
710 995 1001 1076 angelus.
1102 995 1303 1074 Hym.

172 1087 303 1220 U
303 1093 332 1145 t
348 1094 583 1185 queant
606 1084 777 1146 laxis
798 1102 1103 1146 resonare
1124 1082 1303 1146 fibris

302 1173 454 1235 mira
494 1181 831 1254 gestorum
878 1170 1107 1234 famuli
1153 1180 1303 1234 tuo-

156 1279 275 1322 rum
322 1259 493 1324 solve
542 1259 782 1343 polluti
833 1259 991 1322 labii
1046 1267 1300 1322 reatum

154 1356 347 1412 sancte
381 1348 719 1429 johannes.
787 1346 1093 1411 Nuncius
1124 1345 1302 1410 celso

151 1438 381 1500 veniens
410 1434 683 1518 olympo
714 1445 781 1499 te
812 1436 983 1518 patri
1030 1435 1299 1498 natum¹

151 1524 266 1588 sore
309 1525 698 1588 nasciturum
754 1543 994 1586 nornen
1047 1533 1115 1586 et
1166 1523 1304 1587 vite

151 1612 351 1676 seriem
400 1614 688 1694 gerende
746 1612 977 1676 ordine
1039 1613 1297 1693 promit.

149 1700 264 1763 Ille
330 1702 627 1782 promissi
708 1701 950 1764 dubius
1034 1700 1301 1780 superni

149 1790 401 1870 perdidit
418 1789 707 1872 promte²
723 1789 1028 1852 modulos
1041 1786 1301 1869 loquele

149 1878 245 1940 sed
271 1877 629 1942 reformasti
662 1877 928 1959 genitus
960 1884 1303 1958 perempte

147 1983 361 2046 organa
389 1967 583 2029 vocis.
694 1965 951 2030 Ventris
996 1963 1304 2028 obstruso

144 2055 362 2134 positus
433 2053 638 2120 cubili
714 2072 1013 2116 senseras
1073 2071 1297 2133 regem

144 2139 405 2204 thalamo
450 2150 835 2206 manentem
882 2141 1033 2204 hinc
1066 2159 1307 2222 parens

148 2231 264 2292 nati
294 2231 534 2294 meritis
574 2239 853 2312 uterque
884 2228 1115 2293 abdita
1141 2247 1308 2308 pan-

141 2315 235 2380 dit.
333 2317 679 2382 Laudibus
728 2319 906 2380 cives
966 2317 1303 2380 celebrant

141 2408 370 2487 superni
402 2416 467 2471 te
501 2409 669 2470 deus
706 2405 997 2488 simplex
1029 2404 1306 2487 pariter·
1352 2441 1357 2446 ·

83 2561 85 2566 ,
142 2512 249 2572 que
297 2494 461 2560 trine
513 2493 849 2576 supplices
901 2505 970 2558 et
1022 2512 1143 2556 nos
1192 2513 1303 2556 ve·

83 2659 85 2662 y
142 2583 289 2644 niam
321 2603 671 2665 precamur
700 2602 893 2665 parce
927 2581 1303 2663 redemptis·

83 2681 85 2712 ³
144 2668 357 2734 Amen.
447 2689 485 2757 y
543 2671 701 2734 Fuit
747 2669 951 2733 homo
998 2671 1234 2732 missus
1266 2688 1307 2731 a

142 2757 245 2820 deo
294 2759 412 2823 Cui
461 2778 713 2822 nornen
766 2768 909 2822 erat
955 2757 1301 2838 johannes,

140 2843 207 2906 In
232 2867 473 2929 evange.
508 2856 621 2911 aii.
717 2848 1026 2928 Ingresso
1071 2844 1305 2908 zacha-

140 2933 217 2995 n'a
244 2935 557 3017 templum
604 2935 857 2999 domini
906 2933 1213 3016 apparuit
1244 2933 1303 2996 ei

137 3021 354 3100 gabriel
401 3023 687 3106 angelus
735 3033 920 3086 stans
968 3043 1007 3084 a
1048 3022 1307 3085 dextris

136 3109 331 3173 altaris
353 3112 623 3176 incensi.
701 3119 802 3192 pf.
896 3108 1303 3191 Magnificat.

134 3200 429 3326 presta
460 3219 827 3282 quesumus
856 3218 997 3261 om-
1024 3197 1303 3281 [Gratia.

265 3289 569 3369 nipotens
634 3288 841 3351 deus:
917 3296 991 3350 ut
1053 3285 1303 3349 familia

133 3380 231 3436 tua
258 3396 367 3457 per
396 3378 577 3439 viam
612 3374 844 3438 salutis
886 3374 1190 3437 incedat:
1237 3383 1305 3437 et

134 3459 286 3524 beati
309 3463 623 3545 johannis
654 3463 1049 3545 precursoris
1078 3461 1305 3525 horta-

137 3561 333 3614 menta
378 3553 705 3616 sectando
757 3551 843 3614 ad
895 3569 1049 3612 eum
1103 3569 1304 3631 quem

134 3639 397 3716 predixit
431 3659 669 3704 secura
714 3638 1071 3721 perveniat.
1164 3637 1307 3701 Do-

134 3724 358 3790 minum
372 3739 676 3792 nostrum
697 3727 923 3809 Jesum
950 3725 1307 3791 Christum.

132 3813 237 3874 Ad
258 3817 508 3880 maluti.
534 3814 784 3879 Invita.
876 3815 1133 3895 Regem
1160 3833 1307 3895 pre-

130 3905 381 3968 cursoris
414 3904 765 3968 dominum
798 3902 1041 3966 Venite
1072 3903 1305 3964 adore-

128 4005 272 4055 mus.
341 4001 443 4074 ps'.
536 3991 796 4055 Venite.
981 3989 1303 4068 Hymnus.

127 4080 421 4208 Antra
510 4079 757 4144 deserti
848 4078 1089 4142 teneris
1178 4077 1305 4140 sub

274 4169 463 4230 annis
495 4168 741 4231 civium
775 4175 1027 4230 turmas
1047 4165 1305 4247 fugiens

128 4254 333 4332 petisti
378 4277 463 4320 ne
516 4255 643 4320 levi
688 4253 925 4318 saltem
976 4253 1305 4317 maculare

219 4389 355 4484 ⁵²1³¹f⁰
383 4391 619 4441 ‘’natum
642 4407 910 4456 magnum:
949 4391 1007 4440 R.
1020 4389 1085 4439 N.

220 4456 499 4572 ἶὶἰῖἵεῗξξῗ
524 4459 633 4572 ἐζ
646 4455 713 4508 N

260 4603 415 4654 VOL.
466 4604 543 4656 11.

772 4525 787 4554 ⁴
821 4522 1131 4587 strophium.
1170 4523 1305 4572 ΚΝ.

1924 349 2080 406 832

1410 466 1618 532 vitam
1666 465 1914 530 famine
1969 487 2214 550 posses.
2328 469 2610 537 Prebuit

1409 554 1658 618 hirtum
1671 555 1696 592 ³
1713 557 2006 638 tegimen
2029 558 2320 620 camelus
2335 560 2610 624 artubus

1409 644 1611 706 sacris
1665 645 2088 725 stropheum⁴
2145 645 2449 710 bidentes
2501 649 2604 711 cui

1410 729 1596 795 latex
1657 732 1969 795 haustum
2029 734 2282 797 sociata
2337 744 2603 816 pastum

1412 819 1610 884 mella
1658 819 1944 884 locustis
2064 821 2276 886 Ceteri
2340 833 2602 886 tantum

1407 909 1700 971 cecinere
1759 919 1990 971 vatum
2063 910 2260 973 corde
2321 931 2604 994 presago

1401 995 1602 1076 jubar
1629 995 1989 1059 affuturum
2014 1005 2089 1059 tu
2113 997 2381 1079 quidem
2419 1020 2604 1062 mun-

1406 1083 1471 1146 di
1504 1083 1716 1146 scelus
1754 1083 2162 1148 auferentem
2210 1086 2424 1150 indice
2456 1107 2606 1168 pro-

1407 1171 1525 1235 dis.

1406 1259 1586 1322 orbis
1616 1261 1906 1324 sanctior
1943 1263 2294 1344 quisquam
2341 1265 2608 1344 genitus

1400 1345 1698 1427 johanne
1728 1348 1842 1430 qui
1873 1349 2128 1430 nephas
2172 1349 2332 1413 secli
2363 1353 2604 1415 meruit

1408 1435 1744 1500 lavantem
1777 1437 2030 1518 tingere
2052 1437 2334 1519 limphis,
2425 1439 2605 1502 Lau-
2653 1447 2660 1454 '

1405 1524 1600 1587 dibus
1641 1525 1830 1587 civeS.
1921 1524 2007 1588 In
2039 1527 2259 1606 primo
2303 1537 2608 1589 nocturno

1405 1621 1512 1676 αῆ.
1608 1611 1996 1693 Priusquam
2044 1621 2111 1676 te
2148 1612 2500 1677 formarem
2537 1615 2602 1678 in

1408 1711 1598 1764 utero
1619 1700 1770 1763 novi
1794 1710 1862 1764 te
1885 1709 1955 1763 et
1972 1709 2332 1783 antequam
2354 1703 2604 1766 exires⁵

1407 1786 1812 1852 sanctificavi
1845 1797 1928 1852 te.
2003 1797 2105 1871 psi
2199 1791 2443 1853 Beatus
2490 1792 2602 1854 vir.

1405 1877 1543 1940 Αῆ.
1632 1876 1748 1939 Ad
1795 1877 2021 1940 omnia
2065 1898 2196 1958 que
2243 1879 2504 1941 mittam
2539 1887 2607 1942 te

1390 1964 1570 2030 ‘dicit
1600 1963 1946 2027 dominus⁶
1979 1985 2061 2028 ne
2092 1967 2330 2029 timeas
2363 1975 2428 2029 et
2475 1987 2606 2049 que

1409 2052 1812 2116 mandavero
1857 2053 1978 2118 tibi
2027 2053 2314 2136 loqueris
2351 2056 2434 2119 ad
2469 2075 2602 2119 eos,

1393 2149 1492 2222 pf.
1560 2139 1786 2224 Quare
1819 2139 2240 2208 fremuerunt.
2299 2143 2432 2206 Aa.
2497 2143 2605 2206 Ne

1409 2229 1648 2292 timeas
1697 2248 1738 2291 a
1783 2226 1951 2293 facie
1999 2250 2226 2294 eorum
2273 2232 2430 2313 quia
2479 2250 2608 2314 ego

1408 2325 1629 2380 tecum
1685 2337 1831 2381 sum
1885 2317 2044 2382 dicit
2100 2319 2426 2383 dominus
2503 2327 2606 2400 psi

1412 2405 1702 2468 Domine
1776 2405 1934 2486 quid
2013 2406 2450 2489 multiplicati.
2563 2423 2610 2493 γ

1411 2492 1637 2556 Gloria
1669 2501 1737 2555 et
1769 2492 2034 2559 honore.
2321 2495 2534 2558 Lectio
2542 2496 2606 2577 j.

1524 2581 1960 2646 olennitatem
1987 2582 2176 2646 nobis
2199 2583 2606 2646 diversorum

1533 2679 1898 2750 martyrum
1920 2669 2246 2733 karissimi
2261 2668 2284 2708 ⁷
2302 2671 2436 2734 vite
2463 2692 2610 2752 pre-

1408 2757 1615 2820 sentis
1663 2777 1978 2823 occasus:
2043 2769 2111 2820 et
2163 2768 2471 2840 suscepta
2521 2760 2606 2822 ab

1409 2845 1504 2910 eis
1567 2864 1688 2926 pro
1749 2845 1996 2909 Christi
2057 2846 2326 2909 nomine
2385 2847 2608 2928 passio

1409 2933 1838 2996 consecravit.
1891 2932 2294 2996 Multimoda
2318 2954 2608 3017 namque

1408 3030 1706 3085 veterum
1732 3021 2050 3084 relatione
2073 3021 2425 3084 didicimus
2445 3041 2610 3084 non-

1410 3108 1626 3172 nullos
1660 3118 2026 3190 martyrum
2069 3117 2434 3190 prostratos
2463 3110 2608 3190 gla-

1410 3197 1574 3261 dio:
1649 3197 1803 3277 igne
1863 3196 2027 3259 alios
2103 3208 2608 3263 concrematos:

1409 3285 1838 3367 quamplures
1884 3284 2242 3348 bestiarum
2289 3285 2606 3349 dilacrea-

1408 3373 1549 3436 tos⁸
1603 3372 1910 3436 dentibus
1965 3373 2343 3438 innumeros
2402 3375 2606 3438 etiam

1410 3461 1606 3526 variis
1667 3469 2148 3525 tormentorum
2211 3463 2607 3526 cruciatibus

1412 3548 1686 3612 affectos
1705 3559 1928 3630 spreta
1939 3549 2040 3612 sui
2054 3552 2345 3632 corporis
2361 3561 2572 3615 morte
2591 3573 2606 3616 :

1412 3636 1766 3702 christiane
1789 3636 1938 3702 fidei
1972 3639 2427 3704 testimonium
2460 3640 2606 3702 red-

1411 3725 1674 3790 didisse.
1749 3725 1866 3789 Re.
1947 3727 2104 3792 Fuit
2133 3726 2336 3790 homo
2369 3729 2608 3790 missus

1412 3833 1453 3876 a
1480 3814 1612 3876 deo
1641 3814 1746 3876 cui
1778 3832 2022 3879 nomen
2061 3815 2390 3896 johannes
2421 3824 2563 3878 erat
2591 3836 2606 3878 ι

1410 3901 1519 3966 hic
1562 3901 1746 3966 venit
1776 3911 1849 3965 ut
1885 3902 2339 3967 testimonium
2387 3903 2608 3985 perhi-

1411 3988 1598 4053 beret
1629 3989 1716 4053 de
1746 3988 2012 4054 lumine.
2108 3991 2199 4054 Et
2223 4011 2453 4073 parare
2485 3990 2608 4052 do-

1411 4078 1592 4140 mino
1625 4077 1888 4160 plebem
1921 4076 2296 4160 perfectam.
2351 4095 2394 4161 y
2445 4077 2606 4140 Erat

1403 4164 1732 4246 johannes
1795 4167 1860 4229 in
1921 4167 2186 4228 deserto
2260 4165 2608 4247 predicans

1410 4253 1817 4336 baptismum
1851 4253 2230 4336 penitentie.
2280 4254 2388 4317 Et.
2434 4253 2514 4318 L.
2539 4255 2605 4337 ij.

1514 4393 1535 4420 ⁸
1511 4393 1706 4486 pro‘
1723 4389 1881 4439 exires
1899 4388 2337 4456 'progredereris·
2375 4391 2435 4440 R.
2447 4391 2512 4440 N.

1571 4455 1730 4504 ‘ibis’
1762 4456 1901 4504 add.
1939 4457 1998 4506 R.
2011 4457 2076 4506 N.

1516 4521 1876 4572 charissimi.
1903 4521 1968 4572 N.
2011 4523 2370 4573 ”dilaceratosz
2399 4524 2458 4572 R.
2469 4523 2534 4570 N.

2313 4607 2351 4653 Z

1619 1171 1778 1234 Non
1804 1171 1928 1235 fuit
1957 1174 2127 1236 vasti
2159 1175 2454 1256 spacium
2491 1196 2607 1257 per
2709 1225 2718 1232 .
