3117 4959
710 252 815 307 IN
853 248 1122 307 FESTO
1174 250 1233 305 S.
1290 250 1694 309 GREGORII
1734 254 1976 310 PAPE.

696 360 835 413 215

88 454 270 553 apud
336 476 401 532 te
476 466 780 551 precibus
854 465 1291 531 sublevemur.

88 558 215 621 Per
248 556 613 620 dominum.
646 555 975 629 Memoria
992 554 1069 617 de
1086 554 1289 637 quad-

88 646 436 725 ragesima.
506 644 630 707 Ad
655 645 1018 707 matutinas
1046 642 1290 706 Invita.

88 735 475 798 Adoremus
511 732 847 797 Christum
881 751 1103 813 regern
1136 750 1294 793 con-

90 814 415 885 fessorum
448 821 812 883 dominum.
900 820 1033 903 Qui
1066 830 1294 882 eterna

91 920 397 973 sanctum
489 909 863 990 gregorium
954 908 1293 971 coronavit

92 999 317 1079 gloria.
415 1006 516 1079 pff.
591 996 837 1061 Venite
897 996 1293 1059 exultemus

94 1086 415 1166 Hymnus.
529 1084 665 1147 Iste
740 1084 1089 1147 confessor.
1208 1082 1294 1146 In

88 1175 294 1255 primo
342 1182 499 1236 noct.
544 1182 651 1236 αῆ.
701 1172 1005 1235 Gloriosa
1040 1170 1297 1253 magni-

96 1261 190 1325 fici
267 1261 581 1325 voluntas
656 1260 937 1342 gregorii
1007 1259 1293 1323 fructum

96 1350 383 1413 reddidit
442 1348 717 1411 domino
776 1357 1079 1430 tempore
1140 1367 1297 1411 con-

58 1438 289 1544 ltinu0.
371 1446 474 1519 pff.
525 1438 770 1499 Beatus
800 1438 913 1500 vir.
1002 1435 1137 1499 Αῆ.
1184 1435 1296 1497 In-

60 1526 309 1595 =stabat
360 1526 542 1588 enim
598 1524 903 1606 precibus
950 1523 1185 1587 diebus
1215 1542 1295 1587 ac

61 1663 67 1676 .
97 1615 397 1677 noctibus
450 1614 849 1676 constitutus
882 1631 923 1674 a
966 1613 1241 1674 domino
1275 1611 1293 1649 ¹

49 1750 50 1755 η
99 1703 464 1782 predicator
494 1702 846 1763 maximus.
921 1708 1023 1780 pff.
1072 1699 1297 1782 Quare

101 1789 497 1853 fremuerunt
519 1797 771 1871 gentes.
846 1789 981 1850 Αῆ.
1018 1786 1178 1850 Erat
1198 1788 1299 1849 ei²

48 1916 52 1953 ς
104 1898 209 1957 pro
240 1878 555 1941 omnibus
586 1896 743 1940 cura
772 1876 1045 1957 grandis
1078 1875 1295 1957 genti-

48 2006 52 2041 ς
104 1964 240 2029 bus:
266 1966 508 2029 orabat
538 1964 889 2047 specialius
921 1983 1043 2045 pro
1076 1963 1292 2045 anglis

48 2094 53 2130 Ι
106 2054 469 2132 gentilibus.
487 2062 588 2135 pi.
614 2052 907 2115 Domine
930 2052 1092 2133 quid
1128 2052 1293 2114 mul-

48 2193 73 2205 ..
106 2142 369 2221 tiplicati
432 2150 609 2206 sunt.
699 2157 745 2227 γ
798 2139 1077 2203 Amavit
1138 2160 1291 2203 eum

48 2266 72 2306 ÷=
109 2228 419 2293 dominuS.
1005 2227 1219 2290 Lectio
1227 2228 1291 2309 j.

48 2346 72 2381 ,ε
116 2318 515 2449 Gregorius
561 2316 763 2399 igitur
804 2336 1045 2397 genere
1078 2336 1293 2378 roma-

48 2386 72 2468 ‚¹
222 2426 382 2471 nus:
432 2414 620 2489 patre
666 2405 991 2487 gordiano
1022 2404 1239 2467 editus
1274 2425 1291 2469 ε

51 2447 80 2568 Ι
109 2509 227 2555 non
286 2496 504 2557 solum
537 2492 563 2531 ⁸
608 2493 952 2575 spectabili
1029 2500 1293 2555 senato·

50 2573 81 2657 ξ’.
111 2598 239 2643 rum
284 2582 626 2664 prosapia:
676 2600 905 2644 verum
944 2580 1146 2643 etiam
1194 2600 1293 2643 re-

50 2707 57 2744 ,
112 2663 395 2747 ligiosam
448 2670 773 2752 originem
821 2669 1034 2731 duxit.
1113 2668 1294 2730 Tan-

50 2809 56 2818 .
113 2754 247 2818 dem
278 2770 469 2840 patre
497 2758 809 2820 orbatus:
856 2777 980 2819 sex
1028 2775 1294 2819 monas-

50 2899 55 2909 .
113 2845 261 2907 teria
282 2848 346 2909 in
369 2846 623 2910 cicilia⁴
655 2845 1020 2908 fabricans:
1054 2844 1293 2907 suffici-

114 2933 353 2997 entibus
373 2934 685 2998 fratribus
708 2932 1087 2995 cumulavit.
1124 2932 1291 3015 Sep—

52 3075 55 3084 .
114 3018 329 3084 timum
375 3044 535 3086 vero
596 3024 769 3085 intra
836 3040 1106 3083 romane
1190 3041 1295 3083 ur-

53 3154 55 3175 .
116 3102 205 3168 bis
282 3112 501 3175 menia
578 3109 865 3173 instituit
908 3130 925 3173 :
1002 3108 1067 3170 in
1158 3128 1294 3190 quo

52 3248 57 3258 .
119 3190 241 3273 ipse
271 3198 733 3263 monachicum
780 3197 1049 3277 capiens
1097 3197 1291 3259 indu-

54 3321 58 3329 ·
120 3294 395 3349 mentum
444 3308 460 3351 :
535 3287 662 3349 sub
738 3284 1001 3347 abbatis
1062 3284 1295 3367 regula

54 3416 59 3448 Ι
121 3369 417 3439 militavit.
508 3374 621 3437 Re.
672 3376 728 3438 F
732 3374 1002 3455 ulgebat
1063 3373 1130 3435 in
1182 3394 1296 3435 ve·-

54 3498 59 3537 :
122 3464 391 3525 nerando
420 3463 673 3545 duplex
705 3464 908 3525 decus
944 3461 1249 3543 gregorio
1276 3480 1291 3524 :

54 3603 59 3612 .
123 3554 426 3615 senatoria
472 3552 761 3633 dignitas
806 3551 1167 3613 secundum
1202 3548 1293 3611 le-

54 3653 59 3711 ῑ
123 3648 253 3709 gem
276 3640 506 3703 seculi:
528 3638 902 3703 voluntaria
921 3646 1293 3720 paupertas,

56 3764 61 3798 e
123 3716 309 3794 Juxta
379 3736 769 3809 preceptum
844 3725 1115 3788 domini.
1246 3742 1295 3810 γ

56 3877 61 3886 ,
128 3803 343 3901 Beatus
373 3818 471 3879 vir
492 3817 606 3898 qui
642 3816 881 3878 metuit
910 3814 1291 3876 dominum:

56 3918 61 3975 i
126 3910 179 3955 ¹11
238 3904 559 3968 mandatis
617 3904 761 3985 ejus
812 3901 992 3983 cupit
1048 3902 1292 3965 nimis:

56 4025 63 4063 ,;
126 3976 308 4055 Juxta
339 4002 719 4075 preceptum
747 3989 1016 4055 domini.
1063 3989 1294 4071 Lectis.

56 4129 61 4137 .
139 4071 337 4199 Cum
370 4081 567 4162 igitur
598 4081 891 4163 quadam
939 4080 1047 4141 die
1095 4078 1295 4139 adve-

58 4219 62 4226 ,
236 4165 553 4233 nientibus
601 4189 812 4251 nuper
858 4165 1295 4247 negociatori-

59 4291 60 4312 2
132 4237 266 4313 bus:
310 4257 513 4321 multa
560 4258 823 4321 venalia
876 4256 943 4319 in
995 4254 1137 4318 soro
1193 4274 1295 4317 ro-

72 4418 165 4548 '33

188 4376 201 4397 ⁸
226 4386 257 4421 a
274 4373 466 4429 domino
486 4381 783 4431 constitutus
804 4398 815 4431 :
852 4380 917 4431 G.

332 4448 349 4477 ⁴
379 4446 567 4499 sicilia:
603 4448 669 4499 G.

1202 4376 1225 4405 ⁸
1260 4393 1353 4443 pro
1382 4380 1491 4429 ‘ei’
1515 4378 1670 4430 enim:
1705 4378 1760 4430 S.

930 4448 949 4475 ⁸
982 4444 1339 4513 interrogavit:
1374 4444 1440 4497 G.

1857 362 1994 416 216

1392 485 1592 530 mane
1667 468 1845 531 urbis
1935 468 2214 533 fuissent
2287 469 2532 535 collata
2582 490 2600 534 t

1394 556 1720 638 multique
1765 558 1848 620 ad
1898 558 2256 621 emendum
2303 561 2600 641 undique

1395 642 1804 707 confluerent
1833 666 1848 709 ε
1895 646 2176 727 contigit
2205 656 2276 709 et
2305 648 2598 729 gregori-

1394 750 1509 793 um
1542 742 1700 795 ante
1723 733 1973 796 scilicet
1993 755 2194 816 quam
2216 734 2600 817 pontificale

1396 820 1600 883 decus
1629 820 1904 884 haberet
1936 842 2086 886 cum
2119 824 2355 886 ceteris
2398 824 2600 886 adve-

1398 908 1600 972 nisse:
1635 929 1709 971 ac
1730 910 1903 973 inter
1931 910 2060 973 alia
2084 911 2326 973 vidisse
2357 930 2598 994 pueros

1396 996 1662 1060 venales
1708 999 2005 1079 positos:
2050 1018 2326 1080 corpore
2371 1000 2599 1063 candi-

1396 1084 1519 1147 dos
1556 1106 1572 1148 z
1618 1085 1832 1148 forma
1863 1086 2376 1168 pulcherrimos:
2407 1088 2596 1151 vultu

1396 1181 1712 1236 venustos
1739 1194 1754 1237 ε
1795 1173 2181 1256 capillorum
2215 1176 2429 1238 nitore
2453 1195 2600 1257 per·-

1397 1262 1679 1342 spicuOS.
1792 1262 1904 1325 Re.
1992 1262 2272 1344 Propter
2331 1263 2596 1326 intolle-

1399 1347 1639 1411 rabiles
1702 1368 1916 1411 rerum
1978 1370 2167 1413 curas
2229 1350 2600 1415 mundana-

1400 1455 1545 1499 rum
1578 1438 1925 1500 recusabat
1955 1438 2362 1519 presulatum
2395 1440 2600 1502 susci-

1400 1544 1555 1605 pere
1631 1543 2070 1589 romanorum.
2175 1526 2310 1591 Sed
2385 1528 2600 1591 victus

1398 1631 1592 1693 prece
1622 1612 1850 1695 populi
1882 1614 2171 1695 suscepit
2211 1614 2447 1696 jugum
2481 1616 2601 1677 do-

1400 1700 1586 1763 mini.
1712 1717 1761 1785 y
1836 1701 1981 1765 Nec
2055 1702 2210 1765 fecit
2285 1703 2600 1783 proximo

1400 1808 1521 1851 suo
1565 1786 1814 1852 malum
1861 1799 1929 1852 et
1973 1788 2400 1871 obprobrium
2464 1809 2599 1853 non

1399 1877 1659 1959 accepit
1701 1878 2015 1941 adversus
2045 1879 2392 1961 proximos
2425 1898 2598 1943 suos.

1400 1964 1554 2030 Sed.
2251 1966 2468 2029 Lectio
2501 1966 2597 2048 igi.

1396 2054 1904 2185 Interrogavit
1935 2063 2160 2118 autem
2186 2054 2422 2117 beatus
2453 2074 2599 2135 gre-

1497 2142 1722 2222 gorius
1799 2152 2231 2205 mercatorem
2305 2144 2389 2205 de
2465 2163 2599 2223 qua

1395 2231 1611 2312 patria
1663 2229 1810 2291 illos
1857 2231 2200 2294 attulisset.
2294 2231 2599 2293 Dictum-

1396 2337 1527 2397 que
1576 2326 1680 2380 est
1724 2317 1818 2381 illi
1864 2320 2021 2399 quia
2052 2318 2136 2381 de
2167 2318 2454 2381 britania
2501 2320 2600 2381 in·-

1395 2405 1541 2467 sula
1615 2414 1838 2469 essent
1886 2427 1902 2471 :
1977 2415 2046 2469 et
2121 2407 2316 2488 cujus
2383 2407 2598 2471 incole

1396 2494 1702 2575 quamvis
1763 2495 2008 2576 pagani
2067 2502 2293 2558 tamen
2364 2514 2597 2557 omnes

1396 2581 1513 2644 tali
1575 2582 1815 2644 decore
1875 2583 2178 2646 niterent.
2302 2583 2596 2646 Rursum

1396 2670 1798 2750 interrogat⁵
1857 2670 2038 2751 quod
2093 2680 2266 2733 esset
2312 2669 2598 2733 vocabu-

1396 2758 1532 2820 lum
1568 2757 1738 2821 illius
1769 2760 1986 2839 gentis
2021 2757 2045 2820 ἓ
2138 2759 2470 2821 Mercator
2500 2778 2599 2821 re-

1396 2846 1668 2926 spondit
1698 2844 1908 2926 Angli
1940 2855 2277 2908 vocantur.
2339 2846 2438 2908 At
2472 2846 2597 2910 ille.

1399 2933 1580 2997 Bene
1611 2934 1826 3014 inquit
1857 2932 2035 3015 angli
2084 2935 2272 3014 quasi
2306 2934 2595 3015 angeli⁶z

1396 3022 1553 3103 quia
1584 3030 1653 3084 et
1684 3020 2017 3102 angelicos
2047 3021 2268 3083 vultus
2297 3019 2546 3084 habent
2580 3043 2596 3084 ε

1398 3116 1465 3171 et
1496 3108 1664 3172 tales
1695 3110 1760 3172 in
1796 3108 1952 3172 celis
1983 3109 2370 3190 angelorum
2403 3110 2600 3172 decet

1397 3217 1541 3260 esse
1573 3197 1892 3261 concives
1989 3198 2096 3260 Re.
2144 3197 2394 3260 Videns
2441 3217 2599 3279 ergo

1396 3286 1496 3348 vir
1514 3285 1750 3348 beatus
1774 3285 2122 3369 anglorum
2143 3305 2298 3348 casu
2320 3304 2558 3367 pueros
2583 3305 2598 3349 ε

1398 3374 1570 3437 bene
1602 3374 1817 3455 inquit
1857 3373 2028 3436 bene
2071 3372 2252 3455 angli
2283 3373 2470 3437 vultu
2503 3374 2602 3435 ni-

1397 3470 1543 3524 tent
1620 3471 1695 3525 ut
1771 3461 2007 3544 angeli.
2101 3462 2388 3544 Oportet
2466 3462 2596 3524 illis

1398 3550 1747 3613 monstrari
1796 3552 1918 3613 iter
1958 3549 2188 3613 salutis
2220 3559 2460 3614 eterne.
2551 3565 2601 3635 γ

1400 3636 1736 3718 Quoniam
1817 3638 2070 3701 domini
2147 3648 2250 3701 est
2319 3658 2597 3720 regnum

1396 3737 1465 3789 et
1540 3728 1682 3808 ipse
1755 3726 2206 3789 dominabitur
2279 3728 2597 3808 gentium.

1400 3813 1704 3896 Oportet.
1775 3814 2004 3879 Gloria
2053 3814 2243 3897 patri.
2293 3813 2598 3896 Oportet.

1399 3903 1481 3964 In
1555 3904 1825 3965 secundo
1899 3912 2053 3965 noct.
2125 3911 2230 3965 aii.
2369 3902 2602 3965 Exau-

1398 3991 1566 4053 divit
1625 4011 1784 4072 ergo
1857 3991 2022 4052 deus
2090 3999 2392 4053 orantem
2454 4010 2602 4071 gre-

1396 4080 1655 4160 gotium
1707 4088 1776 4141 et
1837 4079 2116 4141 salvavit
2180 4098 2296 4160 per
2348 4077 2601 4159 baptis-

1400 4187 1583 4230 mum
1636 4167 1986 4248 anglorum
2042 4166 2433 4229 exercitum.
2498 4175 2600 4248 pff.

1400 4256 1572 4320 Cum
1607 4256 1999 4318 invocarem.
2069 4255 2201 4318 Ανῖ.
2241 4255 2416 4317 Ecce
2435 4274 2602 4336 gens

2055 4378 2076 4408 ⁸
2116 4380 2172 4429 ‘e
2191 4376 2206 4401 ’
2227 4378 2327 4426 add
2352 4396 2365 4427 z
2399 4378 2466 4430 G.

1671 4447 1690 4475 ⁸
1731 4444 1904 4511 ‘quasi
1927 4444 2092 4511 angeli
2114 4444 2273 4494 ’om.:
2310 4444 2362 4493 S.
