3117 4959
850 206 913 261 S.
960 203 1313 263 RJCARDI
1350 202 1473 258 DE
1516 204 1952 263 HAMPOLE.

673 314 823 371 793

100 418 507 497 procederet.
592 418 749 479 Cum
778 436 919 478 vero
945 418 1023 477 ad
1052 413 1345 477 sufficien-

100 499 287 559 ciam
324 496 698 571 comedisset,
730 496 975 557 surrexit
1002 496 1343 573 priusquam

100 596 353 638 mensa
377 578 835 651 subtraheretur,
867 588 927 637 et
952 575 1115 636 abire
1142 574 1343 651 dispo·

102 656 263 717 suit.
348 655 621 732 Armiger
646 665 845 716 autem
874 655 974 731 qui
1002 674 1141 715 eum
1166 672 1344 713 voca·

102 746 303 795 verat
337 734 483 795 dixit
510 736 628 795 hoc
654 753 778 795 non
805 754 937 795 esse
963 730 1343 793 consuetudi·

104 815 237 889 niS,
276 824 347 875 et
376 814 465 873 sic
490 813 702 874 iterato
742 832 881 873 eum
929 812 1185 873 residere
1212 830 1345 873 coe-

100 894 223 973 git.
330 891 529 953 Finito
555 912 696 953 vero
723 892 973 968 prandio
1000 892 1213 953 iterum
1240 909 1343 950 vo-

102 972 236 1033 luit
268 972 657 1046 abscessisse,
686 972 795 1032 sed
822 971 1071 1047 armiger
1091 988 1345 1046 querens

104 1072 274 1112 cum
310 1070 389 1111 eo
416 1050 709 1127 privatum
737 1052 951 1111 habere
978 1048 1347 1126 colloquium

105 1131 343 1209 ipsum
372 1128 625 1191 detinuit
654 1132 852 1191 donec
877 1128 1176 1189 evacuatis
1215 1126 1347 1187 aliis

107 1210 229 1287 qui
262 1210 570 1270 affuerunt
607 1208 669 1268 in
710 1210 895 1269 domo
935 1208 1349 1285 interrogasset

108 1309 275 1349 eum
326 1308 406 1347 an
450 1298 605 1348 esset
647 1288 803 1347 filius
828 1287 1107 1347 Winelmi
1152 1287 1343 1346 Rolle.

114 1372 211 1429 At
242 1369 361 1427 ille
389 1366 531 1427 satis
571 1367 866 1427 illibenter
911 1378 973 1427 et
1014 1386 1153 1425 cum
1194 1365 1345 1427 diffi-

112 1450 372 1509 cultate
416 1445 764 1523 ¹respondit
804 1447 981 1506 Forte
1018 1464 1165 1506 sum.
1249 1444 1349 1504 Ti-

111 1525 293 1587 muit
314 1524 611 1601 siquidem
634 1544 711 1585 ne
730 1536 969 1603 propter
982 1525 1348 1602 agnitionem

116 1604 470 1667 intentioni
497 1624 603 1664 sue
646 1624 830 1681 quam
854 1604 1106 1665 firmavit
1132 1604 1195 1663 in
1222 1602 1349 1662 ani-

114 1705 233 1745 mo
268 1684 655 1744 obstaculum
682 1696 1021 1760 poneretur.
1079 1682 1353 1773 Armiger

118 1764 309 1825 enim
340 1762 479 1822 ille²
506 1774 733 1839 patrem
750 1783 921 1823 suum
940 1761 1121 1823 veluti
1138 1760 1349 1821 famili-

119 1862 311 1903 arem
360 1852 527 1919 grata
574 1843 891 1903 affectione
944 1841 1165 1903 dilexit.
1248 1840 1353 1901 Ri-

119 1923 365 1982 cardus
391 1931 591 1981 autem
629 1921 859 1982 noviter
904 1920 1191 1981 heremita
1232 1921 1351 1979 fac-

122 2010 251 2074 tus,
286 2000 603 2076 ignorante
632 2012 796 2077 patre
836 2010 895 2061 et
935 2012 1128 2077 preter
1170 1998 1353 2077 ipsius

123 2081 542 2152 voluntatem,
586 2080 723 2156 plus
780 2082 975 2140 Deum
1018 2098 1200 2155 quam
1256 2096 1357 2155 pa-

126 2169 301 2219 trem
332 2160 631 2219 carnalem
659 2157 913 2235 diligens
942 2170 1161 2219 statum
1188 2158 1357 2216 illum

128 2236 488 2313 assumpsit.
570 2239 658 2313 iij.
710 2240 813 2297 Re.
863 2240 1029 2297 Dum
1061 2237 1355 2297 Ricardus

126 2316 339 2393 spirat
381 2314 647 2391 suspiria,
694 2327 841 2391 orat,
888 2319 1095 2393 plorat,
1146 2328 1355 2394 petens

130 2394 375 2455 solacia
403 2415 416 2453 :
457 2395 724 2457 Christus
750 2398 938 2457 donat
974 2406 1181 2473 optata
1219 2414 1357 2473 gau·

129 2476 257 2535 dia.
355 2474 408 2548 Ϋ
450 2475 687 2535 Transit
712 2474 775 2533 in
798 2475 1049 2552 jubilum
1075 2477 1271 2535 luctus
1300 2484 1359 2533 et

135 2551 415 2631 gemitus
441 2573 454 2611 ε
496 2572 667 2613 mens
696 2555 875 2614 sentit
902 2554 1139 2615 sibilum
1170 2552 1357 2613 divini

134 2631 420 2710 Spiritus
494 2632 765 2693 Christus
792 2635 994 2693 donat.
1062 2636 1141 2693 In
1166 2652 1355 2693 secun-

136 2714 215 2772 do
274 2718 569 2771 nocturno.
668 2722 764 2772 aa.
839 2712 1169 2773 Exaudivit.
1254 2712 1353 2772 Pr.

140 2787 323 2871 [ι’ἰῂἱ]
406 2792 562 2851 Cum
582 2790 931 2852 invocarem.
1017 2802 1113 2851 aa.
1161 2792 1358 2851 Exau-

139 2870 309 2931 divit
338 2868 639 2930 Dominus
667 2870 993 2931 Ricardum
1034 2873 1358 2948 deprecan-

141 2960 275 3009 tem
313 2971 328 3009 :
396 2948 565 3009 dedit
618 2948 675 3011 ei
736 2950 1004 3026 protinus
1072 2952 1357 3010 fervorem

142 3030 575 3090 oblectantem.
660 3038 757 3089 an.
817 3030 1017 3089 Verba
1068 3048 1177 3089 sua
1230 3047 1359 3105 per·

143 3108 321 3185 cipit.
430 3108 529 3168 Re.
590 3106 695 3189 [v.]
776 3110 977 3170 Verba
1028 3128 1176 3169 mea.
1260 3116 1357 3167 an.

145 3189 365 3248 Verba
403 3206 509 3248 sua
548 3186 818 3265 percipit,
846 3189 1013 3264 quod
1038 3190 1166 3249 vult
1196 3189 1363 3247 Deus

144 3273 427 3343 prestat:
468 3266 555 3327 sic
597 3268 935 3328 mercedem
981 3266 1191 3345 recipit
1246 3286 1363 3343 que

148 3346 355 3407 beatis
372 3343 397 3381 ⁸
422 3357 615 3406 restat.
672 3355 767 3405 ar‘i.
801 3348 1135 3407 Coronatur
1160 3345 1358 3424 gloria.

149 3428 254 3487 Pr.
303 3424 489 3505 [viij]
535 3426 798 3486 Domine
816 3425 1115 3485 Dominus
1142 3438 1358 3486 noster.

150 3516 251 3566 an.
286 3510 623 3571 Coronatur
646 3503 847 3581 gloria,
867 3506 1060 3565 honor
1085 3504 1141 3565 ei
1168 3506 1365 3566 datur:

153 3582 217 3643 in
276 3586 457 3647 beata
509 3584 697 3662 patria
749 3602 985 3660 semper
1036 3586 1359 3645 colletatur.

173 3666 506 3726 Ver-siculus.
579 3665 817 3739 Justum
844 3663 1106 3725 deduxit.
1192 3667 1368 3727 Pater

158 3756 377 3805 noster.
468 3744 547 3802 Et
590 3761 667 3802 ne
709 3761 834 3802 nos.
919 3743 1075 3819 Jube
1101 3743 1361 3805 domine.

160 3822 567 3901 Omnipotens
598 3821 897 3882 Dominus
923 3841 1030 3884 sua
1055 3824 1241 3899 gratia
1256 3844 1368 3885 nos

160 3900 501 3964 benedicat.
585 3902 798 3961 Amen.
1039 3902 1229 3963 lectio
1252 3905 1365 3981 iity.

266 4044 283 4075 ¹
319 4042 447 4093 This
490 4042 692 4109 portion
748 4041 875 4092 from
936 4046 952 4072 ⁸
970 4045 1227 4109 respondit
1244 4044 1258 4069 ’
1313 4053 1367 4097 to

172 4110 187 4133 ⁸
203 4109 515 4159 voluntatem
535 4109 547 4132 ’
570 4109 613 4159 is
647 4108 854 4172 missing
892 4110 943 4159 in
984 4109 1067 4171 L.,
1097 4110 1183 4160 the
1214 4110 1367 4162 lower

168 4182 279 4236 part
300 4174 359 4223 of
374 4191 405 4225 a
428 4174 533 4225 leaf
548 4174 701 4239 being
722 4181 833 4223 torn
856 4189 1013 4239 away.

268 4242 289 4271 ²
324 4240 557 4305 Armiger
580 4241 665 4290 ille
688 4239 821 4290 enim
848 4258 859 4289 ε
886 4240 943 4291 Β.
964 4242 1142 4305 pn'ma
1166 4258 1337 4291 manu.

266 4306 288 4400 t
320 4308 659 4438 3311353333.
678 4306 736 4355 L·

1010 4309 1031 4339 ⁴
1062 4322 1155 4357 ac:
1192 4309 1251 4359 L.

791 4376 812 4402 ⁸
844 4372 1241 4437 conquerendam
1266 4392 1277 4422 ε
1303 4373 1361 4424 L.

1964 313 2112 369 794
2203 286 2212 295 ’

1443 416 1830 523 Postquam
1859 428 2058 479 autern
2077 416 2378 495 predictus
2395 418 2646 497 armiger

1552 516 1692 557 eum
1745 496 1808 557 in
1851 508 2082 558 secreto
2133 496 2542 572 examinasset,
2585 509 2646 559 et

1445 598 1521 637 ex
1573 576 1848 667 perfectis
1901 575 2228 638 evidenciis
2267 576 2645 653 cognovisset

1444 666 1820 717 sanctitatem
1881 655 1972 716 sui
2037 655 2342 734 propositi,
2411 656 2647 717 vestivit

1444 755 1584 796 eum
1605 735 1938 812 sumptibus
1953 734 2073 795 suis
2095 737 2264 812 juxta
2276 737 2644 796 voluntatem

1444 835 1614 875 suam
1641 814 1908 875 vestibus
1945 814 2441 875 convenientibus
2477 816 2644 874 here-

1445 893 1609 967 mite,
1637 905 1699 954 et
1723 892 1918 969 ipsum
1946 891 2008 953 in
2035 895 2220 955 domo
2247 913 2354 953 sua
2381 894 2484 953 diu
2510 893 2646 953 reti-

1444 974 1590 1047 nuit,
1659 974 1812 1033 dans
1877 972 1990 1032 sibi
2056 976 2256 1033 locum
2322 972 2647 1033 mansionis

1445 1050 1720 1124 solitarie,
1749 1063 1812 1112 et
1837 1051 2154 1129 providens
2183 1051 2295 1112 sibi
2337 1053 2414 1113 de
2456 1051 2644 1111 omni-

1443 1132 1557 1191 bus
1610 1130 1955 1191 necessariis
2008 1131 2098 1191 sui
2151 1132 2341 1191 victus
2394 1141 2456 1191 et
2507 1131 2641 1191 vite.

1446 1212 1624 1270 Tunc
1649 1210 1851 1286 itaque
1867 1210 2024 1286 cepit
2053 1230 2190 1270 cum
2217 1208 2382 1270 omni
2399 1209 2647 1285 diligen-

1442 1288 1539 1348 cia
1591 1290 1690 1351 die
1744 1289 1844 1350 et⁴
1897 1300 2078 1350 nocte
2129 1288 2477 1366 perfectioni
2531 1288 2650 1348 vite

1444 1370 1701 1441 studere,
1729 1379 1788 1428 et
1815 1370 2124 1445 quomodo
2141 1367 2490 1444 oportunius
2511 1386 2648 1443 pos-

1448 1458 1538 1507 set
1581 1447 1644 1507 in
1691 1447 1814 1507 vita
1857 1446 2319 1523 contemplativa
2343 1448 2646 1523 proficere,

1448 1538 1511 1587 et
1536 1526 1602 1585 in
1629 1544 1831 1586 amore
1877 1524 2083 1586 divino
2125 1528 2361 1585 fervere.
2450 1527 2649 1599 Quam

1448 1606 1839 1666 excellentem
1878 1615 2078 1665 autern
2119 1602 2544 1681 perfectionem
2587 1602 2649 1663 in

1450 1686 1564 1745 hac
1617 1694 1742 1744 arte
1798 1685 1997 1742 Deum
2063 1685 2337 1743 ardenter
2409 1682 2650 1743 amandi

1452 1764 1696 1825 tandem
1752 1762 2056 1837 obtinuit,⁵
2109 1761 2362 1839 ipsemet
2407 1781 2532 1821 non
2572 1763 2653 1821 ad

1450 1842 1542 1903 sui
1593 1841 1950 1918 jactanciam
1997 1852 2100 1903 aut
2142 1860 2358 1901 vanam
2404 1840 2653 1917 gloriam

1452 1919 1968 1999 conquirendam,⁶
1986 1923 2092 1982 sed
2111 1920 2136 1958 ⁷
2153 1919 2362 1997 pocius
2381 1921 2655 1996 exemplo

1450 2000 1694 2079 gloriosi
1744 2011 1807 2062 et
1860 1999 2098 2059 humilis
2165 1998 2419 2077 apostoli
2487 1998 2656 2058 Pauli

1452 2079 1778 2141 enarrantis
1804 2090 2038 2156 raptum
2079 2098 2252 2139 suum
2293 2079 2374 2138 ad
2417 2077 2654 2138 tertium

1453 2161 1650 2220 celum
1677 2159 1781 2218 ubi
1806 2158 2034 2219 audivit
2073 2160 2332 2217 archana
2371 2176 2490 2234 que
2531 2176 2655 2216 non

1454 2238 1596 2299 licet
1622 2236 1852 2298 homini
1880 2237 2062 2315 loqui,
2093 2236 2198 2315 qui
2223 2236 2414 2298 eciam
2440 2237 2658 2295 fatetur

1454 2316 1924 2395 magnitudinem
1951 2316 2386 2379 revelacionum
2411 2315 2522 2375 sibi
2544 2317 2660 2375 fac-

1455 2408 1647 2457 tarum
1699 2416 1738 2456 a
1794 2396 1974 2471 Deo,8
2028 2408 2090 2475 et
2134 2395 2373 2473 publice
2418 2395 2657 2472 pretulit

1455 2476 1690 2537 labores
1743 2494 1882 2537 suos
1935 2475 2204 2536 omnium
2250 2476 2654 2552 apostolorum

1454 2554 1777 2627 laboribuS,
1831 2574 1949 2631 que
2004 2554 2206 2614 omnia
2257 2554 2336 2613 ad
2403 2553 2654 2613 aliorum

1456 2636 1789 2711 profectum
1816 2645 1878 2694 et
1903 2630 2390 2693 edificacionem⁹
2418 2631 2480 2690 in
2502 2631 2654 2707 epis·

1460 2712 1596 2773 tolis
1649 2712 1772 2771 suis
1825 2711 2056 2789 scripsit
2108 2721 2168 2771 et
2220 2710 2350 2770 aliis
2404 2711 2659 2786 legenda

1456 2789 1693 2867 reliquit
1723 2813 1736 2850 ε
1783 2790 1930 2849 ¹⁰ita
1971 2802 2030 2850 et
2070 2789 2181 2850 iste
2209 2798 2448 2848 sanctus
2490 2789 2656 2847 here-

1458 2871 1606 2931 mita
1633 2868 1926 2930 Ricardus
1955 2868 2017 2928 in
2043 2867 2195 2928 libro
2223 2886 2331 2927 suo
2359 2867 2550 2943 primo
2577 2867 2657 2927 de

1462 2948 1757 3009 Incendio
1809 2947 2067 3021 Amoris,
2127 2945 2387 3023 capitulo
2443 2945 2651 3022 prime,

1459 3038 1656 3089 narrat
1702 3028 1782 3087 ad
1829 3046 2008 3103 quam
2051 3027 2200 3085 altas
2243 3035 2304 3084 et
2345 3024 2657 3084 mellifluas

1461 3106 1873 3171 dilectationes
1926 3105 2118 3181 attigit
2171 3105 2656 3179 contemplandO,

1462 3198 1529 3248 ut
1556 3186 1656 3247 alii
1683 3204 1790 3276 per
1814 3187 1934 3245 hoc
1960 3204 2130 3263 spem
2173 3181 2441 3244 similiter
2483 3183 2658 3258 profi-

1462 3266 1664 3327 ciendi
1691 3285 1751 3325 m
1779 3264 2012 3324 actibus
2039 3260 2572 3339 contemplacionis
2599 3271 2662 3321 et

1464 3346 1682 3411 amoris
1714 3343 1830 3404 Dei
1857 3342 2168 3421 accipiant,
2197 3340 2247 3401 si
2277 3353 2474 3400 tamen
2515 3340 2658 3416 vigi·

1463 3428 1672 3498 lauret,
1739 3423 2026 3485 instanter
2089 3430 2150 3481 et
2224 3431 2664 3498 perseveranter

1468 3506 1740 3567 insistant
1775 3497 1888 3563 illis
1916 3499 2417 3578 occupacionibus
2440 3518 2558 3575 que
2585 3498 2664 3557 ad

1464 3584 1920 3662 adipiscendum
1972 3579 2314 3658 hujusmodi
2353 3578 2662 3655 perfectio·

1464 3684 1607 3725 nem
1643 3660 2262 3723 desiderabilissimam
2301 3657 2665 3741 ordinantur,

1466 3757 1530 3807 et
1554 3740 1984 3820 impedimenta
2009 3736 2540 3814 contemplacionis
2567 3754 2665 3794 ve-

1466 3826 1555 3884 lut
1577 3822 1622 3859 ¹¹
1669 3838 1966 3881 venenum
2005 3819 2361 3878 abhorreant
2387 3826 2448 3875 et
2473 3812 2664 3873 absci-

1468 3904 1632 3964 dant.
1737 3900 1846 3975 iiij.
1905 3900 2008 3957 Re.
2099 3898 2314 3956 Patent
2386 3905 2592 3969 aperto
2617 3891 2665 3929 ¹²

1571 4040 1829 4093 ’set=L.
2220 4034 2596 4084 ⁸adeoetzL.

1567 4112 1588 4141 ⁸
1623 4106 1996 4159 edificacionem
2019 4122 2032 4153 ς
2057 4103 2118 4152 L.
2143 4120 2158 4162 3
2182 4100 2581 4151 edificacionum:
2603 4098 2660 4148 B.
2695 4130 2704 4141 ·

1554 4176 1595 4255 ¹?
1627 4172 1752 4250 This
1774 4171 1974 4261 portion
1997 4168 2124 4247 from
2154 4168 2252 4217 ‘ita
2285 4166 2364 4214 et'
2400 4173 2453 4214 to
2491 4170 2668 4213 ‘occu-

1468 4239 1760 4309 paciombus
1817 4252 1859 4286 is
1879 4236 1978 4285 lost
2001 4249 2053 4284 m
2077 4233 2159 4293 L.‚
2187 4232 2275 4283 the
2295 4230 2449 4281 lower
2481 4238 2592 4295 part
2617 4228 2676 4278 of

1468 4322 1497 4356 a
1520 4305 1627 4357 leaf
1639 4303 1792 4369 being
1811 4308 1936 4351 torn.

1553 4373 1588 4404 ¹¹
1625 4370 1772 4420 velud
1796 4387 1808 4419 z
1845 4368 1904 4417 L.
2161 4365 2199 4396 ¹²
2231 4370 2408 4429 operto
2434 4381 2444 4411 :
2470 4362 2530 4411 L.
