3117 4959
876 247 1323 304 ANNUNCIA
1334 248 1389 301 T
1383 249 1622 304 IONIS
1665 250 1792 304 MA
1803 249 1957 304 RIE.

702 355 859 411 239

165 460 634 525 Et‘vocabitur
662 481 907 524 nomen
955 460 1098 542 ejus
1145 462 1355 544 Jesus,

162 567 213 636 γ
260 549 397 612 Hic
429 549 553 612 erit
586 569 869 631 magnus
888 559 956 612 et
981 549 1151 612 filius
1174 550 1358 613 altis-

162 637 316 700 simi
346 637 731 701 vocabitur:
778 647 848 700 et
892 639 1081 701 dabit
1113 638 1208 700 illi
1239 639 1361 700 do-

164 726 387 787 minus
416 725 583 788 deus
630 725 859 788 sedem
906 725 1109 789 david
1154 726 1362 807 patris

165 813 329 894 ejus,
421 813 529 876 Et.
1040 813 1252 876 Lectio
1276 814 1361 896 ψ’.

162 900 554 1031 plaudat
598 920 772 964 nunc
804 902 1070 982 organis
1102 902 1311 964 maria
1344 923 1361 966 z

315 997 386 1051 et
474 989 647 1052 inter
716 989 977 1052 veloces
1050 988 1361 1052 articulos

160 1085 495 1157 tympana
567 1097 887 1158 puerpere
946 1087 1361 1160 concrepent.

164 1164 545 1228 Concinant
618 1163 902 1228 letantes
975 1165 1157 1228 chori
1202 1188 1219 1228 ε
1296 1174 1366 1228 et

160 1251 652 1316 alternantibus
706 1253 922 1316 modis
981 1252 1365 1316 dulcissima

159 1340 463 1402 carmina
486 1341 897 1405 misceantur.
961 1340 1214 1404 Audite
1245 1341 1367 1423 igi-

162 1437 279 1490 tur
299 1428 870 1509 quemadmodum
896 1429 1365 1511 tympanistria

164 1525 401 1578 nostra
475 1517 859 1580 cantaverit.
969 1515 1095 1582 Ait
1168 1518 1364 1580 enim.

166 1602 564 1685 Magnificat
588 1604 813 1666 anima
834 1625 984 1667 mea
998 1605 1364 1668 dominum.

162 1701 237 1754 et
270 1700 506 1754 cetera.
600 1691 886 1756 Causam
934 1693 1135 1775 igitur
1178 1693 1363 1756 inva-

163 1779 479 1843 lescentis
511 1781 743 1842 erroris
787 1781 1177 1843 miraculum
1210 1781 1362 1844 novi

163 1877 403 1948 partus
434 1867 629 1930 evicit
657 1890 673 1933 :
720 1876 789 1930 et
819 1887 939 1931 eve
969 1868 1311 1950 planctum
1346 1889 1363 1932 t

164 1955 381 2018 marie
442 1964 675 2019 cantus
737 1955 1037 2020 exclusit.
1149 1957 1365 2019 Extat

162 2043 360 2124 virgo
372 2044 389 2080 ¹
410 2063 563 2106 cum
577 2045 881 2126 concipit.
894 2044 1082 2126 virgo
1093 2045 1367 2126 gravida

162 2130 361 2212 virgo
390 2152 545 2194 cum
576 2133 766 2214 parit.
813 2133 998 2213 virgo
1028 2141 1185 2214 post
1216 2152 1368 2213 par-

165 2229 341 2283 tum.
436 2219 551 2284 Re.
600 2219 998 2300 Quomodo²
1043 2220 1160 2284 fiet
1190 2219 1365 2283 istud

164 2306 521 2388 respondit
579 2309 835 2371 maria:
908 2309 1067 2389 quia
1153 2309 1367 2371 virum

164 2415 305 2457 non
354 2415 687 2476 cognosco
715 2417 729 2459 ε
776 2396 1047 2478 angelus
1078 2396 1163 2458 ad
1196 2395 1318 2460 hec
1352 2417 1371 2460 z

168 2482 467 2565 Spiritus
524 2491 795 2546 sanctus
838 2484 1256 2565 superveniet
1300 2484 1369 2546 in

166 2579 259 2634 te.
355 2571 448 2633 Et
507 2573 713 2635 virtus
773 2570 1072 2635 altissimi
1134 2573 1369 2634 obum-

169 2659 399 2721 brabit
472 2659 615 2722 tibi.
719 2675 768 2745 y
817 2659 1114 2741 Ideoque
1187 2659 1369 2742 quod

170 2756 491 2810 nascetur
534 2767 625 2809 ex
668 2755 736 2810 te
766 2757 1072 2811 sanctum
1104 2749 1370 2810 vocabi-

172 2844 285 2897 tur
316 2833 490 2897 filius
537 2835 661 2898 dei.
756 2834 1043 2917 Spiritus
1086 2846 1371 2900 sanctus,

176 2922 429 2986 Gloria.
495 2923 588 2986 Et
608 2923 831 2986 virtuS.
899 2924 985 2986 In
1016 2923 1202 2986 tertio
1234 2944 1371 2986 noc-

174 3021 375 3073 turno
432 3019 538 3074 αῆ.
587 3011 763 3074 Ecce
808 3011 995 3092 virgo
1046 3012 1375 3093 concipiet

176 3107 248 3160 et
310 3099 525 3179 pariet
584 3097 839 3163 filium:
903 3109 972 3162 et
1031 3099 1377 3164 vocabitur

176 3205 429 3249 nomen
461 3186 603 3266 ejus
635 3185 957 3251 emanuel.
1050 3197 1156 3267 pf.
1200 3187 1376 3251 Can-

174 3282 325 3337 tate
403 3274 519 3354 (j.)
614 3274 748 3337 Αῆ.
824 3274 1378 3356 Multiplicahitur

178 3361 327 3443 ejus
389 3362 781 3443 imperium:
857 3373 926 3426 et
986 3364 1178 3444 pacis
1242 3383 1376 3425 non

182 3450 307 3512 erit
338 3449 512 3513 finis„
564 3460 667 3531 pff.
717 3451 1047 3514 Dominus
1078 3451 1379 3532 regnavit

178 3535 465 3601 exultet.
524 3539 656 3602 Ανῖ.
707 3538 915 3601 Dabit
945 3539 1035 3601 illi
1069 3539 1378 3602 dominus

179 3625 415 3689 sedem
462 3626 660 3690 david
706 3627 919 3708 patris.
957 3626 1099 3708 ejus
1131 3635 1200 3689 et
1230 3647 1375 3709 reg-

182 3713 377 3776 nabit
409 3714 475 3776 in
509 3723 827 3777 eternum.
903 3723 1016 3796 pf..
1073 3715 1388 3779 Cantate.

182 3802 309 3884 (ij.)
451 3817 493 3886 y
575 3802 970 3883 Egredietus
1028 3802 1382 3868 dominus-,³

179 3889 479 3954 Veniet.⁴
746 3890 1117 3954 Secundum
1148 3891 1380 3955 liccam.

280 4052 298 4083 ¹
332 4051 511 4100 virdo:
546 4051 631 4102 W.

278 4119 298 4148 ²
336 4118 439 4166 Hic
472 4117 607 4184 apud
652 4117 789 4167 R'.N.
824 4123 873 4167 et
911 4117 995 4168 S2.
1036 4118 1257 4182 sequitur
1289 4119 1378 4168 Re.

185 4183 409 4234 ‘Christi
452 4183 635 4247 virgo.’
679 4183 815 4248 quod
858 4183 984 4232 infra
1028 4191 1142 4248 post
1200 4200 1385 4234 nonam

181 4249 452 4300 rectionem
479 4249 721 4299 invenieS.
794 4256 844 4297 et
879 4238 929 4312 Ῠ
968 4250 1155 4298 Emitte
1178 4265 1379 4314 agnum.

181 4315 391 4366 Abhinc
430 4331 587 4380 usque
619 4316 697 4364 ’ad
748 4317 763 4342 ‘
782 4314 990 4364 Veniet'
1034 4317 1203 4364 omnia
1247 4331 1346 4366 om.
1375 4334 1387 4366 =

184 4383 427 4434 R.N.Sz.

285 4451 307 4480 ⁸
348 4453 361 4476 ‘
377 4449 443 4498 de
466 4448 577 4498 loco
601 4453 775 4497 sancto
799 4463 889 4497 suo
908 4446 921 4470 ’
944 4447 1045 4516 add
1056 4467 1079 4516 ,³
1115 4447 1181 4499 G.

1979 355 2135 410 240

1457 463 1612 592 ln
1647 460 1759 524 illo
1790 470 2092 543 tempore
2136 461 2381 525 Missus
2411 472 2514 525 est
2545 482 2664 526 an-

1565 549 1754 631 gelus
1807 549 2058 631 gabriel
2092 570 2130 612 a
2162 551 2290 612 deo
2334 549 2398 612 in
2432 551 2660 614 civita-

1461 645 1600 700 tem
1631 637 1870 718 galilee
1900 639 2004 700 cui
2040 658 2284 700 nornen
2311 639 2655 702 nazareth:

1460 725 1547 788 ad
1580 725 1902 806 virginem
1950 725 2422 806 desponsatam
2468 727 2654 790 viro:

1463 813 1565 877 cui
1599 833 1843 876 nomen
1885 822 2024 877 erat
2066 813 2303 895 joseph
2336 814 2420 877 de
2451 814 2656 876 domo

1462 901 1662 963 david
1685 911 1752 964 et
1765 901 2290 984 nomenvirginis
2313 902 2535 964 maria.
2565 902 2656 964 Et

1464 987 1730 1070 reliqua.
1812 988 2062 1053 Omclia
2101 1011 2182 1052 ex
2206 990 2656 1053 commentario

1464 1077 1852 1140 venerabilis·
1879 1077 2051 1140 Bede
2065 1076 2436 1159 presbyteri.
2514 1078 2654 1142 Lec.

1458 1164 1675 1302 Ad
1721 1165 1998 1228 mariam
2059 1185 2218 1246 ergo
2265 1165 2463 1246 virgi·
2513 1165 2654 1248 [vij.

1632 1271 1785 1315 nem
1844 1252 2097 1334 gabriel
2144 1254 2478 1316 mittitur:
2541 1254 2653 1334 qui

1464 1338 1572 1402 dei
1605 1338 1925 1403 fortitudo
1965 1341 2359 1404 nominatur.
2455 1340 2653 1404 Illum

1464 1429 1714 1509 quippe
1775 1429 2085 1491 nunciare
2145 1429 2492 1492 veniebat:
2540 1431 2654 1509 qui

1465 1517 1551 1578 ad
1586 1514 2017 1579 debellandas
2063 1517 2316 1579 aerias³
2360 1525 2658 1598 potesta-

1462 1611 1565 1666 tes
1626 1602 1892 1666 humilis
1952 1624 2270 1686 apparere
2343 1604 2659 1686 dignatus

1464 1698 1584 1754 est.
1681 1691 1786 1754 De
1847 1711 1982 1772 quo
2056 1711 2176 1773 per
2233 1691 2654 1773 psalmistam

1464 1778 1720 1842 dicitur.
1813 1779 2144 1842 Dominus
2190 1779 2374 1842 fortis
2420 1789 2489 1843 et
2541 1800 2663 1861 po-

1466 1876 1614 1930 tens
1664 1867 1976 1930 dominus
2027 1876 2268 1949 potens
2317 1869 2384 1930 in
2436 1868 2661 1949 prelio·

1464 1953 1606 2018 Re.⁶
1653 1955 1866 2018 Dabit'
1893 1954 1986 2018 illi
2018 1956 2329 2019 dominus
2360 1956 2524 2019 deus
2557 1976 2660 2018 se-

1465 2042 1621 2105 dem
1655 2043 1852 2106 david
1902 2043 2108 2124 patris
2139 2043 2299 2124 ejuS.
2394 2044 2486 2107 Et
2518 2064 2664 2125 reg-

1466 2132 1655 2194 nabit
1684 2131 1752 2193 in
1784 2131 1988 2194 domo
2014 2131 2212 2212 jacob
2245 2132 2308 2194 in
2341 2141 2661 2195 eternum.

1467 2235 1515 2305 γ
1564 2218 1653 2282 Et
1703 2219 1886 2300 regni
1935 2220 2080 2301 ejus
2129 2239 2260 2282 non
2313 2221 2436 2282 erit
2495 2218 2663 2282 finis,

1473 2307 1566 2370 Et
1597 2308 1914 2388 regnabit.
2181 2307 2396 2370 Lectio
2425 2317 2665 2371 octava.

1468 2395 1824 2527 Multas
1885 2394 1974 2457 ob
2043 2415 2308 2458 caussas
2379 2395 2670 2458 salvator

1654 2492 1880 2546 noster
1909 2502 2042 2546 non
2085 2484 2170 2546 de
2213 2483 2496 2564 simplici
2541 2484 2671 2546 vir-

1470 2571 1644 2652 gine.
1733 2572 1852 2634 sed
1892 2571 1977 2634 de
2022 2570 2428 2652 desponsata
2457 2571 2667 2634 voluit

1470 2659 1671 2722 nasci.
1767 2659 1988 2721 Primo
2047 2659 2354 2722 videlicet
2415 2668 2490 2722 ut
2550 2679 2670 2740 per

1470 2747 1976 2829 generationem
1987 2745 2227 2828 joseph
2253 2747 2354 2829 cuj
2364 2767 2440 2809 us
2461 2747 2673 2809 maria

1471 2843 1765 2916 cognata
1837 2844 1978 2897 erat
2014 2855 2030 2898 ι
2121 2836 2327 2897 marie
2401 2854 2670 2916 quoque

1473 2931 1854 2987 nosceretur
1920 2921 2123 3002 origo.
2249 2923 2510 2985 Deinde
2586 2942 2670 2984 ne

1473 3009 1672 3073 velud
1693 3008 1722 3050 ⁷·
1749 3008 2050 3072 adultera
2080 3008 2484 3090 lapidaretur
2515 3029 2553 3070 a
2570 3009 2674 3090 ju-

1475 3098 1649 3161 deis:
1683 3097 1938 3161 malens
1971 3096 2229 3178 aliquos
2260 3097 2345 3160 de
2377 3117 2498 3159 suo
2522 3107 2670 3160 ortu

1477 3205 1690 3267 quam.
1713 3185 1799 3248 de
1829 3185 2083 3267 pudore
2103 3185 2406 3248 dubitare
2438 3204 2672 3267 paren-

1476 3276 1593 3340 tis:
1618 3273 1813 3339 simul
1835 3283 1902 3336 et
1923 3274 2288 3354 virginibus
2321 3272 2674 3355 impudicis

1479 3362 1896 3426 occasionem
1957 3361 2206 3426 tollens.
2260 3381 2343 3424 ne
2393 3371 2674 3424 matrem

1478 3448 1822 3526 salvatoris
1853 3470 2120 3532 quoque
2161 3450 2455 3513 dicerent
2501 3449 2681 3512 falsis

1480 3537 2069 3618 suspicationibus⁸
2091 3538 2498 3601 infamatam.
2531 3535 2678 3600 Re?

1483 3626 1680 3689 Dixit
1713 3637 1936 3690 autem
1986 3627 2193 3689 maria
2226 3625 2310 3688 ad
2345 3625 2674 3707 angelum.

1482 3713 1676 3780 Ecce.
1710 3714 1960 3780 ancilla,
1995 3715 2245 3778 domini
2276 3733 2291 3776 ε
2352 3713 2468 3776 fiat
2515 3713 2678 3774 mihi

1481 3801 1844 3864 secundum
1934 3803 2208 3865 verbum
2283 3810 2490 3865 tuu-m.
2628 3817 2676 3885 Ῡ

1485 3889 2042 3971 Spiritussanct-us
2112 3889 2536 3972 superveniet
2613 3889 2680 3949 in

1587 4055 1608 4083 ⁴
1645 4055 1660 4080 ‘
1679 4057 1730 4104 ut
1754 4052 1909 4102 salvet
1933 4051 2172 4116 populum
2196 4067 2340 4101 suum
2357 4051 2370 4074 ’
2391 4051 2490 4100 add
2518 4069 2530 4100 :
2566 4050 2630 4100 G.

1585 4120 1606 4148 ⁸
1637 4133 1838 4167 aereas:
1875 4117 2082 4168 E.·G.N.

1585 4187 1606 4215 ⁸
1643 4184 1760 4233 Hoc
1781 4185 1870 4234 Re.
1898 4199 1998 4232 orn.
2030 4201 2043 4232 ς
2080 4183 2314 4232 R.N.Sz.

1589 4253 1608 4280 ⁷
1643 4251 1810 4299 velut:
1845 4248 2320 4298 R.E.G.N.Sx.Sz.

1591 4319 1612 4346 ⁰
1644 4315 2036 4380 suspitionibus:
2073 4315 2136 4362 R.

1596 4385 1618 4412 ⁹
1651 4382 1768 4431 Hoc
1792 4382 1880 4431 Re.
1909 4395 2008 4430 om.
2043 4396 2054 4429 :
2091 4379 2298 4431 R.N.S.
