3117 4959
1448 243 1555 298 IN
1593 240 1866 299 FESTO

970 348 1125 405 795

2258 348 2411 404 796

438 451 640 513 hostio
665 452 886 530 pulcra,
916 451 1079 527 mira,
1102 451 1319 527 suavia,
1338 454 1636 514 excedunt
1733 473 1844 532 pro
1859 456 2034 529 lect0‚
2055 454 2295 514 brevem
2317 454 2596 513 casellam
2613 473 2730 531 pro
2747 455 2939 526 domo,

442 532 608 593 omni
634 534 833 609 precio
862 535 1173 593 mundana·
1192 532 1461 605 visibilia,
1490 552 1634 593 con-

442 614 663 673 duntur
705 612 902 671 cordis
946 611 1179 685 scrini0,
1220 614 1492 673 Mulcent
1534 632 1643 672 sua

440 690 761 767 presencia.
836 693 887 766 Ῠ
930 693 1069 751 Hec
1096 710 1213 767 que
1241 702 1466 751 tantum
1498 691 1642 751 emi-

446 781 592 830 nent
620 790 724 829 cor
750 769 992 829 Ricardi
1014 771 1301 842 detinent,
1322 782 1381 830 et
1408 773 1644 830 firmant

442 848 506 908 in
560 848 771 923 leticia,
830 851 1103 910 Mulcent
1156 869 1263 909 sua
1317 849 1636 925 presencia.

444 929 526 1033 J
531 947 572 986 n
597 927 749 988 libro
766 926 1059 1004 siquidem
1075 928 1341 1004 predicto
1358 926 1574 1019 [Lectio
1587 948 1638 989 v.

532 1004 617 1065 sic
645 1008 739 1066 ait.
812 1006 1166 1067 Admirabar
1191 1009 1445 1084 amphus
1461 1027 1642 1084 quam

448 1085 705 1146 enuncio
753 1087 996 1161 quando
1040 1086 1253 1147 sentivi
1298 1106 1401 1146 cor
1444 1106 1648 1147 meum

444 1165 716 1242 primitus
767 1164 1144 1239 incalescere,
1198 1176 1258 1225 et
1310 1185 1463 1239 vere,
1518 1185 1645 1226 non

445 1242 820 1321 ymaginarie,
848 1243 993 1303 sed¹
1024 1244 1193 1321 quasi
1220 1244 1481 1305 sensibili
1508 1245 1646 1335 igne

444 1335 691 1384 estuare.
790 1324 969 1383 Eram
1022 1323 1303 1400 equidem
1356 1335 1644 1384 attonitus

446 1402 953 1479 quemadmodum
1006 1412 1278 1479 eruperat
1330 1403 1505 1463 ardor
1543 1402 1646 1463 ille

444 1480 507 1540 in
534 1480 755 1555 animo,
784 1492 843 1540 et
865 1482 942 1541 de
963 1481 1203 1541 insolito
1224 1481 1447 1541 solacio
1465 1501 1642 1558 prop·

442 1570 533 1621 ter
570 1560 1065 1637 inexper:enciam
1092 1561 1267 1637 hujus
1291 1562 1643 1621 habundan-

410 1636 419 1645 ’
444 1637 536 1699 cie
566 1639 765 1716 sepius
792 1650 999 1715 pectus
1020 1658 1221 1699 meum
1241 1638 1291 1698 si
1308 1641 1457 1700 forte
1486 1651 1642 1701 esset

440 1719 634 1779 fervor
669 1737 744 1778 ex
769 1718 967 1795 aliqua
993 1738 1173 1777 causa
1212 1718 1481 1779 exteriori
1522 1721 1645 1795 pal-

444 1796 593 1874 pavi.
697 1798 971 1873 Cumque
1015 1797 1427 1874 cognovissem
1474 1800 1644 1875 quod

446 1896 521 1936 ex
548 1875 809 1936 interiori
836 1878 1215 1937 solummodo
1256 1877 1640 1951 efferbuisset,

444 1964 504 2015 et
530 1974 655 2015 non
677 1966 831 2015 esset
856 1975 894 2014 a
921 1974 1095 2015 carne
1123 1954 1465 2017 incendium
1494 1956 1644 2016 illud

444 2033 677 2106 amoris,
698 2034 839 2094 sed²
867 2035 1093 2094 donum
1117 2048 1273 2096 esset
1298 2034 1642 2109 conditoriS,

444 2113 796 2173 letabundvs
823 2112 1174 2189 liquefactus
1196 2134 1325 2175 sum
1343 2114 1405 2173 in
1426 2116 1643 2174 affectu

444 2190 745 2269 amplioris
800 2190 1165 2267 dileccionis,
1234 2204 1295 2253 et
1360 2194 1644 2270 precipue

442 2282 685 2348 propter
774 2269 1156 2331 influenciam
1235 2271 1642 2333 dilectacionis

444 2348 789 2409 suavissime
816 2361 876 2410 et
902 2350 1206 2411 suavitatis
1246 2352 1492 2424 interne,
1523 2371 1644 2428 que

443 2446 581 2487 cum
609 2428 741 2505 ipso
768 2440 1039 2492 caumate
1068 2430 1351 2507 spirituali
1379 2442 1642 2492 mentem

442 2526 641 2567 meam
708 2508 1051 2568 medullitus
1118 2508 1394 2569 irroravit.
1509 2512 1644 2569 Nec

445 2586 605 2647 enim
658 2586 859 2663 putavi
914 2586 1075 2664 prius
1129 2590 1307 2648 talem
1368 2590 1642 2649 ardorem

444 2664 791 2725 mellifluum
841 2676 900 2725 et
942 2666 1404 2727 consolatorium
1434 2668 1497 2727 in
1524 2669 1643 2728 hoc

443 2744 622 2805 exilio
665 2744 911 2805 evenire.
1000 2747 1159 2805 Ecce
1204 2765 1345 2823 ergo
1364 2746 1389 2784 ³
1435 2766 1510 2808 ex
1551 2746 1644 2807 his

444 2822 637 2884 verbis
662 2823 912 2901 qualiter
954 2826 1265 2900 proficerat
1280 2825 1305 2862 ⁴
1354 2824 1416 2884 in
1458 2828 1643 2915 adep·

446 2902 624 2963 cione
670 2902 1001 2963 suavissimi
1042 2902 1258 2964 amoris
1304 2905 1462 2966 Dei:
1504 2924 1644 2982 quia

444 2992 645 3041 autem
694 2984 881 3041 multa
922 2992 1059 3043 sunt
1081 2982 1106 3020 ³
1142 2984 1539 3060 preparatoria
1564 2985 1644 3044 ad

444 3059 861 3121 accensionem
888 3060 1063 3138 hujus
1086 3062 1112 3101 ⁶
1138 3062 1373 3137 amoris,
1403 3073 1471 3122 ut
1496 3074 1644 3139 puta

446 3158 519 3199 ea
545 3158 661 3215 que
702 3139 1044 3200 diminuunt
1070 3152 1131 3201 et
1156 3142 1372 3202 tollunt
1410 3160 1643 3202 amores

446 3217 791 3291 contrarios,
838 3217 976 3279 ideo
1022 3232 1259 3281 sanctus
1299 3220 1411 3283 iste
1450 3220 1644 3283 carnis

448 3296 668 3357 attrivit
688 3296 1003 3370 lascivia5‚⁷
1032 3298 1091 3357 in
1114 3318 1364 3375 quarum
1380 3319 1646 3361 amorem

447 3376 619 3436 multi
646 3374 872 3453 impetu
907 3377 1223 3439 bestiarum
1246 3378 1272 3415 ⁸
1319 3389 1381 3438 et
1421 3398 1646 3439 vesano

446 3456 723 3514 feruntur.
828 3456 1127 3516 Mundum
1184 3456 1373 3518 eciam
1426 3458 1648 3535 sprevit

447 3552 586 3591 cum
632 3532 751 3591 suis
794 3532 1040 3607 diviciis,
1082 3537 1275 3595 solum
1329 3548 1646 3597 contentus

448 3610 589 3672 artis
606 3610 631 3647 ⁹
683 3610 803 3671 vite
855 3614 1220 3687 necessariis,
1276 3625 1342 3674 ut
1406 3614 1646 3677 liberius

451 3710 661 3751 vacare
714 3700 915 3766 posset
967 3691 1183 3752 amoris
1226 3692 1347 3753 veri
1394 3693 1644 3755 deliciis.

453 3770 573 3831 His
602 3768 775 3847 igitur
818 3788 893 3829 ex
939 3770 1133 3831 causis
1176 3772 1494 3833 maceravit
1522 3792 1646 3833 car-

450 3868 587 3909 nem
646 3867 814 3908 suam
868 3850 1065 3909 multis
1117 3850 1374 3927 jejuniis,
1428 3852 1650 3912 crebris

448 3927 677 4005 vigiliis,
708 3926 1037 3989 insistendo
1079 3928 1427 4007 singultibus
1466 3942 1652 4007 atque

451 4006 730 4083 suspirii3‚
802 4009 1079 4068 deserens
1161 4027 1403 4068 omnem
1486 4008 1652 4069 strati

451 4086 795 4159 molliciem,
824 4105 1130 4147 scamnum
1173 4088 1385 4148 durum
1426 4089 1653 4149 habens

554 4239 803 4289 ¹set2L.
1008 4242 1271 4291 ἐξίει.

466 4320 471 4325 ·
552 4305 573 4335 ⁸
602 4304 887 4367 hujusmodi
913 4324 925 4355 ε
961 4306 1027 4356 L.
1162 4310 1180 4337 ⁷
1212 4306 1383 4357 lascivi
1408 4308 1543 4358 vias:
1581 4308 1640 4359 L.

541 4369 581 4463 ἒξ
614 4370 871 4418 Domino:
908 4372 964 4419 B.
985 4372 1163 4433 prima
1187 4389 1358 4422 manu.

1410 4242 1431 4273 ⁸
1462 4258 1584 4292 vero
1605 4260 1618 4293 z
1654 4243 1712 4292 L.

1735 546 2002 595 mentem
2031 553 2266 610 semper
2303 536 2490 609 figens
2516 533 2580 592 in
2609 533 2826 607 ce10,¹⁰
2849 554 2946 593 cu-

1743 611 1915 689 piens
1953 612 2194 673 dissolvi
2239 624 2298 672 et
2343 632 2474 673 esse
2521 632 2660 672 cum
2709 613 2948 674 Christo

1741 692 1962 752 dilecto
1991 711 2101 752 suo
2129 691 2490 752 dulcissimo.
2535 711 2588 751 v.
2619 694 2727 751 Re.
2763 696 2952 751 Amor

1741 782 2030 831 monstrat
2095 771 2312 831 mentis
2365 769 2714 831 incendium
2771 772 2954 831 sacris

1741 850 1928 922 factis,
1959 850 2208 926 scriptiS,
2237 849 2510 925 alloquiis
2541 872 2557 909 ε
2597 869 2771 909 amor
2797 850 2956 910 tollit

1745 948 1928 989 omne
1995 928 2376 1005 dispendium
2445 930 2614 1003 quod
2683 931 2958 989 turbaret

1741 1006 2060 1067 mundanis
2077 1008 2280 1068 tediis:
2307 1026 2477 1067 amor
2501 1006 2622 1067 vite
2651 1026 2761 1068 sue
2783 1026 2954 1067 com-

1741 1087 2029 1163 pendium
2071 1088 2212 1162 Quo
2237 1088 2498 1163 repletur
2523 1087 2776 1146 summis
2804 1086 2954 1147 deli-

1743 1166 1864 1225 ciis,
1911 1169 1962 1243 Ϋ
1978 1168 2168 1226 Amor
2184 1165 2386 1227 dilecti
2407 1185 2513 1225 eor
2520 1168 2649 1242 ejus
2659 1168 2954 1237 vulnerat,

1742 1263 1912 1305 amor
1938 1245 2142 1305 zelotis
2170 1247 2473 1321 langorem
2500 1258 2761 1323 generat,
2807 1246 2954 1320 Quo

1740 1326 2013 1400 repletur.
2055 1326 2216 1401 Jube
2237 1323 2497 1384 domine.
2559 1325 2732 1383 Intus
2759 1336 2824 1383 et
2849 1342 2954 1384 ex-

1739 1400 1918 1463 terius
1935 1422 2046 1463 nos
2063 1413 2270 1481 purget
2284 1402 2534 1479 Spiritus
2547 1404 2754 1463 almus.
2777 1404 2852 1462 L.
2871 1406 2948 1479 vj.

1743 1485 1858 1589 Α
1875 1482 2183 1541 dmirande
2225 1496 2424 1542 autem
2453 1495 2516 1542 et
2549 1482 2726 1542 utiles
2767 1482 2954 1541 nimis

1874 1573 2040 1621 erant
2065 1564 2244 1638 hujus
2272 1560 2462 1621 sancti
2505 1561 2954 1637 occupationes

1743 1639 1804 1700 in
1859 1639 2078 1700 sanctis
2139 1639 2658 1700 exhomcionibus
2727 1640 2956 1717 quibus

1739 1737 1922 1795 quam
1950 1719 2236 1796 plurimos
2271 1718 2561 1779 convertit
2601 1720 2684 1778 ad
2726 1720 2953 1789 Deum,

1741 1798 1803 1858 in
1861 1798 2091 1874 scriptis
2144 1798 2334 1857 eciam
2381 1798 2504 1857 suis
2543 1798 2850 1858 mellifluis
2889 1812 2956 1859 et

1741 1877 2084 1937 tractatibus
2099 1896 2172 1937 ac
2197 1876 2241 1913 ¹¹
2275 1876 2488 1937 libellis
2503 1878 2582 1937 ad
2605 1876 2954 1937 edificacio-

1743 1976 1880 2018 nem
1944 1956 2350 2033 proximorum
2403 1955 2772 2033 compositis,
2829 1976 2955 2033 que

1742 2035 1945 2095 omnia
1973 2036 2034 2095 in
2055 2035 2338 2095 cordibus
2357 2036 2712 2095 devotorum
2731 2035 2956 2095 dulcis-

1744 2114 1954 2175 simam
1981 2125 2261 2174 resonent
2279 2112 2327 2150 ¹²
2343 2114 2696 2186 armoniam,
2715 2124 2778 2174 et
2795 2113 2960 2174 inter

1742 2207 1940 2254 cetera
1965 2192 2331 2254 vehementis
2367 2192 2790 2253 admiracionis
2819 2212 2958 2253 esse

1741 2274 1976 2333 videtur
2016 2273 2181 2347 quod
2209 2274 2355 2332 dum
2397 2273 2581 2331 semel
2619 2274 2862 2332 sederet
2887 2273 2956 2332 in

1741 2354 1891 2411 cella
1917 2351 2106 2411 suain
2133 2371 2257 2410 uno
2279 2350 2378 2410 die
2399 2362 2536 2427 post
2563 2350 2889 2427 prandium
2905 2350 2958 2388 ¹⁸

1740 2441 2032 2491 venerunt
2085 2432 2166 2491 ad
2223 2448 2360 2489 eum
2419 2428 2670 2489 domina
2728 2431 2956 2490 domus

1743 2521 1804 2569 et
1853 2511 2038 2570 multe
2091 2508 2208 2569 alie
2261 2526 2514 2585 persone
2562 2528 2702 2567 cum
2749 2528 2844 2579 ea,
2893 2520 2958 2569 et

1741 2588 2090 2649 invenerunt
2157 2608 2290 2648 eum
2363 2588 2726 2648 scribentem
2803 2590 2960 2647 mul·

1741 2679 1869 2728 tum
1915 2667 2214 2742 velociter,
2243 2666 2699 2744 petiveruntque
2743 2669 2832 2727 ab
2879 2686 2958 2727 eo

1741 2758 1808 2807 ut
1833 2768 1870 2807 a
1897 2747 2214 2807 scribendo
2256 2744 2583 2817 desisteret,
2613 2756 2676 2805 et
2703 2744 2796 2805 eis
2825 2766 2958 2806 ver—

1741 2828 1886 2887 bum
1910 2824 2316 2887 edificacionis
2355 2836 2733 2901 proponeret.
2832 2824 2960 2900 Qui

1741 2904 1938 2965 statim
1966 2903 2188 2964 faciens
2225 2903 2311 2963 eis
2352 2903 2810 2964 exhortaciones
2847 2924 2958 2981 op-

1743 2984 1916 3044 timas
1943 2986 2021 3043 ad
2048 2983 2294 3043 virtutes
2321 2993 2382 3043 et
2407 2984 2486 3042 ad
2513 2982 2958 3043 declinandum

1741 3062 1926 3125 seculi
1975 3062 2281 3134 vanitateS,
2339 3072 2398 3121 et
2437 3062 2517 3121 ad
2582 3063 2956 3121 firmandum

1740 3162 2004 3202 amorem
2053 3140 2252 3201 cordis
2297 3142 2380 3200 ad
2426 3142 2643 3209 Deum,
2678 3140 2742 3198 in
2785 3143 2958 3201 nullo

1743 3232 1946 3281 tamen
2000 3231 2241 3297 propter
2287 3220 2400 3279 hec
2446 3218 2676 3279 destitit
2723 3238 2764 3277 a
2813 3218 2956 3279 scri-

1744 3302 1946 3361 bendo
1973 3318 2079 3376 per
2105 3300 2256 3359 duas
2281 3300 2458 3358 horas
2478 3296 2821 3372 continuaS,
2847 3299 2956 3358 sed

1743 3397 1898 3455 eque
1924 3376 2208 3439 velociter
2225 3377 2377 3437 sicut
2397 3376 2554 3453 prius
2571 3376 2956 3437 continuavit

1743 3458 2113 3535 scripturam,
2157 3457 2324 3547 quod
2366 3457 2532 3515 nullo
2580 3457 2774 3516 modo
2825 3454 2954 3516 fieri

1743 3536 2032 3614 potuisset
2093 3534 2206 3595 nis1
2261 3534 2509 3611 Spiritus
2564 3536 2825 3595 Sanctus
2879 3554 2954 3595 eo

1744 3627 2014 3693 tempore
2051 3614 2360 3675 direxisset
2387 3625 2448 3674 et
2473 3632 2719 3672 manum
2749 3626 2818 3675 et
2843 3614 2954 3673 lin-

1743 3714 1941 3772 guam,
1968 3693 2274 3771 presertim
2302 3711 2441 3752 eum
2469 3703 2670 3753 essent
2695 3712 2957 3770 occupa-

1747 3773 1951 3835 ciones
1999 3773 2076 3833 ab
2121 3772 2376 3832 invicem
2429 3771 2854 3845 distrahentes,
2895 3781 2956 3831 et

1749 3872 1942 3913 sermo
1969 3851 2224 3912 omnino
2267 3851 2611 3926 discrepans
2649 3870 2690 3910 a
2729 3850 2954 3941 signifi·

1749 3931 1996 3993 cacione
2087 3932 2404 3991 verborum
2491 3948 2612 4006 que
2692 3930 2946 4007 scripsit.

1753 4012 1926 4070 Adeo
1953 4008 2142 4070 eciam
2191 4020 2315 4069 erat
2359 4008 2662 4068 interdum
2710 4020 2954 4068 sanctus

1753 4088 1865 4151 iste
1901 4092 2174 4150 absortus
2201 4087 2264 4147 in
2293 4087 2498 4165 spiritu
2543 4088 2692 4146 dum
2741 4100 2954 4161 oraret,

1855 4246 1874 4275 ⁴
1907 4242 1979 4293 sic
2005 4262 2017 4292 :
2053 4242 2181 4291 B.L.
2419 4242 2442 4272 ⁸
2481 4242 2663 4291 ‘sunt’
2687 4257 2792 4292 om.
2823 4242 2885 4293 L.

1845 4312 1866 4341 ⁸
1897 4308 2112 4359 bestiali:
2149 4309 2207 4358 L.
2409 4308 2434 4339 ⁸
2467 4308 2631 4357 arcis:
2669 4306 2738 4357 L.

1829 4375 1864 4405 ¹¹
1899 4382 1950 4424 et
1977 4391 1988 4423 :
2024 4374 2084 4423 L.
2400 4374 2440 4405 ¹²
2472 4383 2745 4426 resonam:
2785 4374 2846 4425 L.

616 4432 665 4478 in
690 4446 791 4479 uno
816 4442 927 4495 post
954 4436 1238 4497 prandium:
1275 4436 1331 4485 B.
1357 4439 1530 4499 prima
1553 4455 1725 4488 manu.
1790 4440 1842 4488 in
1867 4455 1966 4489 uno
1990 4438 2316 4504 postprandio
2337 4457 2350 4489 ι
2386 4439 2444 4489 L.
