3117 4959
1488 227 1595 280 IN
1634 227 1906 282 FESTO

960 335 1117 390 709

430 445 626 508 Tunc
655 441 875 506 senior
895 440 1178 505 elevavit
1196 459 1349 504 eum
1372 440 1637 503 dicens:

434 533 621 614 Lege
694 529 893 612 hujus
966 529 1143 592 tituli
1220 536 1489 592 textum
1567 535 1637 591 et

432 618 645 684 crede.
758 617 1101 700 Scriptura
1156 625 1381 680 autem
1454 613 1636 680 tituli

434 707 559 770 hec
586 713 768 769 erat:
820 705 1015 769 Unus
1046 705 1245 768 deus:
1276 724 1411 767 una
1441 701 1638 766 fides:

436 813 642 858 unum
695 791 1074 874 baptisma:
1120 811 1291 856 unus
1342 791 1508 854 deus
1568 798 1640 853 et

434 890 628 965 pater
655 881 957 943 omnium
1006 879 1121 960 qui
1172 898 1373 961 super
1411 876 1640 940 omnia

436 978 507 1032 et
559 970 623 1031 in
681 969 923 1032 omnia.
1017 966 1108 1030 Et
1151 967 1328 1030 dixit
1368 967 1639 1029 senior:

438 1056 673 1121 Credis
718 1055 884 1119 hoc:
932 1075 1019 1118 an
1064 1054 1283 1118 adhuc
1318 1053 1640 1118 dubitas?

436 1143 500 1206 T
502 1163 631 1207 unc
662 1143 1033 1206 valerianus
1064 1141 1408 1225 respondit
1434 1162 1449 1206 :
1482 1141 1642 1204 Non

438 1238 543 1295 est
572 1231 753 1294 aliud
783 1229 966 1312 quod
996 1230 1214 1294 verius
1232 1229 1444 1313 possit
1460 1227 1641 1292 credi

438 1319 567 1383 sub
618 1319 777 1382 celo,
872 1317 963 1382 Et
1014 1319 1241 1381 statim
1294 1318 1515 1380 senior
1554 1315 1644 1380 ab

440 1405 649 1470 oculis
678 1425 909 1468 eorum
943 1405 1207 1486 elapsus
1236 1414 1357 1469 est.
1436 1404 1644 1469 Sanc-

442 1503 555 1557 tus
583 1513 740 1558 vero
762 1493 1053 1556 urbanus
1070 1491 1433 1576 baptisavit
1456 1510 1644 1556 eum:

441 1590 513 1644 et
542 1579 795 1644 remisit
813 1601 965 1644 eum
984 1583 1071 1645 ad
1094 1581 1393 1644 ceciliam
1416 1587 1646 1643 sancte

443 1668 601 1731 fidei
676 1666 904 1750 regula
1006 1668 1417 1733 instructum.
1525 1666 1644 1730 Re.

446 1754 681 1820 Cilicio
710 1755 943 1818 cecilia
990 1758 1289 1820 membra
1324 1754 1650 1818 domabat

445 1843 649 1906 deum
680 1843 1042 1925 gemitibus
1086 1843 1433 1908 exorabat.
1520 1841 1646 1905 Al-

446 1931 784 1995 machium
822 1931 1236 2014 exuperabat
1278 1929 1648 2013 tyburtium

446 2027 517 2081 et
549 2017 959 2082 valerianum
1007 2019 1093 2082 ad
1148 2038 1425 2082 coronas
1453 2037 1650 2082 voca-

444 2103 582 2170 bat.
676 2121 720 2190 y
765 2105 922 2168 Non
958 2105 1194 2169 diebus
1233 2125 1449 2187 neque
1494 2124 1650 2168 noc-

446 2191 627 2256 tibus
658 2192 945 2255 vacabat
974 2213 1015 2255 a
1046 2193 1389 2274 colloquiis
1410 2191 1652 2255 divinis

447 2287 518 2342 et
548 2279 864 2343 oratione.
912 2279 1359 2344 Almachium.
1420 2279 1565 2342 Lec.
1589 2300 1650 2343 v.

466 2365 945 2497 Valerianus
1032 2375 1257 2430 autem
1346 2366 1648 2431 candidis

614 2453 887 2516 indutus
910 2455 1325 2518 vestimentis
1348 2455 1647 2518 ceciliam

450 2540 625 2604 intra
647 2541 1023 2605 cubiculum
1043 2551 1345 2606 orantem
1366 2543 1647 2606 invenit:

450 2637 521 2692 et
562 2627 767 2710 juxta
812 2649 960 2692 eam
1010 2638 1301 2693 stantem
1334 2629 1646 2712 angelum

450 2717 745 2780 domini:
789 2717 959 2783 duas
1006 2737 1285 2797 coronas
1313 2718 1382 2780 in
1432 2717 1648 2780 mani-

452 2805 579 2868 bus
610 2805 969 2869 ferentem:
1017 2807 1263 2888 quique
1293 2825 1496 2868 unam
1529 2805 1648 2868 de-

453 2892 554 2955 dit
628 2892 895 2956 cecilie:
959 2893 1235 2956 alteram
1310 2893 1650 2957 valeriano

454 2978 701 3044 dicens.
791 2980 965 3044 Istas
1008 3001 1285 3045 coronas
1330 2981 1653 3044 immacu·

452 3065 593 3130 lato
650 3068 849 3131 corde
908 3076 977 3131 et
1052 3069 1303 3132 mundo
1374 3088 1652 3150 corpore

455 3156 817 3218 custodite:
864 3157 1021 3238 quia
1071 3157 1157 3219 de
1201 3157 1511 3238 paradiso
1543 3155 1651 3218 dei

453 3261 567 3304 eas
626 3242 836 3306 attuli.
962 3244 1091 3306 His
1149 3245 1373 3326 itaque
1448 3242 1652 3307 finitis

456 3330 872 3393 sermonibus
916 3349 933 3392 t
1006 3331 1283 3413 angelus
1344 3331 1655 3412 migravit

452 3415 541 3477 ad
587 3416 781 3480 celos,
874 3415 1017 3480 Illis
1051 3426 1275 3482 autem
1326 3419 1654 3501 epulanti·

457 3503 581 3566 bus
658 3504 723 3564 in
806 3503 1070 3567 Christo
1146 3515 1348 3588 atque
1406 3527 1657 3570 sermo-

456 3589 834 3652 cinantibus
924 3591 1257 3673 tyburtius
1337 3593 1654 3658 valeriani

460 3677 661 3740 frater
690 3677 1003 3742 advenit:
1048 3687 1118 3743 et
1147 3679 1429 3744 osculari
1478 3683 1658 3764 cepit

458 3774 660 3846 caput
690 3775 918 3828 sancte
937 3765 1161 3830 cecilie
1189 3789 1204 3831 ε
1230 3776 1299 3832 et
1318 3770 1656 3834 admirans

457 3873 729 3916 suavem
778 3853 1050 3917 odorem
1105 3857 1445 3936 persensit.
1535 3857 1654 3922 Re.

460 3941 772 4004 Ceciliam
831 3941 1001 4004 intra
1042 3943 1416 4007 cubiculum
1464 3964 1659 4008 oran-

458 4037 595 4091 tem
630 4029 881 4092 invenit
908 4049 923 4092 :
970 4038 1038 4093 et
1061 4030 1264 4112 juxta
1294 4052 1442 4096 eam
1474 4042 1657 4096 stan-

458 4124 595 4179 tem
672 4117 983 4198 angelum
1059 4119 1331 4183 domini.
1434 4120 1657 4203 Quem

458 4203 694 4266 videns
721 4205 1132 4270 valerianus:
1181 4207 1387 4272 nimio
1410 4218 1658 4274 terrore

2279 329 2420 385 710

1739 447 2084 526 correptus
2142 446 2264 503 est.
2355 453 2404 521 γ
2459 431 2786 516 Angelus
2847 431 2965 496 do-

1741 529 1904 592 mini
1925 527 2271 592 descendit
2299 524 2386 588 de
2414 522 2563 586 celo
2591 544 2609 586 ε
2640 521 2968 585 etlumen

1739 615 2001 680 refulsit
2059 615 2129 679 in
2189 610 2591 677 habitaculo.
2711 608 2970 691 Quem.

1761 706 2038 838 Tunc
2068 711 2302 765 sancta
2331 699 2561 763 cecilia
2593 695 2853 780 [thio
2881 696 2970 776 vqs.

1905 791 2279 873 tyburtium
2341 786 2676 852 constanti
2727 783 2972 846 animo

1741 877 1944 941 fidem
1979 877 2226 943 Christi
2257 875 2621 958 perdocuit.
2713 870 2972 937 Credi-

1740 966 1846 1030 dit
1871 965 2208 1048 tyburtius
2243 985 2258 1029 :
2291 972 2362 1027 et
2391 983 2434 1026 a
2461 961 2664 1026 beato
2695 958 2974 1022 urbano

1741 1053 2116 1135 baptisatus
2148 1061 2288 1116 est:
2319 1059 2390 1114 et
2409 1057 2736 1132 ceperunt
2755 1047 2976 1111 ambo

1743 1140 1980 1206 fratres
2011 1141 2257 1204 sanctis
2279 1137 2594 1222 operibus
2624 1135 2972 1198 insistere.

1745 1229 1989 1292 Postea
2016 1227 2185 1292 tenti
2231 1247 2272 1289 a
2317 1226 2620 1290 maximo
2653 1222 2975 1288 cornicu-

1745 1316 1913 1380 lario
1972 1316 2309 1399 prefecto:
2375 1333 2498 1396 per
2553 1311 2975 1394 predicatio-

1743 1424 1900 1468 nem
1961 1422 2191 1467 eorum
2255 1410 2327 1465 et
2403 1403 2544 1484 ipse
2603 1397 2972 1462 maximus

1741 1511 1896 1554 cum
1957 1491 2140 1555 omni
2199 1489 2406 1552 domo
2465 1507 2632 1551 sua:
2692 1495 2772 1550 et
2839 1485 2966 1568 ipsi

1739 1577 2082 1643 carnifices
2139 1575 2666 1641 christianissimi
2727 1573 2966 1638 effecti

1746 1675 1922 1732 sunt.
2010 1666 2204 1729 Tunc
2249 1673 2484 1728 sancta
2512 1662 2746 1725 cecilia
2777 1661 2970 1725 venit

1747 1754 1834 1818 ad
1897 1774 2014 1817 eos
2071 1773 2228 1817 cum
2288 1750 2748 1815 sacerdotibus
2789 1769 2810 1813 ε
2903 1757 2972 1810 et

1748 1842 2066 1924 baptisati
2171 1849 2346 1903 sunt.
2512 1837 2731 1920 Igitur
2809 1855 2970 1899 cum

1750 1949 1988 1993 aurora
2019 1927 2220 1992 finem
2267 1925 2449 1990 nocti
2494 1927 2733 1990 daret:
2783 1923 2970 1986 facto

1751 2017 2016 2081 silentio
2047 2016 2274 2080 cecilia
2305 2014 2528 2079 dixit:
2577 2013 2711 2094 Eja
2734 2013 2756 2050 ¹
2795 2011 2968 2074 mili-

1751 2114 1854 2169 tes
1901 2104 2192 2170 Christi:
2238 2102 2507 2184 abjicite
2537 2121 2746 2183 opera
2777 2109 2968 2163 tene-

1750 2193 2018 2256 brarum
2055 2211 2070 2256 :
2145 2199 2215 2254 et
2287 2189 2684 2253 induimini²
2775 2207 2970 2250 arma

1751 2279 1933 2344 lucis,
2024 2277 2464 2342 Venientibus
2507 2295 2672 2355 ergo
2711 2277 2968 2338 sanctis

1749 2368 1838 2431 ad
1891 2367 2039 2430 loca
2096 2365 2468 2430 idolorum:
2511 2364 2716 2428 thura
2775 2383 2970 2426 recu·

1749 2464 1902 2519 sant
1927 2475 1942 2519 :
1975 2454 2294 2518 feriuntur
2311 2452 2576 2535 gladio:
2600 2451 2970 2534 projiciunt

1748 2562 1992 2624 corpus
2049 2541 2459 2623 temporale:
2503 2550 2576 2602 et
2623 2541 2971 2620 accipiunt

1749 2630 2047 2713 palmam
2095 2629 2409 2711 martyrii.
2499 2628 2619 2691 Re.
2671 2627 2971 2691 Domine

1748 2718 1910 2800 Jesu
1945 2718 2206 2784 Christe
2238 2725 2470 2798 pastor
2497 2715 2678 2778 bone
2705 2735 2724 2778 :
2771 2715 2972 2777 semi·

1749 2815 1946 2870 nator
2019 2805 2182 2870 casti
2277 2803 2536 2868 consilii
2591 2823 2607 2866 :
2701 2803 2971 2883 suscipe

1751 2895 2081 2958 seminum
2113 2892 2402 2956 fructus:
2434 2911 2602 2973 quos
2633 2891 2706 2952 in
2739 2890 2968 2954 cecilia

1751 2981 2112 3065 seminasti.
2215 2979 2466 3045 Cecilia
2524 2977 2790 3042 famula
2861 2987 2968 3040 tua
3045 3033 3047 3046 2

1753 3071 1942 3152 quasi
1973 3089 2133 3152 apes
2163 3068 2285 3132 tibi
2327 3075 2818 3148 argumentosa
2863 3067 2968 3130 de·
3045 3131 3047 3140 ,

1753 3158 1970 3221 servit.
2061 3173 2111 3244 γ
2157 3157 2336 3220 Nam
2382 3173 2716 3237 sponsum
2769 3172 2967 3236 quem
3044 3147 3047 3162 “

1755 3244 1944 3327 quasi
2001 3244 2263 3308 leonem
2314 3241 2606 3306 ferocem
2655 3243 2966 3323 accepit:

1756 3333 1843 3396 ad
1873 3341 1943 3396 te
1973 3331 2162 3414 quasi
2209 3350 2461 3412 agnum
2509 3329 2964 3393 mansuetissi-

1755 3440 1942 3484 mum
1973 3420 2346 3484 destinavit.
2398 3417 2674 3482 Cecilia.
2743 3417 2964 3482 Gloria

1756 3509 1944 3591 patri.
2039 3506 2301 3573 Cecilia.
2392 3506 2482 3568 In
2527 3505 2632 3588 ig'j.
2663 3516 2964 3569 nocturno

1753 3605 1862 3659 αῆ.
1941 3596 2290 3661 Credimus
2353 3593 2706 3658 Christum
2763 3593 2958 3657 filium

1756 3684 1864 3746 dei
1895 3703 2122 3746 verum
2173 3684 2377 3746 deum
2433 3702 2627 3746 esse:
2675 3685 2798 3764 qui
2849 3681 2961 3743 sibi

1758 3771 1964 3835 talem
1999 3770 2202 3852 elegit
2233 3769 2578 3833 famulam.
2659 3779 2771 3852 pff.
2805 3770 2964 3833 Can·

1759 3867 1917 3923 tate.
1952 3859 2067 3942 (j.)
2114 3859 2249 3922 Αῇ.
2284 3857 2431 3921 Nos
2463 3858 2762 3921 scientes
2791 3875 2964 3920 sanc·

1759 3955 1906 4010 tum
1939 3966 2184 4009 nomen
2216 3946 2494 4008 omnino
2527 3966 2784 4027 negare
2813 3942 2964 4008 non⁸

1761 4053 2130 4122 possumus,
2203 4042 2310 4116 pff.
2359 4035 2702 4097 Dominus
2748 4051 2961 4115 regna-

1758 4123 1856 4186 vit
1887 4121 2170 4185 exultet.
2213 4122 2348 4184 Αῆ.
2381 4122 2578 4185 Tunc
2603 4121 2959 4184 valerianus

1761 4211 2055 4293 perrexit
2087 4210 2172 4274 ad
2205 4208 2580 4274 antistitem
2608 4231 2626 4274 ε
2673 4219 2746 4274 et
2785 4210 2956 4291 sig-no

660 4361 673 4390 ³
710 4377 799 4425 eya
828 4363 1049 4426 (passim)
1076 4383 1089 4413 ε
1124 4365 1273 4417 W.S.
1573 4371 1596 4402 ²
1627 4369 1856 4420 induini:
1893 4369 1948 4420 S.
2151 4369 2172 4399 ⁸
2211 4373 2340 4420 ‘non
2361 4369 2374 4392 ‘
2397 4383 2501 4419 om.
2530 4386 2544 4419 :
2583 4369 2640 4420 S.
