3117 4959
1252 244 1313 297 S.
1368 243 1651 300 COSME
1697 244 1818 299 ET
1859 243 2261 300 DAMJANJ.

1024 352 1164 406 377

493 467 561 522 et
610 457 1029 522 sebastianus
1082 459 1423 540 presidesz
1466 479 1694 543 prece-

494 555 735 628 perunt
810 545 1129 610 militibus
1193 547 1694 630 apprehendere

494 654 649 697 eum
680 643 749 697 et
780 632 1053 698 carceris
1084 636 1473 701 custodibus
1510 657 1694 700 com-

498 722 812 785 mendare
852 744 866 786 :
915 723 1220 805 clamque
1270 744 1423 787 eum
1478 726 1696 789 noctis

494 811 757 874 silentio
814 810 1037 893 capite
1090 813 1395 875 truncari.
1488 813 1692 896 Quod

494 907 563 960 et
624 897 872 961 factum
936 907 1053 962 est.
1185 899 1393 982 Cujus
1451 921 1693 982 corpus

494 985 931 1049 faustinianus
1005 1007 1047 1049 a
1122 987 1325 1051 beato
1400 998 1694 1071 martyre

494 1073 903 1155 baptizatus:
923 1074 1265 1139 conditum
1284 1079 1694 1142 aromatibus

494 1161 800 1245 sepelivit
830 1163 919 1225 ad
950 1163 1215 1227 laudern
1251 1165 1505 1228 domini
1538 1185 1693 1229 nos-

495 1251 578 1315 tri
609 1250 767 1332 Jesu
802 1250 1065 1316 Christi.
1160 1252 1383 1318 Cetera
1411 1253 1491 1316 de
1528 1274 1694 1318 com-

500 1338 692 1400 muni
718 1339 917 1401 unius
947 1340 1277 1420 martyria

497 1431 561 1503 π
628 1427 1017 1490 Sanctorum
1076 1438 1443 1509 martyrum
1494 1430 1692 1511 capri-

492 1515 615 1576 ani
639 1514 654 1552 ¹
686 1524 749 1578 et
782 1515 1064 1590 Justine.
1404 1518 1619 1582 Lectio
1627 1521 1690 1600 j.

514 1604 925 1734 Tempore
956 1603 1069 1666 illo
1098 1605 1225 1669 sub
1255 1605 1648 1670 diocliciano
1667 1608 1691 1644 ²

653 1691 1051 1774 imperatore
1095 1694 1163 1756 in
1208 1695 1475 1758 civitate
1518 1696 1690 1758 anti-

492 1778 687 1842 ochia
715 1789 859 1845 erat
889 1781 1177 1862 quedam
1198 1783 1386 1864 virgo
1416 1784 1686 1848 nornine

483 1867 753 1949 justina.
842 1867 1210 1934 Aelaudius
1232 1891 1389 1934 vero
1412 1871 1686 1953 quidam

490 1955 922 2020 scholasticus
952 1956 1186 2022 videns
1215 1958 1537 2040 virginem
1560 1960 1684 2022 fre·

493 2053 775 2125 quenter
804 2053 1071 2108 euntem
1110 2047 1195 2110 ad
1236 2046 1584 2112 ecclesiam
1617 2049 1684 2111 in

490 2130 817 2194 desiderio
876 2131 1018 2212 ejus
1096 2135 1477 2202 accenditur
1524 2157 1540 2201 :
1617 2146 1686 2200 et

488 2220 764 2282 accessit
822 2219 907 2282 ad
970 2221 1360 2303 cyprianum
1410 2243 1684 2308 magum

491 2317 560 2370 et
588 2307 892 2408 promisit
922 2309 981 2370 ei
1013 2309 1149 2372 duo
1173 2310 1427 2376 talenta
1451 2315 1592 2376 auri
1616 2322 1686 2378 et

489 2395 744 2476 argenti
804 2395 984 2462 duo,
1049 2407 1125 2464 ut
1185 2418 1304 2481 per
1358 2401 1685 2466 maleficia

486 2503 609 2546 sua
682 2493 949 2566 caperet
1030 2487 1321 2552 animam
1412 2489 1684 2572 virginis

481 2571 747 2652 justine.
840 2573 1189 2655 Ciprianus
1220 2586 1445 2640 autem
1498 2578 1682 2642 exci-

491 2661 659 2724 tavit
690 2659 1052 2726 demones:
1099 2673 1169 2726 et
1200 2667 1566 2729 transmisit
1595 2665 1682 2729 ad

482 2749 807 2831 virginem
838 2749 1317 2832 decipiendam.
1412 2753 1545 2818 Sed
1581 2775 1686 2818 sa-

488 2857 600 2901 cra
630 2837 817 2918 virgo
848 2837 1039 2919 signo
1084 2840 1293 2903 crucis
1338 2862 1482 2904 sese
1526 2863 1686 2907 con-

487 2927 759 3007 signans
782 2925 967 2989 illum
1000 2927 1355 2992 demonem
1389 2932 1683 2994 secundo

486 3024 555 3076 et
584 3014 783 3077 tertio
813 3035 853 3076 a
884 3035 957 3078 se
986 3015 1262 3098 expulit.
1372 3018 1585 3082 Lectio
1616 3019 1685 3101 ij.

504 3104 653 3234 V
656 3104 844 3167 idens
902 3123 1059 3166 vero
1120 3104 1447 3186 ciprianus
1492 3109 1685 3188 signa

654 3211 785 3272 que
844 3211 963 3272 per
1008 3204 1307 3257 sanctam
1360 3197 1682 3277 virginem

488 3278 663 3342 sacta
694 3287 887 3341 sunt:
932 3299 1157 3343 coram
1208 3283 1522 3365 episcopo
1577 3304 1682 3348 ec-

487 3366 687 3429 clesie
738 3367 979 3430 cecidit
1010 3369 1253 3434 dicens
1349 3372 1686 3453 Deprecor

489 3463 558 3516 te
604 3462 831 3535 pater:
878 3455 1061 3519 salva
1105 3459 1398 3522 animam
1448 3480 1684 3524 meam.

492 3543 864 3624 Episcopus
939 3552 1163 3606 autem
1252 3547 1544 3630 suscepit
1618 3558 1687 3612 et

491 3630 841 3694 benedixit
878 3651 1030 3694 eum
1078 3633 1320 3698 dicenS.
1416 3636 1686 3700 Festina

490 3719 583 3782 fili
643 3717 731 3782 ad
792 3719 1172 3786 ecclesiam:
1232 3733 1303 3787 et
1354 3726 1686 3788 orationes

491 3810 895 3873 incessanter
918 3809 1121 3872 redde
1140 3811 1284 3874 deo.
1335 3813 1686 3894 Ciprianus

490 3906 715 3962 autem
746 3897 997 3961 vadens
1026 3900 1110 3963 ad
1144 3900 1418 3970 domum
1451 3921 1641 3964 suam
1671 3923 1686 3967 ε

488 3987 715 4052 omnia
746 3985 925 4052 idola
955 3987 1291 4070 confregit
1388 3989 1467 4056 In
1502 4010 1689 4071 mag-

492 4096 582 4139 no
644 4084 867 4139 autem
929 4075 1034 4139 die
1095 4078 1459 4159 baptizavit
1533 4099 1686 4144 eum

492 4166 884 4248 episcopus:
915 4174 985 4228 et
1014 4175 1169 4249 post
1199 4166 1495 4249 aliquot⁸
1522 4176 1694 4230 tem-

593 4315 908 4379 'Cypriam-

589 4383 610 4413 ¹
642 4381 988 4434 diocleciano:
991 4317 1085 4431 RIV.
1096 4382 1148 4433 S.
1220 4349 1553 4436 dioclethno:
1591 4381 1657 4436 N.

587 4447 876 4513 ⁸aliquod.
914 4449 972 4499 R.
984 4449 1050 4498 N.

2306 356 2455 412 578

1793 480 1920 542 pus
1956 459 2173 524 factus
2219 468 2324 523 est
2363 460 2698 524 diaconus
2785 461 2944 527 Com·
3035 475 3037 496 ¹

1793 549 1978 630 pleto
2009 558 2233 612 autem
2265 569 2444 612 anno
2474 548 2688 611 sactus
2715 551 2946 631 presby-

1794 645 1932 701 ter:
1983 637 2349 718 permansit
2393 637 2734 699 sexdecim
2776 657 2949 702 annos

1793 725 1862 787 in
1924 725 2144 788 officio
2203 724 2613 807 presbyterii.
2741 725 2948 789 Beatus

1793 821 2018 876 autem
2080 813 2394 876 antimius
2463 831 2950 895 precognoscens
3033 775 3037 868 Ι

1792 901 2054 965 exitum
2085 921 2278 964 suurn
2325 901 2658 964 ordinavit
2685 911 2950 965 sanctum

1793 989 2160 1070 ciprianum
2193 990 2578 1072 episcopum
2609 1010 2626 1053 :
2655 997 2728 1052 et
2747 989 2953 1052 obdor-
3031 921 3037 1072 i

1795 1076 1986 1140 mivit
2015 1079 2083 1140 in
2115 1078 2404 1140 domino.
2649 1076 2853 1139 Latio
2877 1078 2952 1160 iij.

1805 1165 2222 1297 Ciprianus
2252 1174 2480 1229 autem
2511 1173 2812 1228 sanctam
2847 1165 2952 1246 jus-
3035 1213 3037 1218 .

1929 1255 2140 1316 tinam
2183 1254 2519 1336 promovit
2547 1252 2798 1316 faciens
2835 1273 2953 1316 mm
3034 1231 3037 1308 Ι

1793 1341 2278 1406 diaconissam:
2325 1351 2394 1404 et
2442 1341 2786 1404 constituit
2833 1361 2952 1404 eam

1794 1438 2074 1492 matrem
2171 1429 2552 1492 monasterii
2645 1428 2948 1510 virginum.

1799 1517 1948 1580 Hec
1977 1519 2256 1582 audiens
2273 1538 2501 1582 comes
2519 1517 2950 1580 encholonius:

1793 1606 2055 1687 scripsit
2085 1615 2154 1671 et
2184 1605 2408 1669 retulit
2439 1607 2570 1668 ista
2601 1606 2762 1686 regi.
2845 1605 2952 1668 Ira-

1793 1702 1900 1756 tus
1923 1715 2082 1758 vero
2113 1715 2232 1757 rex
2251 1694 2446 1759 valde
2475 1692 2840 1756 transmisit
2863 1713 2952 1755 eos

1789 1781 1856 1844 in
1889 1782 2380 1846 nichomediam
2409 1782 2752 1846 civitatem
2771 1781 2954 1844 decol-
3035 1811 3037 1814 ⁴

1789 1868 2044 1934 landos,
2179 1871 2430 1936 Sancta
2501 1889 2666 1934 vero
2735 1869 2950 1950 justina
3034 1827 3037 1900 ⁴

1787 1968 1946 2022 ante
1989 1959 2356 2040 ciprianum
2389 1967 2630 2040 rogatu
2663 1956 2804 2038 ejus
2829 1975 2954 2020 oon-

1784 2056 2161 2112 summata:
2239 2045 2611 2110 decollatus
2667 2055 2770 2110 est
2823 2065 2956 2108 mox

1787 2135 2123 2216 ciprianus
2169 2145 2240 2200 et
2292 2135 2595 2218 projecta
2647 2143 2802 2198 sunt
2839 2153 2955 2196 cor-

1787 2242 1950 2304 pora
2023 2243 2256 2287 eorum
2329 2223 2629 2286 canibus,
2769 2221 2956 2284 Naute

1787 2331 1943 2374 vero
2013 2311 2244 2375 fideles
2318 2320 2522 2374 noctu
2601 2310 2956 2374 levaverunt

1787 2419 2066 2482 corpora
2095 2419 2323 2463 eorum
2356 2400 2424 2462 in
2460 2399 2693 2462 navim
2721 2407 2790 2461 et
2817 2397 2957 2460 acci-

1787 2488 2046 2572 pientes
2107 2509 2148 2551 a
2207 2487 2616 2570 quibusdam
2701 2485 2958 2550 sanctis⁴

1786 2586 1936 2640 acta
1959 2597 2186 2642 eorum
2210 2577 2484 2658 scripta:
2511 2575 2962 2658 navigaverunt

1786 2683 2084 2731 romam:
2129 2672 2198 2728 et
2248 2664 2498 2728 ibidem
2545 2685 2670 2727 eos
2716 2662 2959 2744 sepelie-

1788 2761 1940 2815 runt
1988 2753 2074 2815 ad
2131 2751 2396 2816 laudem
2430 2751 2646 2833 ipsius
2687 2753 2800 2833 qui
2827 2749 2962 2812 vivit

1786 2849 1854 2902 et
1915 2849 2152 2923 regnat
2209 2842 2276 2904 in
2337 2839 2564 2906 secula
2619 2839 2960 2902 seculorum

1785 2947 2000 2992 amen.
2075 2928 2296 2994 Cetera
2324 2928 2403 2991 de
2428 2929 2768 2991 communi
2776 2925 2962 3010 pluri·
3029 2871 3035 2990 l

1784 3036 2040 3078 morum
2069 3026 2456 3098 margyrum.

1790 3109 1854 3181 π
1905 3103 2293 3168 Sanctorum
2355 3113 2734 3184 martyrum
2781 3103 2966 3169 cosm

1785 3203 1847 3256 et
1875 3192 2221 3258 Damiani.
2751 3189 2962 3256 Oratio,
3030 3267 3033 3274 ι

1785 3283 2141 3412 presta·
2155 3301 2517 3364 quesumus
2563 3281 2962 3362 omnipotens
3030 3283 3033 3364 l

1940 3370 2141 3433 deus:
2173 3380 2249 3433 ut
2268 3371 2381 3451 qui
2413 3378 2804 3432 sanctorum
2827 3383 2964 3430 mar-
3031 3367 3033 3372 ’

1787 3466 2010 3538 tyrum
2044 3467 2310 3522 tuorum
2333 3477 2562 3520 cosme
2593 3468 2672 3520 et
2702 3451 2958 3520 damiani

1790 3545 2090 3610 natalitia
2111 3546 2426 3610 colimus:
2447 3567 2488 3608 a
2507 3547 2774 3610 cunctis
2805 3541 2960 3607 malis

1787 3634 2288 3697 imminentibus
2321 3653 2550 3696 eorum
2577 3631 2958 3697 intercessio-
3029 3637 3031 3682 Ι

1792 3722 1984 3784 nibus
2037 3723 2406 3786 liberemur.
2461 3742 2583 3803 per
2617 3722 2958 3785 dominum.

1811 3811 2335 3942 Temporibus
2367 3811 2780 3874 dioclitiani⁸
2811 3808 2904 3893 [L.
2912 3805 2956 3887 j.

1957 3899 2371 3982 imperatoris
2389 3899 2514 3962 fuit
2533 3901 2830 3981 quedam
2850 3915 2958 3958 mu·

1788 3989 1908 4051 lier
1928 3987 1993 4050 in
2026 3989 2294 4052 civitate
2324 4007 2492 4069 egea
2522 3989 2735 4052 deum
2759 3989 2956 4050 timens

1793 4077 2064 4140 nomine
2097 4076 2458 4141 theodora:
2506 4097 2645 4159 que
2695 4075 2957 4159 geminos

1793 4165 2024 4229 fratres
2099 4185 2399 4229 cosmam
2475 4174 2548 4228 et
2607 4166 2954 4230 damianum

1889 4317 1907 4346 ⁴
1939 4321 2140 4364 sanctus
2163 4333 2178 4364 e
2214 4314 2268 4364 S.

1884 4384 1907 4413 ⁸
1937 4379 2272 4434 diocleciani:
2309 4381 2371 4432 R.
2418 4381 2750 4433 diocletiani:
2785 4381 2842 4431 N.
2874 4377 2950 4426 dio·

1785 4447 1981 4504 eliciani
2007 4466 2020 4498 ε
2054 4447 2108 4498 S.
2967 4529 3029 4926 Α
