3117 4959
490 227 833 282 RUBRJCA
884 227 1007 282 DE
1052 227 1350 283 FESTJS
1404 229 1803 284 TEMPORE
1851 229 2285 284 PASCHALJ.

667 337 811 390 247

1945 337 2096 392 248

186 443 253 506 de
273 463 364 507 eo:
390 461 524 508 cum
545 440 641 524 iij.
665 440 1053 506 lectionibus
1120 440 1334 504 Lectio
1414 451 1541 524 pro
1591 441 1676 505 ix.
1727 441 2064 506 lectionum
2111 443 2436 506 habentur
2477 455 2634 507 tem-

173 531 373 611 prima
424 528 499 592 de
549 539 727 611 expos
736 529 931 592 itione
994 529 1333 611 evangelii.

106 677 113 682 .
184 617 443 681 Secunda
487 625 549 679 et
589 617 781 680 tertia
838 617 919 679 de
963 617 1105 699 esus
1165 618 1326 680 vita.

191 705 382 770 Cetera
408 704 499 766 ad
504 705 765 785 primas
794 715 1087 786 vesperas
1115 715 1332 766 matu-

188 793 341 855 tinas
390 802 449 854 et
497 792 687 856 horas
708 816 733 856 .·
806 793 975 855 sicut
1033 792 1105 855 in
1154 792 1333 874 festo

187 880 598 943 translationis
683 881 895 944 sancti
986 880 1281 960 wilfridi
1309 903 1335 944 .·

183 988 305 1030 cum
330 967 600 1030 oratione
624 968 704 1030 de
729 969 1069 1032 communi.
1148 969 1333 1031 salvo

181 1055 332 1136 quod
362 1055 628 1134 hymnus
660 1057 799 1119 Iste
843 1055 1184 1120 confessor
1225 1054 1332 1119 di-

180 1153 335 1204 cetur
371 1142 602 1224 integre
625 1165 649 1207 .·
711 1144 882 1206 sicut
945 1145 1015 1207 in
1086 1143 1333 1207 nativi-

181 1240 293 1293 tate
329 1231 513 1293 unius
554 1233 945 1312 con-fessonis.
1036 1233 1163 1296 Ad
1197 1253 1333 1294 ves-

161 1379 163 1382 ,
170 1329 339 1399 peras
391 1323 601 1382 omnia
661 1320 741 1382 de
798 1318 1137 1383 communi.
1228 1328 1334 1383 etc.

81 1425 84 1434 ·
185 1409 238 1483 {I
276 1407 351 1468 In
380 1406 759 1470 nativitate¹
794 1409 991 1470 unius
1022 1408 1338 1488 martyris

180 1515 217 1556 a
248 1494 465 1574 pascha
512 1515 713 1576 usque
752 1495 851 1558 ad
884 1496 1333 1576 penthecosten.

178 1581 262 1644 ad
293 1591 565 1663 vesperas
603 1591 711 1647 an.
802 1582 1111 1647 Alleluia.
1187 1594 1337 1665 per-

180 1669 365 1731 tinens
389 1670 483 1732 ad
492 1671 515 1707 ²
525 1671 787 1752 smum
814 1695 839 1734 .·
880 1692 1024 1734 cum
1056 1671 1340 1753 psalmis

164 1757 501 1838 ferialibus.
601 1759 987 1840 Capitulum.
1090 1761 1337 1822 Beatus

176 1846 263 1906 vir
286 1847 391 1926 qui
420 1846 665 1910 suffert.
756 1848 909 1910 Non
938 1846 1184 1910 dicitur
1210 1847 1341 1910 Re-

175 1935 539 2013 sponsorium
570 1935 671 1998 ad
707 1947 999 2016 vesperas
1030 1935 1099 1997 in
1137 1933 1342 2016 festis

175 2031 510 2084 sanctorum
540 2043 589 2084 a
594 2033 796 2103 pasca
812 2023 838 2061 ³
868 2043 1066 2104 usque
1092 2023 1188 2086 ad
1184 2032 1341 2102 pen-

176 2107 449 2172 tltecosten
481 2110 623 2173 nisi
650 2111 721 2175 in
753 2110 1112 2191 duplicibus
1140 2109 1343 2189 festis

173 2205 513 2260 sanctorum
546 2221 575 2262 .·
672 2208 737 2262 et
824 2199 893 2262 in
986 2197 1347 2260 inventione

174 2293 365 2346 sancte
404 2292 629 2349 crucis.
739 2286 1063 2366 Hymnus.
1159 2286 1343 2348 Deus

172 2377 413 2434 tuorum
440 2374 751 2436 militum.
828 2391 871 2456 γ
924 2373 1057 2436 Hic
1084 2391 1343 2454 nempe.

175 2474 215 2542 γ
271 2460 473 2524 Penas
520 2463 828 2526 cucurrit.
927 2477 976 2547 y
1042 2462 1153 2526 Ob
1200 2462 1345 2524 hoc.

174 2563 214 2631 γ
254 2546 629 2630 Quesumus
654 2559 897 2612 auctor.
977 2548 1203 2612 Gloria
1222 2549 1343 2611 tibi

172 2633 417 2699 domine
436 2638 550 2718 qui
573 2637 935 2700 surrexisti.
1028 2653 1075 2723 γ
1119 2636 1345 2701 Gloria

173 2731 231 2784 et
257 2721 511 2788 honore.
610 2724 697 2787 In
726 2745 947 2807 evang.
980 2732 1085 2789 aii.
1180 2723 1345 2788 Filie

173 2807 543 2875 hierusalem
576 2813 801 2876 venite
826 2821 893 2875 et
923 2812 1143 2877 videte
1176 2831 1347 2874 mar-

174 2905 366 2978 tyrem
398 2919 553 2963 cum
590 2920 834 2964 corona
852 2921 985 2982 qua
1004 2900 1346 2963 coronavit

172 3004 307 3048 eum
352 2987 667 3050 dominus
698 2989 765 3050 in
796 2989 905 3051 die
934 2987 1350 3051 solennitatis

174 3085 235 3135 et
278 3072 488 3138 leticie
538 3074 810 3139 alleluia
868 3075 1153 3140 alleluia.
1246 3083 1347 3156 ps‘.

174 3160 567 3244 Magnificat.
636 3163 882 3228 Oratio.
944 3165 1171 3226 Presta
1191 3183 1351 3244 que-

174 3267 398 3313 sumus,
430 3261 508 3313 ut
537 3251 611 3313 iu
628 3252 953 3314 communi
968 3251 1075 3314 vel
1080 3250 1351 3333 propria

171 3336 401 3400 collecta
418 3362 442 3402 .·
482 3339 551 3401 si
576 3337 893 3402 habeatur
912 3339 976 3401 ei
995 3339 1353 3402 intitulata.

174 3424 485 3490 Memoria
561 3426 645 3490 de
715 3426 1174 3490 resurrectione
1245 3434 1353 3489 an'.

176 3509 436 3577 Crucem
501 3521 823 3578 sanctam.
929 3515 1036 3578 De
1089 3514 1355 3576 domina

174 3607 269 3661 αῆ.
356 3603 654 3665 Paradisi
704 3609 911 3684 porta.
1002 3602 1109 3665 De
1149 3600 1356 3664 omni-

1415 539 1585 610 pore-
1605 530 1726 593 isto
1751 553 1775 594 .·
1820 530 1958 593 nisi
1985 531 2088 594 in⁴
2119 532 2321 611 sestis
2359 533 2635 613 duplici-

1435 618 1552 680 bus
1573 640 1597 680 :
1638 627 1702 680 et
1741 638 1862 699 que
1887 619 2231 700 proprium
2262 619 2497 682 habent
2530 621 2632 683 in-

1432 705 1819 768 vitatorium
1841 730 1865 769 .·
1909 716 1973 769 et
1992 706 2130 768 nisi
2154 707 2224 769 in
2237 708 2416 788 festo
2434 709 2634 770 unius

1432 793 1720 874 virginis·
1737 817 1761 856 .·
1800 793 1867 856 si
1884 795 2164 857 evenerit
2182 817 2207 857 .·
2245 795 2360 858 ubi
2383 795 2637 858 dicetur

1433 881 1906 956 invitatorium.
2017 881 2194 944 All’a
2252 881 2403 946 all’a
2463 883 2630 948 all'a.

1431 978 1495 1031 et
1509 978 1710 1032 cetera
1731 969 2116 1032 alleluiatice
2135 993 2158 1032 .·
2172 978 2375 1049 prout
2390 970 2635 1034 clarius

1417 1065 1607 1136 patet
1636 1056 1705 1118 in
1737 1057 1996 1120 rubrica
2021 1081 2046 1119 .·
2088 1079 2208 1138 que
2247 1057 2520 1122 habetur
2559 1059 2632 1122 in

1434 1143 1671 1225 vegilia
1765 1145 2165 1208 ascensionis.
2301 1146 2628 1226 Hymnus.

1437 1233 1625 1294 Deus
1667 1241 1931 1294 tuorum
1978 1233 2283 1296 militum.
2374 1234 2458 1295 In
2491 1253 2632 1296 noc-

1436 1329 1630 1382 turno
1679 1329 1785 1383 αῆ.
1892 1319 2204 1383 Alleluia.
2295 1321 2436 1384 ter.⁴⁵
2530 1329 2630 1403 pi.

1437 1409 1685 1470 Beatus
1716 1409 1830 1470 vir.
1908 1417 2008 1489 ps.
2101 1407 2325 1490 Quare
2349 1407 2633 1471 fremue-

1436 1503 1608 1558 runt.
1686 1504 1786 1576 ps.
1881 1496 2172 1558 Domine
2217 1496 2376 1576 quid
2412 1495 2632 1559 multi-

1437 1583 1685 1665 plicati.
1775 1583 1906 1645 Isti
1932 1583 2187 1665 psalmi
2220 1604 2344 1646 non
2376 1593 2636 1646 mutan-

1441 1680 1557 1734 tur
1580 1693 1603 1734 .·
1651 1669 1797 1734 licet
1805 1671 2060 1750 festum
2092 1672 2290 1733 unius
2317 1671 2636 1751 martyris

1437 1758 1652 1840 sepius
1735 1760 2027 1822 evenerit.
2117 1775 2165 1845 y
2258 1759 2486 1822 Gloria
2567 1768 2638 1822 et

1438 1845 1708 1910 honore.
1818 1846 1936 1910 Re.
2053 1847 2298 1909 Beatus
2363 1847 2462 1910 vir
2521 1847 2634 1928 qui

1440 1935 1680 1997 metuit
1710 1934 2074 1998 dominum.
2121 1934 2286 1999 all’a.
2338 1935 2418 1997 In
2447 1954 2634 1997 man-

1439 2023 1618 2086 datis
1647 2021 1790 2103 ejus
1832 2023 2016 2105 cupit
2061 2022 2256 2085 nimis
2287 2021 2438 2086 all’a
2469 2022 2634 2085 all’a.

1442 2109 1608 2173 all'a.
1721 2126 1769 2193 γ
1844 2111 2088 2172 Potens
2150 2111 2218 2172 in
2277 2119 2453 2174 terra
2512 2111 2637 2173 erit

1442 2217 1670 2260 semen
1703 2198 1882 2279 ejus:
1926 2199 2266 2279 generatio
2309 2207 2636 2262 rectorum

1444 2285 1886 2348 benedicetur.
1984 2286 2064 2348 In
2121 2286 2470 2349 mandatis,
2563 2285 2636 2366 ij.

1442 2373 1960 2455 Responsorium.
2046 2373 2396 2436 Letabitur
2417 2372 2638 2455 justus

1444 2461 1513 2523 in
1575 2459 1890 2524 domino:
1952 2469 2020 2524 et
2079 2460 2370 2542 sperabit
2431 2461 2498 2523 in
2557 2480 2641 2523 eo

1444 2547 1597 2612 all’a
1654 2547 1934 2612 alleluia.
2043 2548 2135 2612 Et
2195 2548 2642 2612 laudabuntur

1446 2656 1680 2699 omnes
1755 2637 1914 2700 recti
1988 2637 2186 2698 corde
2261 2635 2410 2699 all‘a
2489 2634 2642 2699 all'a

1447 2724 1616 2787 all'a.
1737 2740 1785 2810 γ
1857 2723 2088 2804 Justus
2150 2723 2409 2786 florebit
2468 2724 2639 2786 sicut

1448 2811 1675 2894 palma
1702 2831 1717 2874 :
1751 2810 2296 2892 multiplicabitur
2314 2819 2389 2874 ut
2407 2811 2642 2874 cedrus

1449 2900 1670 2962 libani.
1766 2898 1872 2985 Et.
1977 2897 2075 2979 iij.
2125 2897 2641 2978 Responsorium.

1450 2987 1620 3050 Filie
1649 2985 2042 3048 hierusalem
2075 2985 2294 3048 venite
2325 2993 2392 3048 et
2421 2986 2643 3048 videte

1453 3083 1814 3155 martyrem
1846 3093 1992 3134 cum
2030 3093 2276 3135 corona
2303 3093 2437 3154 qua
2460 3092 2644 3136 coro-

1453 3162 1639 3226 navit
1713 3180 1864 3223 eum
1941 3159 2267 3223 dominus,
2394 3161 2474 3223 In
2535 3161 2645 3224 die

1453 3248 1870 3312 solennitatis
1903 3257 1969 3311 et
2001 3247 2216 3311 leticie
2247 3246 2528 3312 alleluia.
2598 3265 2645 3335 γ

1455 3337 1790 3420 Quoniam
1835 3336 2229 3400 confortavit
2273 3356 2450 3399 seras
2477 3356 2646 3419 ,por-

1453 3434 1673 3489 tarum
1727 3433 2034 3488 tuarum:
2103 3423 2448 3488 benedixit
2497 3424 2648 3487 filiis

1456 3513 1588 3577 tuis
1663 3513 1730 3574 in
1807 3521 1891 3575 te.
2007 3512 2086 3574 In
2163 3513 2287 3576 die.
2403 3513 2646 3576 Gloria.

1455 3600 1768 3665 Alleluia.
1837 3615 1937 3685 .y
2015 3600 2299 3663 Posuisti
2360 3599 2648 3663 domine.

174 3685 543 3752 bussanctis
558 3699 667 3752 an.
718 3690 946 3755 Sancti
971 3691 1067 3754 tui
1089 3689 1357 3752 domine
1457 3689 1541 3752 In
1575 3687 1879 3751 laudibus
1907 3696 2013 3750 an.
2045 3687 2337 3751 Alleluia
2367 3687 2647 3751 alleluia.

174 3773 491 3841 florebunt
565 3786 674 3841 etc.

173 3861 402 3928 Invita.

172 3953 389 4016 sancti.
506 3952 789 4018 alleluia.
887 3963 988 4035 ps.

368 4365 382 4394 ¹
414 4365 613 4414 natali:
648 4365 885 4414 R.N.S2.

504 4433 524 4461 ⁴
561 4433 649 4480 ‘in
670 4432 683 4454 ’
704 4447 799 4481 om.
824 4447 841 4479 .·
874 4432 959 4480 Sl.

804 3778 933 3842 Ad
996 3778 1360 3841 matutinas
1446 3785 1545 3857 ps‘.

528 3865 859 3930 Exultent
935 3867 1003 3928 in
1084 3865 1357 3928 domino
1457 3864 1614 3927 lum.

172 4037 267 4100 Et
291 4039 544 4102 dicetur
580 4039 766 4104 istud
802 3954 1359 4104 invitatongsstgg

172 4127 461 4190 omnibus
495 4129 703 4208 sestis
746 4139 1113 4192 sanctorum
1136 4150 1161 4192 .·
1224 4139 1361 4191 tam

176 4211 265 4295 iij.
311 4214 653 4279 lectionum
699 4237 899 4298 quam
948 4217 1208 4281 illorum
1255 4217 1373 4299 qui
1469 4215 1594 4280 isti.

1118 4367 1139 4396 ²
1177 4365 1300 4416 ‘ad’
1322 4381 1415 4416 om.
1438 4379 1455 4413 :

1627 3777 1954 3839 Dominus
1989 3776 2301 3857 regnavit.
2393 3775 2653 3856 Capitu-

1739 3864 1875 3926 Iste
1935 3873 2218 3926 sanctus
2327 3863 2652 3943 Hymnus.

1464 3951 1726 4032 Martyr
1786 3951 1912 4014 dei.
2025 3967 2073 4037 γ
2141 3950 2270 4013 Tui
2331 3959 2654 4030 precatus

1464 4058 1509 4126 γ
1558 4039 1812 4104 Soluta.
1903 4055 1951 4123 γ
1997 4037 2378 4120 Quesumus
2410 4046 2658 4100 auctor.

1465 4145 1514 4215 y
1561 4127 1789 4192 Gloria
1821 4127 1940 4189 tibi
1973 4126 2241 4189 domine
2263 4125 2374 4206 qui
2399 4145 2663 4188 surrex-

1698 4233 1746 4301 γ
1807 4211 2038 4296 Justus
2101 4222 2174 4276 ut
2233 4212 2478 4295 palma.
2576 4213 2663 4278 In

1924 4362 1946 4391 ⁸
1969 4360 2192 4424 pascha:
2223 4360 2463 4412 R.N.Sa.

1749 4429 1770 4457 ⁸
1793 4435 1891 4493 pro
1921 4431 2025 4476 ‘ter
2047 4427 2058 4448 ’
2083 4427 2160 4491 iij.
2186 4440 2204 4475 .·
2237 4426 2309 4477 Ν.

1488 4363 1559 4414 N.
