3117 4959
958 241 1019 298 S.
1070 242 1179 298 ΡΑ
1196 241 1339 298 ULI
1381 241 1436 297 A
1442 241 1604 298 POS
1610 241 1664 296 T
1661 239 1810 300 OLI.

668 349 809 406 163

170 454 373 521 saulus
412 455 495 519 de
528 465 735 520 terra:
767 457 1144 541 apertisque
1182 477 1337 522 ocu-

57 569 60 610 ῑ
167 545 240 607 lis
294 545 449 607 nihil
509 545 790 609 videbat.
858 555 971 627 pf.
1057 546 1327 610 Exaudi

168 635 315 695 deus
358 633 731 695 orationem.
808 650 852 719 γ
897 634 1297 698 ConstitueS.

164 721 364 850 Ait
394 740 651 802 nanque
678 721 767 783 illi
802 721 1041 802 [Lectio
1072 732 1328 804 quarta.

316 809 613 871 dominus
690 811 775 871 de
894 810 1037 872 celo
1130 809 1329 874 Saule

168 896 370 958 saule:
401 896 555 976 quid
584 917 689 958 me
710 898 1163 978 persequeris?
1198 898 1335 962 Cur

166 1003 263 1044 me
310 983 571 1064 inquam
634 986 1041 1066 persequeris
1100 986 1331 1048 saule?

164 1071 459 1152 Nunquid
492 1073 648 1152 quia
692 1071 1057 1136 illuminavi
1095 1093 1329 1137 cecos:

164 1160 307 1239 quia
350 1159 575 1222 sanavi
626 1171 932 1241 egrotos:
1009 1161 1165 1241 quia
1211 1163 1331 1224 de-

162 1266 373 1308 mones
403 1247 725 1327 effugavi:
768 1247 923 1329 quia
968 1249 1331 1311 esurientes

156 1335 417 1416 populos
455 1336 750 1417 >quinque
796 1335 1079 1416 panibus
1125 1337 1325 1418 pavi?

158 1421 259 1484 An
318 1423 467 1503 quia
538 1423 623 1486 de
689 1423 961 1485 tumulis
1032 1433 1327 1487 mortuos

156 1510 489 1573 suscitavi?
550 1509 667 1573 An
712 1511 882 1574 forte
931 1513 1143 1593 magis
1173 1513 1329 1592 quia

154 1595 437 1659 fidelibus
498 1600 663 1660 meis
735 1618 1011 1679 regnum
1088 1600 1329 1662 celeste

154 1686 451 1765 promisi?
499 1685 613 1748 Re.
666 1684 734 1748 A
770 1685 1035 1750 Christo
1065 1688 1152 1750 de
1184 1687 1327 1750 celo

152 1782 449 1835 vocatus:
504 1783 573 1836 et
630 1774 697 1835 in
746 1782 991 1837 terram
1041 1785 1325 1857 prostra-

149 1868 283 1923 tus:
330 1881 414 1922 ex
448 1871 866 1942 persecutore
910 1861 1184 1925 effectus
1226 1873 1328 1926 est

149 1967 256 2009 vas
296 1947 679 2012 electionis:
726 1959 794 2011 et
840 1948 986 2030 plus
1018 1951 1327 2014 omnibus

148 2034 437 2098 laborans
484 2036 703 2099 multo
734 2036 931 2100 latius
977 2037 1148 2100 inter
1182 2058 1324 2101 om·

147 2142 253 2184 nes
323 2124 503 2186 verbi
595 2127 881 2206 gratiam
957 2127 1325 2190 seminavit.

143 2209 362 2292 Atque
433 2213 812 2276 doctrinam
874 2215 1325 2295 evangelicam

146 2318 263 2361 sua.
297 2300 753 2380 predicatione
812 2301 1187 2383 complevit.
1286 2319 1329 2388 y

144 2385 316 2448 Inter
344 2387 691 2470 apostolos
721 2389 1067 2451 vocatione
1110 2391 1327 2453 novis-

140 2474 371 2538 simus:
474 2477 929 2558 predicatione
1034 2477 1327 2559 primus:

76 2611 85 2621 .
142 2581 369 2624 nomen
408 2563 660 2628 Christi
708 2564 1065 2627 multarum
1113 2566 1327 2628 mani-

138 2647 388 2713 festavit
416 2653 719 2732 gentium
756 2652 1035 2734 populis,
1075 2652 1325 2735 Atque.

147 2738 413 2902 Quare
447 2760 557 2802 me
591 2759 740 2821 per-
803 2737 1047 2824 [Lectio
1075 2741 1323 2822 quinta.

259 2829 555 2908 sequeris
586 2827 770 2890 saule
796 2829 821 2890 ?
872 2836 1007 2891 aut.
1029 2829 1187 2909 quid
1217 2849 1325 2892 me

138 2915 588 2996 persequendo
621 2915 967 2997 proficies?
1001 2915 1063 2978 N
1071 2916 1323 2998 unquid

136 3001 429 3066 adversus
508 3013 899 3084 regnantem
984 3004 1051 3065 in
1130 3004 1273 3067 celo
1308 3025 1323 3068 :

136 3087 329 3152 ullum
403 3102 526 3154 tua
606 3091 975 3172 persecutio
1046 3089 1323 3156 habebit

133 3177 477 3242 effectum?
532 3179 855 3260 Nunquid
890 3198 1123 3242 nocere
1158 3180 1319 3242 mihi

133 3266 477 3347 quicquam
543 3268 832 3349 poteris:
909 3287 1109 3349 quem
1186 3287 1319 3332 non

131 3362 311 3432 potes
364 3354 658 3418 intueri?
720 3353 871 3436 Ego
928 3375 1078 3417 sum
1126 3355 1321 3435 Jesus

132 3459 531 3505 nazarenus:
579 3462 780 3524 quem
841 3452 913 3504 tu
968 3462 1318 3525 perseque-

128 3527 250 3593 ris:
309 3531 423 3612 qui
504 3539 715 3593 terras
798 3531 984 3594 celo:
1057 3551 1318 3594 crucem

130 3635 365 3697 regno:
484 3626 771 3680 mortem
876 3619 1322 3699 perpetuitate

124 3707 383 3768 mutavi.
514 3707 622 3768 De
697 3707 935 3787 quibus
1009 3707 1319 3770 omnibus

123 3811 247 3854 non
280 3803 346 3856 te
376 3795 629 3857 debere
667 3794 999 3856 cunctari:
1032 3803 1101 3855 et
1130 3814 1318 3877 erep-

122 3887 223 3942 tus
272 3882 395 3944 tibi
448 3901 629 3944 nunc
675 3891 744 3943 et
781 3891 933 3963 post
978 3881 1319 3964 paululum

119 3970 409 4032 redditus
442 3969 793 4032 suadebit¹
828 3979 1151 4050 aspectuS.
1198 3971 1315 4032 Re.

114 4054 299 4119 Vade
329 4058 583 4119 anania
635 4066 703 4119 et
757 4077 957 4138 quere
1002 4056 1313 4121 saulum:

115 4145 265 4224 quia
311 4165 433 4208 vas
467 4144 808 4208 electionis
840 4155 941 4208 est
985 4144 1143 4206 mihi
1174 4165 1187 4208 :
1246 4153 1317 4208 ut

116 4240 331 4310 portet
418 4253 667 4296 nomen
724 4253 963 4297 meum.
1073 4232 1315 4297 Coram

112 4321 425 4399 gentibus
491 4331 559 4384 et
636 4322 945 4402 regibus:
1020 4330 1087 4384 et
1165 4320 1315 4384 filiis

1962 353 2098 407 164

1440 457 1648 522 israel.
1715 475 1764 543 γ
1827 459 1976 540 Ego
2035 457 2210 521 enim
2279 455 2630 522 ostendam

1440 545 1574 610 illi:
1624 556 1878 628 quanta
1927 553 2234 627 oporteat
2289 565 2442 608 eum
2490 545 2631 626 pati

1428 655 1549 716 pro
1582 636 1848 697 nomine
1883 654 2047 697 me0.
2085 633 2344 698 Coram.
2386 633 2522 695 Lec.
2545 632 2632 714 ψ’.

1425 723 1624 853 At
1658 723 2076 786 beatissimus
2107 722 2346 804 paulus
2396 740 2630 802 repen-

1595 811 1736 873 tina
1777 810 2068 891 quadam
2121 811 2401 872 cecitate
2447 828 2628 871 coer-

1427 898 1636 962 citus:
1668 898 2002 961 intellecta
2021 906 2246 960 tamen
2275 897 2626 977 majestate
2683 971 2693 980 α

1428 984 1760 1066 loquentis
1791 986 1992 1049 ecelo
2020 1007 2034 1049 :
2064 986 2382 1048 continuo
2413 983 2628 1047 fidelis

1429 1073 1738 1136 effectus:
1787 1085 1857 1137 et
1904 1095 1945 1136 a
1991 1074 2446 1156 persecutione
2476 1073 2628 1134 des-

1434 1162 1610 1223 titit:
1658 1171 1724 1224 et
1757 1181 1965 1224 novos
1985 1161 2380 1224 intuentium
2405 1160 2624 1224 Chris·

1426 1258 1571 1311 tum
1603 1249 1832 1312 oculos
1863 1251 2224 1332 acquisivit.
2260 1249 2447 1312 Fecit
2468 1268 2624 1330 ergo

1431 1335 1734 1400 Christus
1795 1358 1884 1400 ex
1946 1337 2102 1418 lupo
2163 1356 2457 1418 agnum:
2533 1356 2622 1400 ex

1428 1424 1618 1486 saulo
1681 1424 1992 1507 paulum:
2053 1445 2142 1486 ex
2206 1433 2624 1505 persecutore

1430 1512 1702 1575 ecclesie
1735 1515 2115 1575 doctorem·:
2153 1512 2237 1574 de
2291 1531 2426 1593 quo
2479 1532 2626 1593 pre-

1427 1599 1603 1662 dixit
1679 1599 1894 1681 jacob.
2018 1599 2370 1679 Benjamin
2431 1597 2624 1681 lupus

1426 1707 1678 1768 rapax:
1713 1708 1909 1750 mane
1955 1688 2260 1750 comedet
2307 1688 2622 1768 predam:

1426 1795 1700 1855 vespere
1729 1776 1984 1838 dividet
2015 1795 2252 1838 escam.
2344 1775 2458 1838 Re.
2509 1775 2620 1837 In-

1424 1882 1688 1943 gressus
1749 1863 1985 1945 paulus
2048 1864 2114 1925 in
2165 1882 2624 1945 synagogam:

1424 1950 1812 2031 predicabat
1857 1951 2088 2032 Jesum
2115 1951 2372 2032 judeis:
2418 1950 2622 2014 Affir-

1424 2058 1614 2101 mans
1655 2040 1812 2121 quia
1860 2038 1964 2102 hic
2017 2047 2120 2102 est
2152 2039 2467 2103 Christus
2575 2055 2618 2123 y

1428 2125 1807 2206 Stupebant
1826 2136 2050 2190 autem
2075 2147 2308 2190 omnes
2333 2127 2444 2208 qui
2465 2146 2619 2189 eum

1423 2214 1800 2278 audiebant.
1899 2215 2312 2284 Affirmans„
2374 2214 2620 2278 Gloria.

1423 2299 1804 2367 AffirmanS.
1893 2302 1980 2366 In
2015 2302 2110 2384 iij.
2156 2310 2460 2365 nocturno
2511 2311 2617 2366 aii.

1422 2386 1616 2452 Vade
1663 2391 1906 2453 anania
1953 2399 2021 2454 et
2069 2410 2270 2472 quere
2315 2390 2618 2456 saulum:

1423 2495 1576 2539 ecce
1635 2479 1810 2541 enim
1855 2487 2035 2542 orat:
2082 2478 2240 2560 quia
2287 2499 2404 2542 vas
2449 2477 2620 2541 elec-

1422 2565 1622 2627 tionis
1655 2575 1756 2629 est
1783 2567 1982 2629 mihi:
2015 2575 2090 2630 ut
2121 2575 2342 2648 portet
2373 2585 2616 2630 nomen

1424 2671 1647 2715 meum
1679 2674 1902 2717 coram
1931 2655 2244 2736 gentibus
2275 2675 2290 2718 :
2337 2663 2407 2716 et
2445 2653 2616 2736 regi-

1423 2740 1586 2803 bus:
1648 2750 1718 2804 et
1777 2741 1928 2805 filiis
1994 2741 2204 2806 israel.
2309 2758 2356 2827 y
2419 2741 2618 2806 Dixit

1419 2837 1646 2891 autem
1693 2830 2004 2892 dominus
2050 2831 2116 2892 in
2163 2829 2308 2892 visu
2357 2829 2613 2894 ananie.

1402 2926 1505 2996 ps.
1587 2917 2082 2981 Confitebimur.
2166 2916 2298 2978 Αῆ.
2412 2917 2616 2982 Saule

1417 3002 1621 3067 frater
1648 3024 1663 3066 :
1705 3005 2018 3067 dominus
2047 3005 2228 3067 misit
2252 3024 2359 3067 me
2376 3004 2570 3085 Jesus
2599 3026 2614 3068 ε

1415 3092 1531 3174 qui
1555 3093 1866 3174 apparuit
1888 3092 2008 3154 tibi
2040 3093 2106 3154 in
2131 3092 2238 3155 via
2269 3110 2404 3172 qua
2431 3092 2612 3155 veni-

1415 3178 1612 3242 ebas:
1667 3189 1740 3242 ut
1801 3180 2064 3243 videas:
2139 3188 2208 3243 et
2281 3179 2616 3260 implearis

1414 3267 1648 3348 spiritu
1677 3275 1925 3331 sancto,
1996 3284 2039 3352 y
2073 3267 2266 3331 Abiit
2296 3268 2570 3332 ananias
2597 3288 2614 3332 :

1416 3363 1485 3418 et
1516 3356 1813 3420 introivit
1834 3357 2144 3420 domum:
2177 3365 2246 3420 et
2265 3356 2614 3438 imponens

1412 3443 1473 3505 ei
1536 3462 1774 3508 manus
1845 3444 2040 3508 dixit.
2097 3452 2200 3526 ps‘.
2277 3444 2614 3509 Dominus

1413 3531 1715 3612 regnavit
1755 3531 2036 3597 exultet.
2067 3533 2129 3596 A
2141 3540 2199 3596 ᾗ.
2243 3531 2313 3595 A
2347 3532 2614 3597 Christo

1413 3619 1498 3681 de
1546 3618 1689 3681 celo
1735 3629 2050 3684 vocatus:
2111 3629 2180 3684 et
2241 3623 2308 3683 in
2364 3629 2608 3684 terram

1414 3716 1818 3788 prostratus:
1885 3729 1976 3770 ex
2036 3717 2454 3790 persecutore
2514 3708 2606 3771 ef-

1411 3793 1624 3857 fectus
1655 3805 1758 3858 est
1789 3815 1908 3858 vas
1937 3795 2292 3859 electionis.
2359 3813 2401 3880 γ
2454 3796 2611 3859 Pro-

1413 3890 1659 3945 stratus
1680 3892 1780 3945 est
1797 3884 2174 3946 sevissimus
2195 3893 2612 3965 persecutor:

1412 3978 1478 4031 et
1540 3979 1796 4034 erectus
1843 3980 1944 4034 est
1991 3971 2411 4034 fidelissimus
2458 3992 2610 4053 pre-

1412 4057 1684 4122 dicator.
1732 4067 1833 4140 pi
1916 4058 2249 4122 Dominus
2309 4060 2614 4141 regnavit

1411 4145 1793 4209 irascantur.
1852 4163 1896 4232 γ
1930 4147 2148 4210 Nimis
2177 4147 2502 4210 honorati.

1498 4255 1541 4297 n
1575 4235 1689 4298 illo
1714 4244 1880 4298 tem·
1917 4233 2219 4318 [Secund.
2241 4234 2610 4300 Matheum.

1499 4343 1701 4403 pore:
1755 4324 1950 4387 Dixit
1996 4324 2212 4387 simon
2261 4333 2486 4406 petrus
2517 4325 2602 4387 ad

1148 4449 1161 4478 ¹
1197 4448 1470 4498 suadebat:
1506 4449 1558 4498 S.
