3117 4959
290 263 344 320 s.
393 263 626 319 σείει
664 263 789 317 ET
828 261 1154 334 JULJTE.

642 369 783 426 319

166 475 303 542 mihi
350 477 494 560 quia
542 499 581 542 a
623 486 693 541 te
739 477 993 540 infante
1043 495 1150 539 me
1198 496 1307 538 su-

168 575 429 648 peratum
460 587 795 648 cognosco,
891 566 1121 631 Sancti
1147 585 1307 646 ergo

165 654 519 718 invocabant
590 655 903 717 dicenteS.
1018 654 1306 716 Domine

162 743 295 824 Jesu
340 743 583 806 Christe
616 744 839 824 accipe
870 742 1127 804 animas
1160 761 1310 803 nos-

161 838 288 894 tras.
372 831 456 894 Et
490 831 659 894 sacta
705 840 805 893 est
850 850 987 893 vox
1036 831 1119 892 de
1164 829 1310 892 celo

155 919 369 981 dicens,
440 919 589 982 Vite
614 920 791 1001 quod
827 919 1049 1001 petisti
1075 918 1307 980 datum

160 1015 245 1069 est
272 1006 417 1068 tibi:
462 1017 526 1070 et
570 1017 1013 1090 pausaverunt
1048 1009 1113 1069 in
1148 1026 1309 1087 pace

156 1115 258 1176 per
302 1114 439 1157 eum
486 1097 599 1177 qui
645 1095 805 1159 vivit
850 1105 916 1158 et
964 1104 1195 1176 regnat
1244 1095 1307 1156 in

158 1182 349 1244 secula
390 1185 773 1247 seculorum.
883 1183 1040 1246 Tres
1086 1182 1313 1245 ultime

158 1271 407 1333 lectiones
449 1272 525 1334 de
567 1271 949 1352 expositione
994 1270 1317 1352 evangelii

162 1357 359 1420 Homo
386 1360 653 1441 quidam
680 1359 934 1424 nobilis,
1023 1369 1086 1422 et
1110 1368 1313 1421 cetera

158 1457 222 1508 ut
243 1447 303 1509 in
331 1446 430 1510 die
454 1469 595 1511 cum
629 1449 937 1511 memoria
960 1447 1040 1510 de
1066 1456 1311 1528 marty·

156 1533 349 1598 ribus.-
384 1545 445 1597 et
468 1537 751 1600 oratione
775 1545 852 1598 ut
881 1537 950 1598 in
972 1535 1309 1598 communi.

158 1627 211 1699 ΙΙ
251 1621 621 1687 Sanctorum
682 1635 1047 1706 martyrum
1114 1622 1195 1688 C
1167 1643 1312 1686 mci

152 1719 205 1772 et
232 1711 437 1784 Julite.
1028 1711 1240 1774 Lectio
1248 1711 1313 1793 j.

150 1799 421 1929 Facta
464 1801 923 1883 persecutione
972 1800 1314 1863 christian-

282 1907 458 1950 orum
478 1889 609 1952 sub
631 1888 999 1952 alexandro
1032 1890 1315 1970 impera-

152 1983 312 2038 tore:
353 1996 575 2058 preses
622 1977 885 2058 julitam
938 1987 1311 2038 matronam

151 2061 407 2127 nobilem
441 2065 867 2128 christianam
898 2087 911 2126 :
958 2066 1093 2126 suis
1120 2063 1316 2145 jussit

148 2154 485 2234 presentari·
568 2152 1030 2216 tribunalibus
1166 2151 1317 2234 Que

150 2238 325 2302 filium
373 2241 599 2305 alebat
647 2240 994 2324 parvulum
1048 2242 1319 2302 nomine

148 2327 430 2393 ciricum:
487 2330 596 2393 eui
658 2349 809 2392 cum
874 2329 1045 2392 lacte
1106 2329 1319 2392 carnis

148 2415 535 2498 disciplinam
570 2418 843 2481 tradidit
880 2418 1101 2480 divine
1134 2417 1316 2499 legiS.

147 2503 243 2566 Ad
272 2525 464 2586 quam
499 2527 725 2589 preses
750 2507 859 2569 ait.
937 2505 1188 2568 Hortor
1211 2514 1318 2569 te:

144 2602 207 2655 ut
232 2593 547 2658 sacrifices
598 2595 765 2658 diis:
819 2602 1179 2676 antequam
1230 2594 1316 2657 ad

143 2689 449 2744 tormenta
508 2684 793 2747 ducariS.
915 2682 1065 2765 Que
1124 2681 1317 2745 dixit.

143 2766 267 2833 Nec
309 2771 431 2834 diis
484 2773 621 2835 tuis
670 2771 985 2835 immolo:
1032 2789 1153 2834 nec
1184 2779 1320 2832 tor-

142 2869 344 2922 menta
374 2879 679 2942 pavesco,
999 2857 1217 2922 Lectio
1250 2858 1317 2940 ij.

230 2957 447 3012 nterea
494 2949 780 3012 tenellus
828 2946 1043 3010 infans
1086 2947 1318 3011 ciricus

230 3055 265 3098 a
282 3037 541 3118 preside
566 3035 1041 3100 blandimentis
1062 3033 1317 3098 demul-

141 3131 305 3186 cetur
327 3145 341 3188 :
381 3125 629 3188 deinde
649 3125 846 3188 minis
866 3131 1317 3204 exasperatur.

141 3209 248 3273 Ille
301 3233 456 3277 vero
512 3213 971 3277 blandientem
1022 3231 1190 3293 eque
1245 3219 1319 3273 ut

142 3300 483 3364 minantem
506 3300 1026 3384 parvipendens:
1042 3299 1321 3380 jubente

138 3389 375 3468 preside
387 3410 582 3453 cesus
602 3399 705 3452 est
722 3388 1319 3451 vehementissime.

138 3475 227 3538 At
272 3478 377 3540 ille
431 3478 671 3542 erectis
702 3477 769 3539 in
799 3477 1017 3539 celum
1070 3475 1319 3538 oculis:

136 3573 197 3627 et
278 3563 499 3647 parvis
601 3565 908 3628 manibus
1002 3563 1317 3627 extensis,

136 3650 559 3718 benedicebat
638 3672 881 3716 nomen
957 3651 1319 3715 salvatoris

134 3737 379 3807 Deinde
441 3743 695 3825 pariter
754 3739 958 3804 clavis
1018 3739 1319 3803 confixi:

133 3830 356 3895 evulsis
404 3830 619 3894 oculis
664 3831 733 3892 in
777 3848 1107 3892 carcerem
1155 3828 1318 3890 trusi

130 3927 286 3983 sunt.
978 3915 1192 3980 Lectio
1224 3916 1319 3998 iij.

268 4015 417 4070 rant
465 4014 693 4070 autem
727 4006 794 4068 in
826 4004 1060 4069 eadem
1101 4013 1321 4066 custo-

266 4097 377 4160 dia
410 4096 477 4158 in
514 4095 789 4158 vinculis
836 4094 1091 4157 detenti
1139 4093 1320 4155 circi-

130 4189 223 4245 ter
310 4182 784 4266 quadringenti
880 4182 1321 4264 quadraginta

132 4282 439 4354 quattuor
468 4273 629 4336 viri:
676 4292 844 4353 quos
868 4269 1189 4333 industria
1214 4270 1321 4352 pie

132 4363 351 4424 matris
400 4360 600 4444 julite
647 4359 896 4441 filiique
946 4359 1091 4440 ejus
1144 4359 1318 4421 cirici

132 4449 211 4512 ad
243 4449 447 4515 fidem
480 4449 801 4512 convertit
850 4447 1008 4530 Jesu
1060 4445 1320 4512 Christi.

1466 209 1553 316 'S.
1607 259 2043 317 BOTULPHI
2083 263 2468 318 ABBATJS.

1919 369 2080 425 820

1410 471 1568 558 Quo
1613 485 1994 558 comperto:
2042 477 2408 541 alexander
2452 478 2613 542 data

1406 566 1737 628 sententia
1793 565 1994 646 jussit
2053 587 2167 629 eos
2221 569 2610 650 quantotius

1408 652 1611 734 plecti
1673 653 1939 736 capitali
2017 675 2206 737 pena.
2326 655 2606 734 Julitam

1406 761 1566 804 vero
1615 761 1766 804 cum
1813 741 1950 804 filio
1998 763 2120 806 suo
2166 744 2362 807 cirico
2408 763 2610 806 exco-

1411 830 1559 891 riari
1583 839 1784 911 atque
1807 850 2005 913 super
2021 831 2342 893 carbones
2362 832 2564 893 assari
2593 852 2608 896 z

1410 937 1488 981 ac
1521 918 1782 999 linguas
1812 939 2039 981 eorum
2073 918 2323 992 abscidi
2367 920 2565 1000 jussit
2593 940 2609 984 ε

1410 1016 1479 1069 et
1511 1007 1596 1069 ad
1631 1007 1936 1070 ultimum
1959 1008 2177 1090 capita
2209 1028 2436 1071 eorum
2469 1028 2610 1070 am-

1414 1095 1649 1176 putari.
1775 1095 2018 1178 Sicque
2093 1097 2315 1158 anime
2379 1115 2607 1158 eorum

1411 1194 1791 1246 sanctorum
1825 1193 2190 1264 martyrum
2217 1183 2430 1246 choris
2453 1193 2611 1247 sunt

1412 1273 1662 1334 sociate
1692 1292 1706 1334 :
1753 1271 1838 1332 ad
1873 1270 2139 1334 laudem
2170 1272 2423 1335 domIni
2457 1293 2609 1334 nos-

1413 1361 1495 1422 tri
1538 1359 1694 1440 Jesu
1732 1359 1992 1423 Christi.
2090 1357 2308 1426 Cetera
2336 1361 2416 1422 de
2442 1381 2609 1423 com-

1412 1447 1604 1509 muni
1617 1447 2060 1528 plurimorum
2091 1458 2473 1528 martyrum.

1418 1540 1481 1612 (Ι
1532 1535 1767 1598 Sancti
1793 1536 2102 1616 Botulphi
2129 1536 2395 1600 abbatis.
2456 1535 2533 1599 L.
2546 1535 2601 1617 j

1427 1624 1656 1756 Cum
1705 1625 1938 1686 beatus
1989 1623 2230 1687 Christi
2281 1623 2616 1688 confessor

1544 1710 1917 1793 Botulphus
1941 1732 2091 1774 vere
2113 1711 2265 1775 fidei
2289 1713 2572 1794 gratiam
2597 1733 2613 1776 ε

1416 1809 1484 1863 et
1550 1810 1782 1863 sancte
1841 1801 2361 1864 conversationis
2423 1801 2617 1863 disci-

1416 1889 1668 1970 plinam
1724 1889 2087 1953 didicerat:
2159 1899 2462 1952 attonsus
2509 1908 2618 1952 co-

1418 1997 1599 2039 mam
1661 1977 1940 2059 capitis:
2017 1976 2321 2040 habitum
2384 1976 2618 2040 mundi

1417 2065 1649 2128 exuit:
1715 2074 2119 2127 armaturam
2187 2067 2294 2128 dei
2357 2065 2618 2129 induit:

1417 2163 1485 2216 et
1517 2153 1682 2215 sacri
1715 2153 1960 2215 ordinis
1985 2153 2268 2234 gradum
2302 2173 2617 2217 conscen-

1418 2243 1561 2304 dit:
1609 2241 1826 2303 minus
1872 2242 2106 2304 doctos
2153 2262 2320 2322 quos
2367 2243 2620 2305 invenit

1419 2329 1872 2392 efficacissime
1905 2329 2260 2394 instruxit:
2307 2339 2376 2392 et
2399 2331 2616 2412 legem

1419 2418 1525 2481 dei
1560 2426 1832 2479 cunctos
1863 2417 2106 2481 docuit.
2307 2419 2520 2481 Lectio
2551 2419 2620 2500 ij.

1432 2507 1792 2655 Cuimque
1823 2505 2238 2570 athelmundi
2270 2508 2440 2588 regis
2471 2527 2622 2588 gra-

1550 2602 1714 2656 t1am
1746 2594 2181 2658 obtinuisset.
2229 2593 2620 2659 locumido-

1421 2703 1620 2744 neum
1668 2682 1751 2745 ad
1801 2683 2318 2746 construendum
2354 2703 2620 2746 monas-

1420 2771 1659 2833 terium
1715 2770 1998 2852 adeptus
2051 2780 2169 2834 est.
2265 2771 2399 2836 Sed
2451 2771 2624 2834 sicut

1420 2857 1529 2921 ille
1606 2858 1788 2921 locus
1849 2858 2098 2921 diutius
2159 2859 2246 2922 ab
2311 2859 2624 2922 omnibus

1419 2945 1771 3008 derelictus
1819 2953 1957 3010 est:
2003 2947 2098 3009 sic
2144 2967 2185 3010 a
2225 2946 2626 3010 demonibus

1421 3044 1562 3097 erat
1611 3053 1970 3116 possessus,
2063 3034 2348 3099 Sanctus
2395 3036 2624 3117 itaque

1420 3121 1785 3204 botulphus
1890 3122 2188 3186 oratione
2295 3123 2628 3204 prelibata.

1421 3213 1612 3292 signo
1660 3210 1870 3274 crucis
1915 3211 2140 3274 edito:
2195 3211 2460 3274 inanem
2507 3211 2626 3273 de-

1421 3319 1696 3361 monum
1773 3298 2038 3362 turbam
2123 3299 2190 3362 in
2260 3299 2620 3363 obscenam

1419 3388 1620 3450 vertit
1665 3387 1934 3468 sugam:
1985 3407 2064 3450 ac
2117 3388 2364 3452 ibidem
2415 3389 2621 3451 divini

1420 3476 1746 3538 incolatus
1843 3477 2120 3538 domum
2227 3477 2619 3541 construxit.

1424 3564 1860 3645 Congregatis
1905 3565 2148 3628 deinde
2197 3564 2508 3629 fratribus
2553 3567 2622 3628 in

1421 3653 1815 3735 obsequium
1877 3654 2274 3718 salvatoris:
2340 3654 2622 3718 charita-

1421 3750 1558 3804 tem
1607 3741 1992 3804 continuam
2047 3762 2162 3805 eos
2215 3741 2458 3806 habere
2499 3742 2623 3805 do-

1422 3830 1602 3892 cuit:
1647 3829 1956 3892 timorem
2008 3830 2262 3893 domini
2317 3840 2384 3894 et
2437 3851 2625 3894 amo-

1424 3937 1559 3979 rem
1595 3917 1838 3999 pariter
1887 3918 2033 3980 illos
2081 3919 2429 3981 observare
2475 3939 2623 3998 per-

1421 4013 1698 4088 petuum
1732 4006 2085 4087 diligenter
2115 4007 2508 4086 premonuit.

1554 4113 1666 4155 um
1697 4114 1854 4156 vero
1889 4095 1954 4155 in
1991 4093 2234 4157 Christi
2264 4092 2504 4174 [Lectio
2525 4093 2620 4176 iij.

1554 4179 1982 4244 famulatibus
2061 4181 2310 4243 diutius
2401 4180 2622 4245 labor-

1424 4277 1653 4332 asset:
1733 4270 1818 4331 ad
1887 4268 2243 4331 honestum
2307 4277 2375 4334 et
2435 4291 2624 4334 sanc·

1424 4367 1568 4420 tum
1625 4358 1926 4438 pervenit
1987 4358 2262 4422 senium.
2355 4357 2625 4441 Appro-

1426 4447 1791 4529 pinquente
1891 4447 2026 4510 vite
2129 4467 2246 4511 sue
2344 4449 2630 4510 termino
