3117 4959
911 224 973 278 S.
1013 223 1276 278 PETRI
1304 187 1426 278 AD
1474 223 1853 279 VINCULA.

662 327 818 383 435

145 432 467 498 celorum:
509 443 578 498 et
605 453 998 518 quecunque
1027 434 1332 518 ligaveris

147 541 333 603 super
377 531 622 586 terram
671 531 864 587 erunt
911 524 1119 607 ligata
1163 535 1232 588 et
1262 525 1330 588 in

148 609 296 673 celis
319 629 344 675 -:
425 619 496 674 et
575 629 970 694 quecunque
1027 612 1330 676 solveris¹

148 717 335 778 super
375 707 621 762 terram
667 707 862 763 erunt
905 700 1124 764 soluta
1165 709 1234 764 et
1263 701 1330 765 in

149 784 332 850 celis:
375 805 496 869 per
526 807 680 850 eum
717 788 830 870 qui
861 807 1012 850 cum
1045 796 1232 870 patre
1263 797 1334 852 et

147 873 604 955 spiritusancto
647 875 813 939 vivit
862 882 933 938 et
979 885 1216 958 regnat
1263 876 1330 938 in

146 961 373 1026 secula.
473 963 638 1026 Tres
677 963 909 1027 ultime
938 963 1228 1027 lectiones
1253 963 1335 1028 de

145 1049 514 1130 expositione
583 1050 908 1132 evangelii
983 1052 1330 1114 secundum

145 1136 508 1202 mattheum.
553 1138 760 1202 Venit
789 1139 985 1221 Jaeus
1005 1139 1074 1202 in
1105 1147 1328 1221 partes

144 1244 408 1289 cesareez
497 1225 755 1290 Omelia
781 1236 860 1290 ut
887 1224 960 1290 in
987 1226 1330 1290 cathedra⁸

135 1313 340 1375 sancti
371 1314 572 1394 petri.
669 1313 892 1380 Cetera
935 1313 1033 1378 ad
1069 1314 1326 1379 matuti.

137 1409 201 1462 et
221 1400 308 1462 ad
320 1400 520 1464 horas
538 1423 566 1466 .·
597 1410 676 1465 ut
695 1402 766 1465 in
781 1401 888 1466 die
903 1402 1327 1482 apostolorum

125 1489 294 1568 petri
315 1498 378 1552 et
404 1489 612 1572 pauli
650 1510 796 1552 cum
823 1489 1112 1554 oratione
1140 1489 1327 1556 Deus

139 1576 244 1658 qui
271 1576 546 1641 beatum
565 1586 846 1660 petrum.
890 1577 1016 1641 Ad
1037 1589 1330 1660 vesperas

137 1673 234 1728 an.
299 1665 532 1729 Petrus
564 1674 635 1729 et
657 1665 1001 1748 johannes.
1045 1675 1113 1729 et
1137 1677 1329 1730 cetere

137 1757 262 1817 aize.
287 1752 366 1816 de
391 1753 705 1816 laudibus
743 1773 890 1817 cum
927 1753 1208 1836 psalmis·
1247 1753 1328 1818 de

137 1840 436 1921 apostolis.
553 1841 704 1924 Cap.
813 1841 1046 1906 Petrus
1105 1843 1191 1906 ad
1251 1861 1326 1906 se

135 1947 434 1993 reversus
480 1929 602 1994 Re.
653 1930 844 1993 Petre
862 1949 1064 1994 amas,
1111 1929 1324 2010 Hym-

139 2033 264 2079 nus.
353 2017 647 2081 Exultet
689 2016 924 2082 celum.
1014 2033 1064 2104 γ
1107 2017 1214 2081 Tu
1251 2038 1324 2082 es

139 2111 362 2184 petrus,
451 2105 542 2168 In
595 2125 819 2187 evang.
859 2113 968 2168 an.
1061 2105 1320 2187 Symon

139 2189 396 2272 barjona
423 2201 531 2256 ·tu
608 2192 956 2257 vocaberis
1024 2193 1268 2276 cephas
1303 2214 1320 2258 :

137 2280 300 2360 quod
323 2281 802 2363 interpretatur
821 2289 1048 2364 petrus
1071 2280 1323 2364 janitor

139 2365 248 2430 celi
319 2367 746 2450 pulsantibus
815 2368 994 2452 aperi
1030 2389 1046 2433 :
1119 2389 1320 2452 supra

139 2455 394 2519 modum
431 2457 856 2538 peccavimus
901 2475 1174 2523 omnes:
1219 2457 1319 2520 di-

1942 329 2101 388 436

1431 455 1553 499 vas
1594 435 1662 500 si
1702 437 2033 500 vacaverit
2070 459 2115 500 a
2148 437 2327 518 festo
2375 439 2467 502 ix.
2511 439 2630 501 lec-

1433 525 1684 588 tionum
1741 525 1993 588 dicetur
2045 525 2127 588 de
2182 525 2358 588 beato
2393 536 2580 606 petro
2605 549 2631 590 :

1431 612 1570 676 nisi
1615 613 1969 695 incipiatur
2014 613 2294 676 historia
2346 613 2458 677 illo
2505 615 2629 678 die.

1429 700 1706 764 Dicetur
1774 700 1971 764 etiam
2029 700 2111 764 de
2162 723 2231 764 eo
2269 697 2362 764 'in
2421 702 2627 782 seriis

1429 787 1813 852 vacantibus
1840 809 1983 854 cum
2000 791 2259 871 psalmo
2289 789 2391 852 Te
2422 790 2623 854 deum

1429 873 1798 940 laudamus.
1883 885 1949 939 et
1974 886 2113 940 tam
2151 877 2259 940 die
2300 877 2626 940 dominica

1425 983 1626 1044 quam
1683 964 1791 1027 die
1831 964 2077 1046 feriali
2122 965 2311 1046 infra
2367 975 2628 1028 octavas

1427 1061 1695 1114 vacante
1708 1050 1972 1116 dicatur
1983 1052 2469 1118 Invitatorium.
2513 1054 2621 1117 Tu

1425 1158 1500 1201 es
1573 1148 1818 1222 pastor.
1936 1141 2262 1221 Hymnus.
2371 1141 2625 1205 Eterna

1427 1225 1695 1291 Christi.
1779 1228 1883 1290 Et
1926 1239 2129 1292 cetera
2181 1228 2251 1291 in
2297 1227 2625 1292 dominica

1422 1317 1595 1378 sicut
1648 1315 1721 1379 in
1767 1315 1875 1380 die
1903 1326 2126 1398 preter
2180 1315 2511 1398 legendam
2560 1327 2626 1381 et

1409 1411 1633 1484 preter
1670 1403 2057 1484 antiphonas
2104 1414 2297 1485 super
2338 1403 2623 1486 psalmos

1427 1490 1829 1554 Benedictus
1884 1500 1950 1554 et
2004 1490 2413 1574 Magnificat.
2504 1513 2629 1573 que

1421 1575 1719 1654 dicentur
1746 1578 2091 1642 secundum
2134 1579 2426 1642 ordinem
2455 1579 2623 1660 infe-

1423 1665 1571 1728 rius
1590 1676 1879 1730 notatum
1900 1677 2113 1730 tamen
2128 1666 2627 1730 medielectiones

1421 1753 1503 1816 de
1534 1753 1715 1835 sesto
1758 1754 1974 1818 sancti
2014 1755 2123 1818 vel
2161 1763 2529 1818 sanctorum
2558 1755 2630 1817 si

1421 1847 1705 1906 wenerit
1726 1863 1751 1905 .·
1794 1863 1921 1906 non
1966 1841 2357 1906 omittantur
2379 1865 2405 1904 .·
2446 1852 2511 1905 et
2548 1844 2623 1906 in

1421 1929 1531 1992 die
1568 1929 1816 2009 feriali
1868 1951 2013 1994 cum
2074 1951 2209 1994 una
2268 1929 2626 2012 antiphona

1420 2027 1614 2098 super
1629 2018 1915 2099 psalmos
1940 2028 2004 2082 et
2030 2018 2241 2082 tribus
2268 2019 2625 2100 Responso—

1421 2105 1548 2168 riis
1575 2107 1657 2168 dc
1679 2107 1957 2170 historia
1996 2103 2357 2170 ordinatim
2398 2117 2639 2188 sump-.

1419 2193 1523 2257 tis.
1614 2193 1713 2257 Et
1740 2193 1811 2256 in
1842 2194 2119 2276 vesperis
2146 2203 2282 2258 an'e.
2306 2195 2386 2257 de
2399 2194 2623 2258 laudi-

1419 2279 1551 2344 bus.
1640 2293 1831 2364 super
1851 2282 2145 2363 psalmos
2170 2283 2251 2345 de
2274 2281 2573 2364 apostolis
2591 2305 2624 2346 .-

1414 2369 1615 2432 ‘etiam
1642 2372 1711 2434 si
1738 2370 1807 2432 in
1837 2371 2116 2433 crastino
2162 2370 2342 2433 debet
2380 2370 2517 2433 dici
2539 2370 2629 2434 de

1415 2456 1548 2520 alio
1576 2468 1795 2521 sancto
1836 2459 2233 2540 contingente
2252 2478 2278 2520 .·
2322 2455 2461 2521 nisi
2492 2459 2617 2520 im-

139 2542 314 2607 mitte
382 2544 768 2627 septuagies
841 2545 1103 2627 septies.
1214 2553 1317 2626 ps.
1399 2543 1717 2626 pediatur
1742 2556 2008 2628 propter
2034 2545 2436 2627 inceptionem
2467 2544 2613 2626 hys-

141 2628 528 2713 Magnificat.
659 2631 891 2696 Oratio
955 2642 1032 2696 ut
1098 2643 1316 2715 supra.
1416 2633 1591 2696 torie.
1667 2642 1731 2696 et
1758 2643 1913 2697 tunc
1936 2633 2184 2697 dicetur
2224 2633 2321 2696 ad
2350 2633 2617 2714 primas

141 2716 444 2784 Memoria
473 2719 560 2784 de
577 2729 794 2783 sancto
808 2720 1108 2802 stephano
1121 2731 1316 2802 papa.
1414 2730 1723 2801 vesperas.
1784 2741 1887 2786 an.
1968 2721 2385 2786 Benedictus,
2468 2742 2611 2784 cum

141 2807 254 2870 An.
361 2809 616 2873 Beatus
663 2807 782 2874 vir.
875 2825 920 2894 y
967 2807 1197 2872 Gloria
1248 2818 1318 2873 et
1399 2808 1661 2888 psalmo
1682 2809 1906 2871 eodem.
1954 2817 2061 2872 etc.
2108 2809 2204 2872 Et
2233 2809 2303 2872 in
2320 2809 2614 2872 secundis

142 2891 378 2960 honore.
1067 2895 1316 2961 Oratio.
1415 2896 1693 2977 vesperis
1718 2917 1825 2960 an.
1875 2895 2074 2960 Dixit
2095 2897 2421 2959 dominus,
2465 2916 2609 2959 cum

141 2984 384 3112 Deus
433 2983 553 3067 qui
605 3001 728 3048 nos
781 2983 960 3047 beati
1006 2983 1315 3066 stephani
1405 2983 1659 3064 psalmo
1687 2984 1897 3046 eodem
1940 2993 2047 3047 etc.
2140 2989 2203 3060 (Ι
2250 2985 2351 3046 Et
2386 2993 2609 3047 notan-

273 3073 582 3154 martyris
611 3073 708 3136 tui
739 3081 943 3154 atque
983 3069 1314 3154 pbntificis
1411 3071 1573 3134 dum
1596 3093 1623 3135 .·
1694 3071 1870 3153 quod
1919 3071 1988 3135 si
2042 3071 2376 3154 contingat
2432 3071 2623 3135 istud

144 3175 334 3223 annua
379 3160 784 3224 solennitate
833 3159 1110 3224 letificas
1153 3180 1314 3223 con·
1391 3159 1654 3241 festum
1683 3160 1792 3224 die
1807 3159 2104 3224 sabbati:
2134 3170 2383 3240 vespere
2398 3159 2613 3222 codem

143 3246 280 3308 cede
335 3249 702 3331 propitius:
747 3257 822 3311 ut
877 3249 1064 3329 cujus
1117 3257 1311 3312 nata-
1409 3247 1518 3309 die
1540 3257 1738 3311 erunt
1760 3247 1843 3311 de
1869 3248 2045 3311 beato
2080 3258 2279 3329 petro.
2368 3256 2433 3309 et
2478 3267 2609 3310 me-

144 3329 268 3396 licia
295 3336 612 3400 colimuS.
658 3337 744 3400 de
775 3335 1074 3416 ejusdem
1106 3337 1309 3400 etiam
1408 3335 1622 3398 moria
1650 3337 1731 3399 de
1754 3335 2056 3418 hystoria.
2146 3335 2279 3400 An.
2366 3335 2607 3400 Omnis

141 3426 520 3499 protectione
551 3424 980 3506 gaudeamus
1043 3444 1162 3507 per
1189 3425 1311 3488 do-
1408 3424 1753 3505 sapientia.
1840 3435 1907 3487 et
1946 3445 2257 3488 memoria
2284 3424 2363 3487 αἰ
2388 3433 2607 3487 sancto

143 3508 384 3575 minum.
1405 3511 1706 3593 stephano
1738 3521 2034 3594 martyre.
2094 3513 2196 3576 Et
2224 3512 2294 3576 in
2322 3513 2611 3576 crastino

147 3599 198 3671 QI
236 3598 358 3661 Iste
382 3609 600 3663 octavo
625 3598 796 3663 beati
820 3598 1005 3680 petri
1028 3598 1126 3662 ad
1161 3599 1308 3663 vin·
1390 3608 1807 3678 percantetur
1830 3601 2135 3682 hystoria.
2200 3609 2265 3664 et
2291 3600 2432 3684 fiat
2478 3621 2603 3664 me·—

143 3683 262 3746 cula
289 3707 408 3750 non
449 3688 771 3751 habentur
810 3689 1070 3750 omnino
1099 3687 1306 3768 preci-
1405 3689 1617 3750 moria
1676 3687 1759 3751 de
1816 3700 2033 3753 sancto
2098 3699 2333 3771 petro:
2408 3698 2473 3751 et
2522 3687 2605 3751 de

131 3779 276 3848 pue:
332 3776 485 3856 quia
545 3776 626 3838 de
663 3775 868 3858 sestis
927 3776 1132 3838 trium
1191 3777 1306 3840 lec-
1404 3785 1621 3838 sancto
1662 3777 1983 3858 stephano.
2042 3785 2134 3841 et
2173 3775 2270 3840 ad
2314 3787 2608 3857 vesperas

144 3858 358 3924 tionum
387 3863 895 3946 contingentibus
925 3863 1112 3944 infra
1143 3863 1308 3927 istas
1401 3863 1666 3927 di'catur
1716 3864 1799 3928 de
1850 3865 2174 3929 dominica
2246 3884 2444 3945 usque
2512 3861 2610 3925 ad

143 3957 368 4012 octavas
421 3951 760 4015 dicendum
819 3961 915 4014 est
946 3974 970 4014 .·
1043 3960 1106 4014 et
1157 3973 1304 4015 cum
1401 3952 1769 4032 capitulum.
1868 3953 2043 4035 quod
2084 3951 2215 4015 erit
2254 3953 2333 4014 de
2378 3951 2601 4013 inven-

130 4036 353 4112 psalmo
443 4040 547 4104 Te
638 4041 840 4104 deum
935 4039 1302 4104 laudamus,
1405 4041 1575 4103 tione
1628 4042 1845 4104 sancti
1896 4039 2207 4121 stephani.
2319 4042 2382 4113 (ἶ
2431 4037 2605 4100 Item

130 4129 358 4204 propter
383 4137 653 4191 octavas.
1399 4129 1797 4211 contingente
1836 4130 2014 4211 sesto
2060 4127 2232 4190 beati
2271 4124 2454 4206 petri
2496 4125 2609 4188 die

145 4213 198 4286 ff
237 4213 386 4278 Item
415 4215 524 4279 die
547 4213 872 4280 dominica
917 4215 1104 4298 infra
1133 4229 1297 4281 octa-
1399 4217 1723 4281 dominica
1748 4240 1772 4281 .·
1810 4214 2179 4298 'incipienda
2197 4223 2293 4278 est
2309 4213 2607 4295 hystoria

441 4377 454 4407 ¹
489 4375 733 4428 solveritis
754 4395 772 4427 a
803 4376 874 4427 N.
1624 4379 1644 4409 ²
1684 4383 1695 4405 ⁶
1711 4378 1808 4427 sive
1834 4378 1891 4428 in
1913 4377 1989 4427 ἅὶι
2010 4377 2023 4400 ’
2050 4376 2183 4426 add:
2218 4375 2290 4426 Ν.
