3117 4959
1529 194 1634 248 IN
1672 192 1946 249 FESTO

1044 303 1171 356 741

474 417 676 466 mater.
722 411 811 466 etc.
843 405 1168 466 Benedictio
1193 405 1463 468 Christus
1490 404 1676 466 marie

472 484 629 544 filius
657 484 732 544 sit
756 483 933 546 nobis
975 485 1239 545 clemens
1264 495 1325 546 et
1351 483 1672 561 propicius.

474 566 691 623 Amen.
1203 565 1389 623 Lectio
1412 565 1674 624 secunda.

473 643 763 750 Hujus
835 640 1009 720 igitur
1095 642 1231 703 sesti
1316 641 1673 704 visitationis

628 721 923 798 magnalia
964 732 1281 782 tractantes
1312 721 1676 782 admiramur

470 798 533 859 in
560 799 784 878 virgine
812 800 1085 861 deiformi
1126 801 1292 878 quod
1339 801 1674 862 decedente

468 880 548 939 ab
602 898 675 938 ea
726 879 950 941 nuncio
1010 880 1283 958 angelico
1336 899 1411 940 eo
1464 882 1673 942 ardere

470 958 686 1018 mentis
728 977 982 1019 accensa
1024 970 1116 1020 est
1162 970 1229 1020 ut
1266 979 1332 1020 se
1370 958 1671 1020 laboribus

466 1037 799 1115 accingeret
854 1049 915 1098 et
981 1037 1193 1098 itineri.
1292 1037 1390 1100 Sic
1456 1038 1671 1100 caritas

466 1127 701 1176 exercet
726 1135 907 1193 opera
932 1115 1213 1178 virtutum
1238 1136 1357 1194 que
1374 1116 1423 1178 si
1440 1114 1673 1194 operari

466 1195 758 1256 renuisset
805 1196 1017 1256 caritas
1062 1199 1326 1274 perfecta
1368 1216 1498 1258 esse
1542 1216 1671 1258 non

464 1273 671 1350 possit.
752 1276 851 1335 Ab
897 1275 1246 1336 humilitatis
1290 1277 1442 1336 valle
1485 1295 1668 1352 quam

464 1365 531 1412 tu
586 1352 768 1414 maria
808 1356 1022 1432 angelo
1068 1357 1329 1432 professa
1372 1375 1437 1415 es
1484 1356 1668 1415 verbo

465 1433 823 1494 conscendis
840 1444 1126 1493 montana
1142 1432 1668 1512 contemplationis

462 1510 527 1569 in
556 1531 751 1588 opere.
834 1514 937 1573 Ad
962 1513 1259 1573 civitatem
1285 1514 1433 1589 juda
1453 1532 1666 1592 prope-

460 1609 553 1650 ras
582 1592 684 1651 ubi
711 1610 854 1652 mox
878 1593 1197 1652 revelatam
1217 1592 1407 1652 laudis
1432 1594 1664 1652 conses-

460 1669 694 1730 sionem
722 1690 787 1731 es
812 1670 943 1747 ipsa
961 1670 1024 1730 in
1051 1671 1319 1749 ympnis¹
1350 1690 1388 1732 a
1412 1683 1473 1731 te
1502 1672 1666 1732 edito

460 1749 861 1810 decantatura-
975 1749 1245 1811 Festinas
1297 1749 1361 1809 in
1414 1752 1664 1810 domum

458 1829 725 1889 zacharie
752 1829 814 1888 id
843 1839 934 1890 est
960 1828 1240 1890 memoris
1267 1828 1518 1890 domini.
1588 1833 1662 1890 In

459 1926 581 1983 qua
636 1909 821 1968 domo
876 1908 1082 1968 omnia
1134 1906 1502 1986 reperiuntur
1559 1909 1660 1970 dei

458 1987 742 2047 memorie
794 1987 1155 2064 plenissima.
1268 1989 1347 2046 Et
1389 1987 1661 2063 disponis

454 2077 770 2142 cognatam
798 2067 1103 2126 elezabeth
1152 2065 1395 2126 amabili
1442 2068 1660 2127 saluta·

456 2142 619 2204 tione
646 2145 965 2221 preveniet.
1052 2147 1145 2204 Ex
1172 2162 1293 2220 qua
1320 2163 1520 2205 servus
1548 2146 1658 2206 do·

454 2223 679 2282 minum
708 2234 1043 2300 presentem
1073 2222 1377 2283 sentiebat.
1404 2243 1481 2284 ex
1508 2243 1658 2285 voce

454 2301 693 2378 virginis
720 2302 923 2362 matris
972 2302 1034 2360 in
1082 2321 1255 2363 aures
1298 2302 1523 2363 directa
1550 2322 1659 2366 sue

451 2391 731 2457 provecte
757 2381 1068 2458 genitricis.
1155 2384 1249 2441 Tu
1298 2393 1498 2442 autem
1546 2383 1655 2444 do·

451 2457 611 2520 mine
640 2460 913 2521 miserere
939 2459 1140 2522 nostri.
1226 2462 1329 2520 Re.
1359 2463 1425 2536 υἱ
1470 2463 1656 2522 Exul-

451 2548 537 2598 tat
603 2539 795 2600 infans
847 2540 1077 2618 gaudiis
1130 2539 1193 2599 in
1248 2539 1453 2619 spiritu
1497 2540 1656 2602 helie

450 2620 617 2694 cujus
671 2630 858 2681 mater
922 2618 1204 2680 mirabilis
1270 2621 1339 2679 fit
1402 2637 1653 2697 compos

450 2697 774 2775 prophetie.
862 2698 993 2760 Celi
1040 2709 1243 2759 manat
1286 2697 1513 2759 deliciis
1562 2698 1652 2759 in-

448 2777 657 2838 troitus
712 2778 908 2838 marie.
1019 2779 1073 2854 Ϋ
1126 2781 1373 2855 Propter
1410 2778 1652 2838 archam

448 2856 678 2916 domini
705 2856 1009 2918 benedixit
1029 2856 1235 2917 domui
1264 2858 1411 2917 deus
1444 2859 1652 2918 zacha·

447 2934 545 2994 rie.
610 2935 742 2998 Celi
770 2948 983 2997 manat.
1049 2937 1388 2996 Benedictio.
1431 2939 1652 2997 Sancta

448 3013 547 3074 dei
598 3015 849 3092 genitrix
916 3016 992 3076 sit
1059 3015 1234 3077 nobis
1301 3014 1642 3077 auxiliatrix.

446 3095 662 3154 Amen.
1234 3096 1421 3153 Lectio
1447 3097 1641 3155 tercia.

453 3173 686 3309 Quam
717 3193 931 3252 magna
958 3175 1069 3234 hec
1087 3173 1150 3233 in
1171 3175 1355 3234 domo
1376 3173 1646 3236 zacharie

550 3251 611 3311 id
640 3264 729 3312 est
766 3253 1044 3314 memoris
1088 3252 1316 3314 domini
1361 3253 1648 3314 memoria

443 3329 542 3389 dei
570 3331 937 3393 mirabilium.
1024 3332 1149 3393 Ubi
1194 3331 1359 3392 testis
1400 3333 1646 3393 effectus

445 3419 531 3468 est
560 3429 725 3470 sacer
750 3410 922 3487 pusio
952 3411 1331 3488 supercelesti
1349 3411 1602 3488 pusione
1619 3412 1644 3450 ²

442 3507 621 3562 quam
650 3508 809 3548 novo
834 3489 949 3549 ritu
978 3491 1275 3551 revelavit.
1362 3493 1443 3551 Et
1469 3510 1644 3568 prop-

441 3577 530 3625 ter
555 3587 764 3628 vocem
793 3568 998 3645 sponsi
1024 3569 1251 3629 amicus
1277 3569 1513 3647 gavisus
1530 3582 1638 3630 est.

440 3664 565 3705 non
618 3647 964 3708 tenerrimus
990 3647 1017 3686 ³
1071 3647 1300 3711 labellis
1331 3672 1343 3707 :
1386 3650 1495 3710 sed
1535 3668 1640 3710 ore

439 3728 725 3802 prolatam
755 3726 991 3806 virginis
1018 3727 1116 3788 dei
1160 3727 1471 3806 genitricis.
1540 3729 1641 3789 Sic

436 3806 699 3882 prodidit
727 3806 1129 3867 testimonium
1173 3826 1212 3867 a
1255 3809 1414 3884 justo
1462 3807 1638 3869 thoro

437 3903 541 3945 sex
568 3887 861 3947 mensium
890 3888 1165 3964 parvulus
1194 3909 1207 3948 :
1248 3889 1494 3962 parvulo
1537 3886 1636 3946 vix

1781 421 1946 464 mare
1999 401 2222 466 dicens.
2335 403 2668 467 Benedicta
2721 417 2787 468 ω
2839 407 2974 470 inter

1781 483 2060 544 mulieres
2087 507 2102 544 :
2131 496 2190 545 et
2217 485 2572 546 benedictus
2599 487 2823 548 stactus
2847 507 2972 550 ven-

1781 559 1885 622 tris
1931 563 2033 622 tui.
2121 565 2350 640 Magna
2402 563 2648 641 quidem
2699 585 2826 626 vox
2871 586 2972 644 que

1780 639 2000 701 divinis
2027 642 2308 703 laudibus
2332 643 2544 705 exmlit
2569 643 2751 704 simul
2791 656 2850 706 et
2881 648 2971 706 de·
3019 717 3021 720 Α

1779 739 1882 778 um
1910 719 2108 797 ipsum
2135 720 2198 781 in
2215 723 2441 797 sobole,
2461 734 2524 783 et
2541 722 2606 782 in
2627 723 2968 800 predileeta⁴
3019 757 3021 760 ⁴

1778 797 2004 876 virgine
2052 800 2153 862 dei
2199 813 2506 878 parentem
2558 802 2966 865 beatissimam.
3019 809 3021 866 ἰ

1777 878 1875 936 Tu
1918 889 2121 940 autem
2165 880 2413 943 domine
2457 879 2740 943 miserere
2784 883 2968 946 nostri.
3019 913 3021 946 1

1779 958 2240 1034 Responson'um.
2301 959 2696 1021 Benedicmm
2719 963 2971 1039 predicat
3019 981 3021 1018 i

1777 1054 1962 1096 senex
2013 1049 2249 1114 portam
2303 1038 2446 1116 spei.
2505 1040 2674 1100 unde
2743 1042 2866 1102 hoc
2913 1055 2974 1104 ut

1775 1114 1978 1176 veniat
2002 1119 2084 1177 ad
2109 1136 2210 1177 me
2233 1129 2424 1179 mater
2449 1118 2618 1179 mei.⁸
2697 1121 2873 1181 Voce
2895 1121 2974 1182 tui

1771 1194 1988 1269 jubilat
2046 1194 2242 1256 infans
2299 1196 2522 1258 ventris
2573 1197 2712 1259 mei.
2787 1219 2976 1262 ven-us

1776 1275 1964 1333 Beata
1999 1293 2120 1351 que
2161 1275 2482 1349 credidisti,
2511 1275 2574 1336 in
2601 1289 2663 1338 te
2687 1279 2841 1340 fient
2866 1299 2972 1357 que
3019 1289 3021 1302 '

1773 1352 1995 1413 audisti
2021 1371 2164 1414 ecce
2207 1354 2444 1432 signum
2485 1355 2592 1416 rei.
2671 1359 2847 1419 Voce
2871 1359 2968 1420 tui.

1774 1430 1982 1492 Gloria
2032 1432 2200 1509 patri.
2283 1434 2542 1494 Infans!⁵
2635 1436 2974 1512 Ank’phona

1771 1510 1901 1570 Stat
1947 1511 2009 1570 in
2052 1512 2204 1589 reg-is
2248 1514 2492 1574 dextera
2531 1514 2720 1592 glorie
2759 1517 2970 1594 regina.

1771 1589 1913 1650 vide
1962 1590 2116 1668 reg-is
2171 1592 2294 1652 filia
2343 1603 2406 1653 et
2463 1612 2668 1653 aurem
2737 1593 2972 1656 inclina.
3019 1647 3021 1660 .

1768 1669 2060 1730 Psalmus.
2116 1671 2420 1732 Eructavit
2446 1691 2551 1732 cor
2574 1689 2798 1734 meum.
2849 1677 2975 1734 An-

1767 1749 2021 1823 rapham.
2133 1749 2248 1812 Dei
2303 1752 2756 1812 tabernaculum
2809 1755 2978 1831 quod

1767 1823 1898 1916 ipse
1925 1827 2175 1888 sacravit
2201 1849 2276 1890 ex
2301 1839 2364 1890 te
2389 1828 2510 1890 vite
2531 1830 2780 1890 fluvium
2797 1852 2978 1892 cunc-

1767 1915 1842 1965 tis
1871 1905 2175 1968 derivavit.
2251 1910 2530 1969 Psalmus
2571 1911 2744 1970 Deus
2771 1924 2974 1972 noster

1765 1984 2069 2062 refugium.
2139 1987 2498 2063 Antiphona.
2585 1988 2834 2050 Florida
2861 2002 2974 2052 ste-

1765 2062 1948 2124 rilitas
1975 2083 2160 2127 senex
2185 2065 2464 2140 virtuosa,
2493 2067 2557 2126 in
2583 2078 2646 2127 te
2685 2069 2792 2128 dei
2833 2070 2976 2130 civi-

1763 2153 1856 2203 tas
1883 2143 2030 2204 dixit
2069 2144 2341 2222 gloriosa.
2409 2154 2508 2222 pf.
2551 2148 2980 2209 Fundamenta

1765 2222 1908 2298 ejus,
1994 2224 2045 2299 Ϋ
2085 2223 2296 2300 Specie
2323 2235 2440 2285 tua.
2483 2231 2576 2284 etc.
2624 2227 2973 2288 Benedictio,

1761 2301 1978 2362 Sancte
2019 2302 2204 2362 marie
2247 2303 2458 2364 merita
2495 2323 2608 2365 nos
2637 2305 2874 2366 ducant
2901 2309 2979 2368 ad

1761 2397 1944 2457 regna
1968 2381 2227 2442 celestia.
2311 2385 2522 2444 Amen.
2634 2385 2830 2444 Lectio
2855 2388 2976 2463 ieij.

1758 2461 1917 2565 Ex
1968 2460 2373 2537 predictorum
2429 2462 2744 2522 verborum
2793 2463 2980 2527 eliza-

1879 2540 2020 2600 beth
2046 2539 2540 2601 benedictionum
2567 2542 2842 2604 ubertate
2871 2563 2978 2605 co-

1757 2615 1944 2692 piosa.
1975 2619 2358 2696 perpenditur
2385 2619 2756 2682 salutationis
2783 2625 2980 2686 marie

1757 2696 2122 2774 magnitude.
2229 2699 2414 2759 Unde
2467 2711 2725 2760 meretur
2783 2704 2980 2764 maria

1755 2772 1968 2837 iterum
1995 2777 2200 2838 audire
2226 2778 2304 2838 ab
2330 2777 2571 2840 homine
2597 2777 2664 2838 id
2689 2783 2870 2856 quod
2897 2785 2978 2843 ab

1753 2856 1968 2932 angelo
2041 2855 2204 2933 prius
2277 2856 2547 2918 audierat
2611 2877 2744 2919 sese
2817 2859 2980 2922 inter

1753 2933 2030 2995 mulieres
2083 2955 2215 2997 esse
2270 2955 2502 2996 summe
2556 2937 2974 3002 benedictam.

1753 3013 1996 3091 Quippe
2021 3012 2084 3073 in
2111 3016 2238 3091 ejus
2265 3014 2756 3077 benedictionem
2783 3037 2975 3097 ange·

1749 3091 1864 3152 lice
1891 3103 1952 3153 et
1979 3094 2237 3154 humane
2279 3105 2490 3155 nature
2517 3093 2696 3155 simul
2723 3098 2978 3176 conspi-

1751 3183 1918 3232 rante
1983 3183 2044 3232 et
2110 3173 2524 3234 consentiente
2590 3172 2972 3238 testimonia

1752 3250 2040 3311 Omnium
2072 3251 2231 3312 enirn
2259 3253 2597 3313 mortalium
2625 3253 2744 3314 hec
2773 3267 2975 3317 mater

1748 3328 1912 3408 virgo
1967 3341 2060 3391 est
2125 3332 2205 3391 ad
2273 3333 2455 3392 deum
2521 3332 2970 3396 reconsiliatrix

1745 3419 1926 3485 atque
1981 3411 2192 3471 eadem
2245 3409 2514 3488 angelice
2566 3410 2740 3472 ruine
2797 3426 2969 3474 extat

1745 3489 2078 3564 reparatrix.
2191 3491 2376 3550 Unde
2429 3489 2642 3550 merito
2697 3493 2968 3569 reparafi

1743 3567 1940 3645 angeli
1967 3579 2028 3628 et
2053 3567 2411 3630 reconsiliati
2438 3569 2714 3630 homines
2747 3583 2970 3632 tenen-

1743 3646 1878 3706 tur⁷
1905 3646 2148 3707 mariam
2175 3666 2354 3725 supra
2395 3667 2605 3708 omnes
2653 3650 2968 3713 mulieres.

1743 3736 1866 3786 tam
1895 3726 2196 3804 exquisitis
2223 3727 2416 3788 verbis
2443 3746 2624 3804 quam
2654 3729 2800 3790 altis
2827 3749 2968 3807 pre-

1741 3805 1961 3866 cordiis
2013 3805 2386 3867 benedicere.
2471 3808 2550 3867 Et
2594 3809 2970 3871 benedictus

1738 3887 1959 3945 fructus
1986 3885 2204 3945 ventris
2229 3886 2330 3944 tui.
2415 3887 2966 3962 Quemadmodum

434 3967 633 4025 adhuc
658 3987 697 4026 a
724 3977 1020 4043 conceptu
1047 3968 1223 4044 plene
1253 3986 1355 4026 sex
1383 3965 1627 4026 dierum.
1734 3983 1944 4024 omnes
1972 3965 2176 4024 fideles
2222 3983 2528 4042 speramus
2557 3977 2620 4024 et
2647 3970 2952 4042 prestola-

438 4045 620 4107 Unde
647 4046 999 4107 mirabunda
1046 4065 1259 4123 parens
1302 4045 1530 4123 cogitur
1571 4044 1631 4105 in
1733 4063 1880 4104 mur.
1924 4044 1982 4105 O
2005 4041 2104 4104 dei
2126 4053 2314 4103 mater
2339 4054 2400 4102 et
2425 4061 2534 4120 per
2561 4045 2960 4107 clementiam

430 4141 646 4185 vocem
672 4145 949 4203 magnam
978 4144 1284 4203 erumpere
1330 4137 1393 4186 et
1438 4125 1630 4186 excla-

500 4314 514 4343 ¹
550 4315 784 4378 hymnis:
822 4316 891 4366 Si.
1132 4316 1153 4345 ²
1184 4314 1415 4379 pusioni:
1450 4313 1592 4363 L.Si.

726 4384 745 4410 ³
779 4382 881 4429 dei:
918 4382 986 4431 Si.

1250 4383 1268 4409 ⁸
1308 4386 1321 4407 ⁴
1340 4381 1406 4429 In
1432 4381 1485 4444 ij.
1515 4376 1754 4428 riocturno
1771 4377 1783 4400 '
1810 4379 1914 4426 add
1930 4379 2002 4426 Si.

1735 4133 1921 4184 mater
1949 4133 2165 4184 nostra.
2249 4123 2326 4182 In
2372 4123 2566 4182 fructu
2607 4124 2841 4185 ventris
2871 4126 2962 4187 tui

2435 4311 2454 4341 ⁴
2487 4311 2716 4374 predicta
2741 4331 2758 4363 t
2799 4314 2880 4366 Si·

2268 4380 2286 4405 ⁷
2321 4383 2550 4426 tenetur:
2588 4377 2663 4427 Si.

1785 4313 1806 4342 ⁸
1839 4311 2115 4361 tenerrimis
2137 4330 2150 4360 ε
2185 4311 2259 4360 Si.
