3117 4959
942 243 1007 298 S.
1056 240 1164 296 ΡΑ
1181 237 1326 296 UL!
1363 237 1588 296 APOS
1590 242 1647 296 T
1644 241 1797 298 OLI.

641 349 798 408 363

175 465 310 529 fuit:
347 460 449 526 sed
485 457 698 541 gratia
727 457 870 538 ejus
900 455 969 519 in
1002 474 1110 520 me
1137 473 1310 520 sem·

175 573 273 636 per
312 556 530 614 manet.
619 562 670 632 y
713 542 972 609 Gratia
1005 543 1112 608 dei
1163 562 1310 606 sum

170 642 226 704 id
287 639 443 720 quod
513 653 678 698 sum.
752 642 854 714 pf.
911 631 1310 696 Benedicite.

167 729 274 792 An,
331 721 628 788 Damasci
675 720 1046 802 prepositus
1092 718 1312 800 gentis

167 813 356 879 arethe
400 811 563 892 regis
610 807 818 871 voluit
873 827 982 870 me
1010 825 1310 887 compre-

165 900 410 965 hendere
456 919 496 960 a
523 895 832 960 fratribus
879 915 999 976 per
1045 913 1308 958 murum

166 1009 286 1053 sum
331 988 554 1050 missus
606 985 674 1048 in
733 991 1010 1065 sporta:
1087 991 1156 1046 et
1203 981 1309 1045 'sic

163 1076 311 1140 evasi
339 1093 562 1138 manus
589 1070 732 1152 ejus
779 1072 845 1133 in
892 1069 1159 1134 nomine
1191 1070 1308 1131 do-

165 1164 313 1228 mini.
395 1179 434 1247 y
481 1162 666 1224 Deus
715 1167 783 1221 et
833 1167 1025 1240 pater
1053 1156 1306 1220 domini

161 1253 268 1314 mei
311 1250 456 1331 Jesu
501 1246 748 1314 Christi
797 1246 924 1309 scit
970 1245 1126 1326 quia
1173 1263 1307 1306 non

161 1339 417 1402 mentior.
471 1345 572 1417 pff.
609 1333 914 1398 Laudate
945 1331 1308 1396 dominum.
1329 1401 1345 1412 ‚

163 1425 394 1507 capl’m,
480 1425 606 1487 Per
635 1441 888 1486 manus,
983 1419 1307 1501 Hymnus.

158 1513 400 1576 Exultet
428 1511 641 1575 celum
673 1507 996 1572 laudibus.
1088 1523 1136 1592 γ
1175 1507 1311 1571 De-

157 1602 285 1664 disti
313 1599 754 1664 hereditatem.
844 1595 932 1658 In
980 1595 1310 1676 evangelio

153 1709 240 1752 an,
283 1689 445 1752 Ecce
499 1688 682 1750 enim
737 1684 880 1767 jam
941 1682 1197 1745 delibor
1240 1691 1310 1746 et

155 1785 383 1858 tempus
434 1795 580 1837 mee
635 1769 1050 1836 resolutionis
1103 1770 1310 1833 instat

151 1863 366 1926 bonum
422 1865 759 1926 certamen
818 1857 1102 1922 certavi:
1164 1877 1310 1920 cur-

151 1971 275 2013 sum
323 1947 812 2014 consummavi:
859 1943 1059 2008 fidem
1091 1965 1308 2008 serva-

147 2039 236 2101 vi:
261 2047 546 2120 superest
571 2035 730 2100 mihi
755 2053 999 2098 corona
1023 2031 1308 2113 justicie¹

145 2145 318 2206 quam
365 2125 598 2190 reddet
647 2123 808 2186 mihi
869 2121 1178 2184 dominus
1239 2121 1307 2184 in

145 2212 303 2276 illum
358 2213 536 2277 diem
595 2211 812 2294 justus
866 2209 1098 2292 judex.
1204 2217 1303 2292 pf.

148 2299 522 2364 Benedictus,

146 2390 381 2517 Deus
413 2389 528 2470 qui
564 2387 1056 2450 multitudinem
1087 2384 1308 2465 genti-

274 2497 378 2539 um
425 2476 610 2540 beati
661 2473 842 2556 pauli
888 2471 1172 2555 apostoli
1211 2471 1310 2534 tui

147 2563 564 2642 predicatione
610 2561 938 2625 docuisti:
979 2560 1072 2632 da
1115 2559 1310 2622 nobis

141 2669 509 2730 quesumus:
582 2657 665 2713 ut
738 2647 926 2729 cujus
1000 2646 1310 2710 natalicia

145 2737 386 2802 colimus
416 2738 562 2820 ejus
595 2738 774 2819 apud
829 2745 902 2800 te
944 2733 1312 2818 patrocinia

141 2826 487 2890 sentiamus,
537 2844 660 2907 per
707 2823 1072 2888 dominum.
1163 2821 1312 2886 Mc-

147 2912 324 2976 mm‘a
349 2915 426 2977 de
451 2921 678 2977 sancto
691 2919 894 2992 petro.
938 2911 1072 2974 Aa,
1108 2909 1310 2976 Solve

135 2996 377 3078 jubente
392 3002 550 3066 deo.
598 3019 646 3086 γ
665 3000 770 3063 Tu
791 3019 862 3061 es
881 3007 1123 3080 petrus,
1159 2998 1308 3064 Oro.

139 3089 376 3216 Deus
407 3090 522 3172 qui
547 3089 753 3151 beato
782 3095 973 3169 petro
1005 3086 1310 3168 apostolo

267 3185 378 3240 tuo
433 3175 702 3240 collatis
759 3174 1058 3239 clavibus
1125 3174 1311 3255 regni

140 3262 368 3328 celestis
429 3263 688 3347 ligandi
751 3272 952 3344 atque
1009 3260 1310 3326 solvendi

139 3351 518 3430 pontificium
552 3350 924 3416 tradidisti:
969 3349 1260 3413 concede
1294 3371 1311 3415 ε

141 3445 204 3499 ut
242 3439 722 3504 intercessionis
769 3438 914 3520 ejus
972 3434 1226 3501 auxilio
1270 3457 1312 3502 a

143 3536 532 3604 peccatorum
599 3535 972 3590 nostrorum
1026 3524 1312 3588 nexibus

141 3611 475 3680 liberemur.
573 3615 710 3698 Qui
752 3614 918 3678 vivis
959 3623 1027 3676 et
1076 3632 1313 3694 regnas

141 3717 266 3764 cum
295 3702 586 3780 deo,1[
633 3701 964 3766 Memoria
991 3697 1072 3762 de
1094 3708 1313 3764 sancto

125 3787 390 3865 johanne,
436 3812 551 3854 an,

1928 352 2081 410 364

1412 453 1739 522 dominus.
1853 457 1917 520 A
1927 465 1987 522 ἦ.
2081 457 2398 524 Collocet.
2506 471 2613 524 etc.

1419 541 1807 624 Capitulum.
1856 546 1981 608 Per
2000 563 2251 610 manus,
2284 546 2610 628 Hymnus,

1415 629 1703 697 Exultet
1763 633 1997 698 celum,
2087 651 2135 718 γ
2208 633 2285 696 In
2340 655 2608 702 omnem

1411 725 1673 784 terram.
1763 721 1848 784 In
1906 721 2233 802 evangelio
2286 730 2391 784 ari.
2488 723 2611 787 Isti

1409 815 1566 870 sunt
1596 808 1729 872 due
1758 809 1947 872 olive.
1992 817 2069 872 ut
2092 818 2294 890 supra
2324 809 2394 873 in
2430 811 2609 890 festo

1407 903 1779 958 sauctorum
1796 895 2119 978 johannis
2144 905 2209 958 et
2219 897 2425 978 pauli.
2500 907 2607 979 ps.

1413 980 1820 1063 Magnificat,
1920 983 2167 1049 Oratio,
2261 985 2446 1048 Deus
2490 986 2607 1068 qui

1409 1067 1850 1135 hodiernum.²
1907 1071 2241 1134 Memoria
2282 1072 2364 1134 de
2384 1083 2607 1138 sancto

1389 1155 1697 1237 johanne.
1759 1158 1895 1223 Αῑί.
1945 1159 2255 1241 Ingresso
2285 1159 2602 1226 zacharia.

1413 1261 1457 1330 γ
1505 1245 1659 1308 Fuit
1690 1245 1907 1310 homo,
1976 1246 2223 1312 Oratio.
2272 1247 2457 1311 Deus
2486 1249 2603 1331 qui

1410 1342 1787 1414 presentem
1818 1333 2016 1398 diem.
2104 1335 2216 1398 He
2260 1337 2607 1417 antiphone

1409 1431 1732 1501 sequentes
1759 1421 2069 1484 dicantur
2090 1422 2188 1484 ad
2222 1434 2517 1504 vesperas
2544 1433 2609 1488 et

1407 1507 1506 1570 ad
1592 1508 1956 1572 matutinas
2024 1519 2218 1590 super
2294 1512 2603 1592 psalmos,

1414 1595 1809 1676 Magnificat
1837 1605 1903 1658 et
1931 1597 2349 1662 Benedictus,
2398 1619 2602 1680 quan·

1408 1683 1492 1746 do
1542 1683 1626 1746 de
1666 1685 1965 1765 apostolis
1992 1684 2091 1766 fit
2128 1685 2473 1748 servitium
2506 1687 2614 1750 vel

1409 1769 1510 1832 ad
1530 1773 1911 1835 memoriam
1939 1771 2019 1833 de
2043 1773 2343 1872 apostolts
2358 1793 2503 1836 cum
2526 1765 2605 1837 de

1403 1857 1540 1920 alio
1568 1868 1787 1921 sancto
1795 1859 1894 1940 fit
1928 1859 2272 1924 servitium
2315 1882 2461 1924 cum
2506 1883 2602 1924 re-

1395 1945 1708 2025 petitione
1736 1947 2100 2010 eorunm.
2190 1949 2324 2013 An.
2373 1949 2607 2014 Petrus

1408 2032 1753 2114 apostolus
1797 2042 1865 2097 et
1910 2034 2147 2116 paulus
2178 2035 2413 2100 doctor
2440 2057 2603 2120 gen-

1403 2121 1573 2183 tium
1636 2122 1760 2202 ipsi
1811 2141 1933 2186 nos
1978 2123 2345 2188 docuerunt
2377 2124 2595 2208 legem

1409 2216 1597 2271 tuam
1656 2209 1945 2274 domine,
2046 2211 2180 2274 Aa.
2228 2211 2435 2277 Orate
2480 2234 2602 2295 pro

1409 2296 1617 2360 nobis,
1681 2297 1967 2380 Require
1997 2297 2067 2363 in
2098 2300 2429 2362 memoriis
2455 2321 2598 2363 con-

1405 2383 1621 2448 suetis.
1711 2387 1846 2451 Αῇ.
1913 2385 2196 2450 Gloriosi
2254 2388 2605 2470 principes,

1409 2471 1697 2553 Require
1751 2473 1821 2536 in
1891 2473 2219 2538 memoriis
2276 2476 2606 2540 consuetis.

1408 2557 1544 2624 Aa.
1581 2561 1701 2624 Isti
1733 2570 1887 2626 sunt
1919 2561 2050 2626 due
2080 2561 2269 2627 olive.
2302 2572 2379 2626 ut
2404 2574 2605 2644 supra

1411 2645 1484 2710 in
1527 2647 1705 2728 sarto
1762 2659 2125 2713 sanctorum
2165 2650 2489 2732 johannis
2545 2661 2609 2714 ct

1395 2735 1610 2817 pauli.
1699 2738 1836 2802 Αῆ.
1890 2737 2009 2800 Isti
2055 2746 2212 2800 sunt
2241 2738 2362 2801 viri
2393 2741 2605 2802 sancti

1413 2843 1582 2904 quos
1614 2823 1815 2906 elegit
1844 2824 2155 2888 dominus
2184 2825 2250 2888 in
2282 2825 2605 2890 charitate

1413 2931 1548 2974 non
1594 2911 1789 2975 ficta:
1834 2920 1903 2975 et
1946 2911 2134 2976 dedit
2164 2912 2293 2976 illis
2320 2912 2603 2996 gloriam

1412 2999 1885 3080 sempiternam
1946 3018 2229 3081 quorum
2304 3001 2607 3065 doctrina

1411 3086 1624 3167 fulget
1700 3085 1975 3149 ecclesia
2052 3095 2125 3150 ut
2212 3087 2354 3151 sole
2428 3089 2601 3154 luna.

1410 3172 1745 3254 Alleluya,
1865 3175 2041 3237 Ana.
2132 3173 2249 3237 Ad
2324 3196 2607 3258 superne

1411 3261 1731 3326 claritatis
1795 3260 2117 3325 visionem
2192 3262 2278 3326 ad
2358 3263 2605 3329 Christi

1411 3349 1782 3431 potentiam
1813 3347 2215 3413 ineffabilem
2248 3351 2605 3417 introducti

1413 3445 1600 3518 petre
1660 3445 1727 3500 et
1787 3435 1985 3518 paule
2032 3438 2429 3503 sanctissimi
2483 3461 2606 3522 pro

1411 3524 1605 3588 nobis
1716 3522 2119 3588 intercedere
2222 3526 2605 3609 dignemini.

1431 3611 1496 3675 V
1485 3611 1796 3674 ersiculus
1824 3619 2039 3674 autem
2086 3611 2181 3675 ad
2223 3615 2603 3679 matutinas,

1414 3698 1677 3762 Dedisti
1736 3698 2194 3764 hereditatem.
2309 3702 2439 3766 Ad
2472 3724 2605 3766 ves·

658 3790 842 3853 Inter
895 3796 1103 3851 natos,
1195 3786 1323 3850 Ad
1395 3796 1611 3867 peras.
1707 3786 1787 3849 In
1819 3806 2087 3862 omnem
2120 3797 2361 3852 terram
2395 3791 2605 3855 exivit

141 3872 306 3940 horas
357 3877 708 3958 antiphone
762 3875 842 3938 de
897 3873 1204 3939 laudibus
1253 3882 1318 3935 et
1413 3893 1615 3936 sonus
1644 3893 1890 3938 eorum,
1938 3884 2002 3938 et
2044 3875 2301 3957 quando
2350 3885 2605 3940 tantum

137 3962 252 4026 sine
302 3965 616 4030 versibus,

139 4051 302 4113 muni
344 4052 774 4133 apostolorum
824 4070 967 4116 cum
1013 4048 1311 4114 oratione,

141 4134 300 4203 Deus
369 4140 488 4222 qui
569 4137 1086 4203 multitudinem.
1195 4136 1324 4200 Ad
1415 4137 1581 4202 τίετε.

137 4235 400 4308 vesperas
428 4237 544 4294 αῆ.
631 4225 905 4309 juravit.
965 4233 1066 4306 pff.
1115 4223 1314 4289 Dixit
1415 4243 1548 4291 um.

511 4389 528 4419 ¹
567 4387 762 4438 letitie:
799 4385 939 4438 RN.

259 4493 412 4544 vol,
447 4493 530 4547 11,

739 3963 960 4030 Cetera
1017 3961 1096 4024 de
1149 3981 1316 4026 com-
1395 3961 1494 4043 fit
1519 3959 1829 4024 memoria
1866 3960 1947 4024 de
1971 3961 2075 4024 eir.

1417 4053 1482 4126 π
1528 4048 1615 4112 In
1644 4057 1869 4114 octava
1896 4057 2107 4112 sancti
2099 4046 2441 4130 johannis·
2457 4049 2605 4134 bap-

1668 4134 1795 4198 Ad
1832 4137 2197 4198 matutinas
2223 4136 2610 4202 Invitatori-

1672 4223 1931 4305 Regem
2007 4223 2421 4304 precursoris,
2511 4235 2608 4308 pi.

1714 4386 1735 4416 ²
1766 4383 2061 4433 hodiernam
2090 4400 2101 4433 t
2138 4383 2277 4434 RN.
2334 4439 2343 4450 ,

2216 4491 2257 4538 R
2307 4491 2349 4537 R
