3117 4959
1192 275 1255 330 S.
1308 272 1584 328 NEREI
1625 272 1748 326 ET
1787 273 2225 329 SOCIORUM.

990 383 1121 438 281

460 500 695 562 miser:
742 515 865 559 nec
909 491 1185 576 principi
1217 500 1335 554 tuo
1381 489 1663 571 juliane.

460 588 652 651 Tunc
698 587 902 647 iratus
945 580 1427 645 clementianus
1470 577 1668 660 jussit

466 693 620 736 eum
668 670 1030 754 plumbatis
1076 668 1241 731 cedi.
1334 666 1466 749 Qui
1512 685 1666 728 cum

460 763 575 824 diu
624 780 812 823 cesus
864 757 1110 839 gratias
1177 755 1337 837 Jesu
1404 753 1668 818 Christo

462 848 729 912 referret
753 868 767 910 ε
794 846 987 926 jussit
1006 863 1157 906 eum
1180 842 1662 905 clementianus

462 935 791 1000 decollari.
883 932 1273 995 Decollatus
1322 928 1520 1011 igitur
1549 949 1661 990 ca-

460 1025 657 1087 nibus
712 1020 1051 1104 projicitur
1108 1019 1225 1081 sed
1286 1017 1660 1080 custoditur

461 1112 549 1174 ab
608 1111 705 1174 eis
765 1109 983 1172 illesus
1032 1116 1099 1169 et
1147 1126 1188 1169 a
1236 1103 1485 1167 familia
1538 1124 1652 1190 sua

462 1207 658 1262 nocte
718 1197 1043 1278 sepelitur.
1092 1193 1205 1256 ubi
1250 1193 1507 1275 pridem
1556 1211 1659 1254 se·

462 1287 791 1369 pelierunt
838 1292 1144 1347 sanctum
1212 1278 1682 1366 epimachum..

462 1393 745 1456 quorum
810 1379 1175 1452 martyrum
1234 1367 1564 1449 suffragiis
1617 1387 1658 1428 a

462 1461 717 1526 cunctis
814 1467 1239 1542 protegamur
1344 1455 1654 1518 adversis,

468 1549 688 1615 Cetera
731 1547 811 1610 de
852 1545 1175 1610 communi
1215 1542 1657 1623 plurimorum

463 1649 827 1718 martyrum
842 1631 1171 1716 paschalis
1200 1629 1513 1711 temporis.

466 1730 531 1803 (ἶ
554 1725 941 1789 Sanctorum
962 1729 1325 1799 martyrum
1344 1715 1551 1780 Nerei
1565 1717 1654 1778 et¹

460 1813 720 1876 achillei
744 1821 809 1874 et
821 1807 1172 1892 pancracii.
1407 1803 1655 1868 Oratio,

460 1903 792 2032 Presta
827 1915 1185 1980 quesumus
1232 1892 1658 1975 omnipotens

613 1989 779 2050 deus
810 1994 884 2047 ut
927 1983 1041 2066 qui
1086 1982 1433 2046 beatorum
1479 1980 1657 2043 nerei

461 2075 719 2139 achillei
780 2082 983 2154 atque
1026 2070 1357 2153 pancracii
1407 2077 1658 2149 marty-

462 2183 607 2225 rum
641 2172 903 2224 tuorum
938 2158 1247 2222 natalicia
1289 2157 1569 2221 colimus
1615 2176 1658 2220 a

462 2251 715 2314 cunctis
748 2247 938 2311 malis
970 2244 1512 2309 imminentibus?
1542 2265 1658 2306 eo-

462 2359 605 2401 rum
669 2333 1241 2401 intercessionibus
1288 2332 1655 2396 liberemur.

468 2427 587 2490 Per
615 2425 976 2488 dominum.
1367 2419 1586 2482 Lectio
1603 2419 1655 2500 j.

572 2534 615 2575 n
647 2512 883 2576 diebus
913 2511 1041 2573 illis
1074 2507 1507 2572 Nobilissima
1528 2507 1659 2569 vir-

572 2622 659 2682 go
690 2599 1024 2663 domicilla
1056 2597 1273 2678 neptis
1299 2594 1654 2658 domiciani

460 2689 872 2771 imperatoris
914 2707 930 2750 2
1019 2683 1309 2748 habebat
1385 2701 1654 2744 nereum

460 2786 528 2840 et
561 2776 907 2840 achilleum
954 2772 1291 2836 eunuchos
1320 2769 1654 2833 cubicula-

460 2865 629 2928 rios:
676 2883 845 2946 quos
889 2868 1157 2924 sanctus
1186 2867 1411 2943 petrus
1444 2857 1656 2921 lucra-

458 2961 566 3016 tus
627 2951 838 3015 fuerat
900 2949 1181 3014 Christe.
1322 2944 1431 3007 Illi
1500 2965 1657 3008 vero

458 3049 808 3122 pergentes
868 3037 952 3100 ad
1014 3043 1317 3099 sanctum
1365 3032 1657 3095 clemen-

459 3137 594 3191 tem
646 3128 1033 3209 episcopum
1087 3123 1421 3185 dixerunt.
1512 3120 1657 3183 Do-

460 3216 703 3280 micilla
728 3214 864 3277 filia
883 3209 1222 3294 plantille⁸
1241 3227 1391 3272 cum
1418 3206 1656 3270 aureli-

459 3324 657 3367 anum
681 3303 999 3365 illustrem
1024 3297 1298 3361 haberet
1328 3314 1648 3377 sponsum

456 3413 499 3454 a
519 3398 743 3454 nostra
769 3386 1128 3470 parvitate⁴
1152 3383 1385 3448 didicit
1407 3401 1655 3445 sermo-

458 3499 629 3542 nem.
706 3494 905 3556 quem
968 3492 1091 3536 nos
1151 3491 1239 3534 ex
1311 3490 1422 3532 ore
1483 3469 1654 3551 petri

457 3564 741 3647 apostoli
772 3561 1140 3624 didicimus
1247 3557 1447 3621 Unde
1480 3577 1654 3620 nunc

456 3653 638 3735 cupit
669 3649 1065 3732 virginitatis
1097 3665 1214 3708 sue
1246 3654 1472 3707 votum
1511 3665 1652 3708 ma-

456 3761 581 3804 nus
605 3749 718 3802 tue
742 3738 1117 3802 velamento
1142 3733 1397 3795 sacrari.
1480 3731 1553 3795 L.
1585 3732 1653 3814 ij.

591 3828 783 3891 uibus
798 3825 1083 3889 clemens
1095 3821 1440 3903 episcopus
1460 3821 1654 3885 dixit.

590 3917 886 3997 Tempus
917 3919 1019 3975 est
1047 3919 1122 3972 ut
1166 3908 1361 3971 video
1408 3908 1474 3970 in
1520 3929 1655 3988 quo

452 4015 519 4069 et
552 4025 701 4070 mea
733 4011 800 4069 et
830 4009 1049 4064 vestra
1094 4005 1161 4060 et
1208 3995 1413 4077 ipsius
1458 4016 1654 4058 voca-

451 4097 586 4157 tio:
634 4093 757 4156 hac
818 4087 1163 4152 occasione
1218 4084 1303 4146 ad
1356 4083 1654 4165 martyrii

452 4181 743 4263 palmam
805 4177 1113 4257 attingat.
1227 4171 1653 4252 Surgensque

554 4317 568 4344 ¹
608 4312 713 4361 ‘et’
736 4328 828 4360 om.
852 4326 868 4358 .·
902 4309 971 4358 ΛῙ.

552 4383 570 4410 ⁴
606 4378 883 4442 pravitate:
919 4375 971 4424 S.

549 4447 569 4478 ⁰
604 4445 775 4496 velut:
812 4441 951 4492 ΚΝ.

1430 4305 1450 4335 ²
1488 4309 1501 4331 ⁴
1520 4320 1551 4352 a
1575 4305 1718 4354 malis
1741 4306 1903 4357 imm.’
1924 4325 2022 4358 om.
2055 4329 2068 4360 ε
2105 4311 2156 4361 S.

1433 4373 1453 4400 ⁸
1485 4370 1846 4420 dioclecianum
1876 4391 1886 4422 :
1925 4375 2048 4425 R.S.
2107 4377 2498 4429 diocletianum:
2535 4381 2604 4431 N.

1435 4437 1454 4466 ’
1488 4436 1780 4488 obtineant:
1819 4439 2018 4492 R.N.S.

2269 381 2430 437 282

1767 493 2065 572 perrexit
2094 490 2180 554 ad
2214 489 2618 554 domicillam
2641 499 2710 555 et
2739 511 2978 558 conse-

1767 581 1976 642 cravit
2015 601 2184 644 eam.
2277 579 2580 662 Sponsus
2625 579 2768 661 ejus
2814 601 2978 643 con-

1767 674 2064 748 temptus
2096 667 2182 731 ab
2212 687 2292 730 ea
2321 688 2335 730 :
2384 666 2538 730 fecit
2569 688 2718 730 eam
2763 667 2977 730 chris·

1770 755 2096 818 tianitatis
2125 755 2322 818 titulo
2355 755 2645 836 relegari.
2689 765 2760 818 et
2793 757 2978 838 cepit

1765 843 1942 904 nerei
1995 851 2064 905 et
2113 842 2372 906 achillei
2423 843 2722 906 animum
2781 863 2978 906 com-

1766 949 2047 993 movere.
2172 930 2264 993 Et
2323 932 2754 1010 postmodum
2816 951 2978 993 cum

1763 1017 1993 1080 eculeo
2025 1027 2090 1080 et
2113 1016 2398 1080 flammis
2419 1017 2984 1100 compellerentur

1765 1105 1850 1167 ad
1886 1105 2370 1168 immolandum
2401 1105 2659 1187 ydolis:
2693 1116 2761 1169 et
2791 1107 2982 1169 dice-

1763 1201 1910 1255 rent
1954 1213 2026 1255 se
2079 1214 2120 1256 a
2171 1193 2372 1256 beato
2426 1202 2616 1274 petro
2661 1195 2982 1277 apostolo

1763 1281 2140 1362 baptizatos
2213 1302 2228 1344 ε
2319 1281 2635 1364 nullaque
2711 1283 2980 1346 ratione

1762 1388 1960 1450 posse
2035 1367 2252 1450 ydolis
2328 1369 2673 1432 immolare
2749 1373 2980 1452 capite

1766 1457 1899 1518 cesi
1931 1467 2104 1520 sunt.
2622 1457 2846 1521 Lectio
2876 1459 2979 1540 iij.

1761 1544 2132 1676 Sanctus
2186 1543 2386 1626 igitur
2427 1546 2820 1627 pancracius
2853 1547 2978 1608 ad-

1895 1633 2136 1696 ductus
2167 1641 2270 1696 est
2301 1632 2387 1696 ad
2421 1633 2892 1696 dioclicianum
2911 1635 2938 1671 ⁵
2964 1655 2980 1697 :

1763 1719 1866 1782 cui
1943 1729 2011 1782 et
2093 1718 2282 1783 dixit.
2435 1720 2773 1784 Infantule
2853 1722 2980 1784 tibi

1761 1807 2014 1869 suadeo
2085 1816 2160 1870 ut
2237 1808 2504 1872 recedas
2554 1809 2641 1872 ab
2713 1810 2980 1874 insania

1759 1892 2286 1958 christianorum.
2336 1905 2406 1959 et
2451 1905 2520 1959 te
2564 1917 2834 1980 semper
2865 1919 2979 1960 ve-

1762 1981 1920 2044 lud⁶
1995 1982 2203 2046 filium
2280 1983 2562 2048 habeb0.
2721 1985 2976 2048 Beatus

1763 2071 2148 2150 pancracius
2208 2070 2400 2135 dixit.
2540 2072 2700 2135 Noli
2753 2093 2973 2136 errare

1763 2159 2123 2240 imperator
2177 2179 2194 2222 :
2270 2160 2363 2222 dii
2443 2160 2540 2222 tui
2648 2161 2974 2226 demones

1761 2256 1940 2308 sunt.
2047 2246 2238 2309 Tunc
2284 2248 2488 2310 iratus
2535 2247 2971 2312 dioclicianus

1755 2333 1953 2414 jussit
1994 2343 2298 2396 sanctum
2344 2337 2767 2417 pancracium
2813 2337 2970 2400 duci

1762 2421 1828 2483 in
1888 2423 2066 2484 viam
2127 2421 2478 2487 aureliam:
2526 2433 2595 2486 et
2646 2424 2736 2487 ibi
2783 2425 2968 2506 capi-

1758 2508 1965 2572 talem
1997 2509 2214 2573 subire
2245 2511 2663 2574 sententiam.
2757 2511 2966 2577 Sanc-

1765 2597 1813 2659 ti
1877 2597 2077 2679 igitur
2143 2607 2275 2661 tres
2348 2600 2470 2661 viri
2547 2599 2654 2661 isti
2730 2619 2966 2663 nereus

1761 2691 1832 2748 et
1906 2685 2222 2748 achilleus
2296 2695 2501 2768 atque
2577 2690 2964 2769 pancracius

1762 2792 2044 2852 quorum
2118 2772 2476 2855 gloriosam
2547 2795 2966 2839 recensemus

1764 2861 2178 2941 passionem:
2253 2862 2444 2924 nobis
2507 2865 2964 2944 peccatoribus

1761 2945 2154 3028 optineant⁷
2199 2949 2656 3014 remissionem
2703 2961 2772 3014 et
2801 2950 2962 3015 lucis

1761 3045 2079 3117 perpetue
2199 3037 2754 3102 benedictionem.
2847 3059 2964 3121 per

1761 3142 1913 3186 eum
1947 3124 2061 3205 qui
2093 3124 2256 3187 vivit
2286 3134 2354 3187 et
2401 3135 2640 3206 regnat
2671 3147 2794 3208 per
2819 3147 2964 3190 om-

1763 3211 1871 3272 nia
1902 3211 2122 3273 secula
2169 3213 2348 3276 deuS.
2446 3214 2669 3278 Cetera
2695 3215 2778 3276 de
2800 3236 2964 3277 com·

1761 3297 1952 3360 muni
1956 3299 2398 3380 plurimorum
2425 3313 2792 3382 martyrum
2807 3314 2962 3384 pas-

1759 3383 1967 3448 chalis
1996 3388 2308 3468 temporis.
2339 3398 2441 3452 etc.

1765 3477 1828 3549 11
1907 3473 2147 3538 Sancti
2199 3475 2522 3540 dunstani
2575 3479 2854 3559 episcopi
2903 3489 2964 3539 et

1760 3562 2150 3640 confessoris.
2183 3562 2281 3625 ad
2301 3576 2594 3646 vesperas
2623 3575 2730 3629 aii.
2780 3566 2958 3629 Alle-

1761 3648 1894 3710 luia
1954 3650 2289 3730 pertinens
2344 3652 2442 3715 ad
2490 3654 2756 3734 feriam
2821 3675 2958 3716 cum

1744 3736 2034 3817 psalmis
2097 3739 2471 3817 ferialibus.
2571 3740 2956 3823 Capitulum.

1764 3823 1940 3887 Ecce
1989 3827 2311 3890 sacerdos,
2404 3829 2733 3908 Hymnus.
2825 3830 2957 3892 Iste

1757 3910 2111 3976 consessor.
2141 3931 2191 4000 γ
2210 3915 2508 3979 Amavit.
2533 3917 2619 3978 In
2637 3917 2957 3999 evangelio

1759 4006 1864 4062 ar‘i.
1918 4000 2272 4065 Confessor
2301 4004 2571 4067 domini.
2642 4004 2790 4068 Oro.
2855 4005 2956 4066 Da

1759 4106 2120 4168 quesumus
2143 4099 2222 4152 ut
2241 4091 2312 4153 in
2341 4093 2682 4157 communi.
2752 4098 2815 4170 {1
2843 4092 2964 4154 Aa

1760 4176 2123 4239 matutinas
2171 4178 2343 4241 Invi.
2437 4179 2784 4244 Exultent.
2858 4188 2949 4260 pf.

2441 4314 2462 4344 ⁸
2496 4315 2706 4378 plantile
2731 4335 2744 4363 ε
2781 4315 2842 4366 R.
