3117 4959
833 231 893 286 s,
946 229 1051 304 JA
1061 231 1256 291 coel
1299 232 1725 290 APOSTOLJ.

613 337 736 394 411

116 443 434 514 hominum
457 445 750 510 conversi
769 454 925 510 sunt
949 446 1033 510 ad
1055 445 1279 512 Chris-

115 545 266 600 tum.
395 531 542 597 zion
643 551 802 598 vero
898 537 1280 616 perterritus

119 631 368 707 propter
395 622 646 685 ruinam
677 621 1066 705 appollinis¹
1112 624 1280 686 ceci-

124 713 212 775 dit
239 720 304 774 et
331 709 672 792 expiravit.
821 710 1036 774 Lectio
1065 713 1278 776 tertia.

113 801 355 948 Post
385 807 666 862 mortem
693 797 906 865 aionis
951 799 1136 863 venit
1175 799 1280 881 ju-

257 885 460 950 lianus
487 885 744 967 judex:
789 887 904 969 qui
945 886 1143 968 jussit
1173 907 1283 952 ca-

114 975 348 1040 minum
383 974 654 1038 accendi
685 993 804 1056 per
831 975 1121 1038 triduum
1149 996 1167 1040 :
1205 983 1283 1038 et

107 1062 473 1130 christinam
521 1061 808 1127 immitti.
898 1061 1001 1130 At
1036 1062 1149 1128 ubi
1177 1062 1282 1130 in-

109 1170 318 1232 gressa
372 1157 474 1214 est
547 1151 884 1215 caminum
961 1151 1281 1224 laudabat

109 1238 434 1304 dominum
493 1236 718 1302 deum.
809 1238 1060 1312 Milites
1122 1259 1280 1304 vero

111 1327 566 1398 nunciaverunt
609 1325 910 1407 juliano:
971 1337 1041 1390 et
1083 1324 1281 1408 jussit

109 1423 184 1478 ut
206 1415 519 1496 aperirent
549 1414 927 1481 caminum:
971 1424 1041 1478 et
1066 1416 1281 1481 exivit

105 1501 282 1582 „virgo
305 1502 389 1566 de
416 1502 686 1566 camino
731 1501 1084 1584 splendida
1112 1503 1282 1574 sicut

103 1589 269 1657 801²:
296 1590 492 1654 deum
511 1589 812 1664 laudans.
869 1590 1062 1657 Tunc
1083 1591 1282 1674 -jussit

113 1677 336 1748 abscidi
369 1678 666 1760 linguam
698 1678 858 1760 ejus.
933 1679 1094 1762 ipsa
1123 1700 1282 1744 vero

105 1765 436 1848 §rejiciens
464 1776 730 1848 partem
777 1766 1000 1849 lingue
1034 1767 1180 1849 ejus
1211 1768 1280 1833 in

103 1854 352 1924 oculum
411 1853 660 1935 judicis
721 1855 1066 1934 excecavit
1118 1875 1279 1921 eum

105 1940 354 2010 dicens:
409 1942 778 2025 Eloquium
839 1944 948 2007 dei
1005 1944 1279 2017 veniens

107 2028 174 2091 in
225 2029 448 2094 faciem
511 2039 703 2094 tuam
779 2032 1123 2096 excecavit
1185 2042 1279 2096 0te.

117 2114 246 2181 Hec
287 2119 564 2184 audiens
607 2117 898 2201 julianus
939 2119 1137 2202 jussit
1182 2119 1279 2182 in-

109 2203 376 2276 sufficere
401 2227 576 2272 eam.
663 2207 924 2280 ‚Milites
945 2227 1103 2272 vero
1134 2227 1279 2289 per-

107 2293 407 2358 cutientae
435 2294 694 2358 camin
728 2294 933 2364 latere
955 2295 1280 2363 abierunt.

111 2377 290 2462 Ipsa
269 2402 418 2446 vero
437 2383 657 2449 oravit
673 2382 940 2448 dicens:
984 2384 1278 2447 Domine

113 2466 246 2548 Jesu
314 2471 578 2554 suscipe
653 2470 958 2554 spiritum
1033 2491 1274 2537 meum.

119 2553 194 2620 Et
237 2555 350 2622 hec
401 2558 636 2624 dicens
684 2559 905 2624 emisit
953 2560 1274 2642 spiritum.

113 2641 194 2706 ‘Et
229 2644 512 2746 julianus
534 2648 726 2730 cepit
767 2648 1086 2712 continuo
1131 2668 1278 2714 cru-

111 2729 286 2798 ciari:
327 2744 395 2799 et
441 2734 796 2818 expiravit.
909 2736 1112 2800 Passa
1156 2756 1280 2800 au-

111 2825 230 2886 tem
255 2832 354 2886 est
388 2823 595 2888 beata
635 2822 953 2895 christina
994 2823 1121 2888 sub
1168 2845 1273 2888 ur-

109 2903 266 2975 :bam
319 2919 508 2993 patre
569 2931 734 2976 suo:
807 2919 879 2976 et
938 2911 1129 2976 zion:
1202 2922 1275 2975 et

107 2987 374 3074 juliano:
417 3009 488 3064 et
519 3000 593 3064 in
625 2999 878 3082 templo
921 2998 1274 3083 appollinis

105 3091 201 3152 ,est
223 3085 514 3169 sepulta:
557 3089 656 3152 ad
691 3085 972 3153 laudem
1017 3088 1272 3154 domini

109 3174 290 3238 ‚nostri
338 3175 498 3256 Jesu
548 3174 818 3242 Christi.
917 3174 1138 3242 Cetera
1183 3175 1283 3240 ad

109 3263 438 3326 matutinas
477 3272 546 3328 et
595 3262 692 3329 ad
729 3263 925 3328 horas
971 3263 1052 3328 de
1105 3285 1273 3327 com·

105 3348 276 3412 anani
297 3352 496 3418 unius
537 3351 827 3434 virgineis·
851 3361 918 3415 et
943 3352 1272 3433 martyria

112 3451 234 3498 cum
251 3438 951 3506 orataebnedecommuni
966 3449 1248 3508 etcetera.
1249 3440 1275 3478 ³

107 3524 172 3598 ί
195 3522 312 3586 In
286 3527 518 3609 vigilia
532 3526 974 3610 sanctijacobi
987 3527 1273 3609 apostoli.

109 3607 219 3674 Ad
237 3625 519 3696 vesperas
547 3635 700 3680 ana.
789 3615 932 3679 Vos
976 3617 1090 3698 qui
1129 3615 1276 3679 reli-

102 3698 329 3778 quistis.
421 3703 522 3766 Et
545 3711 742 3771 cetere
761 3703 1106 3786 antiphone
1129 3724 1274 3768 cum

103 3787 350 3866 psalmzzs-
371 3790 734 3872 sen'cdibus
761 3801 825 3856 et
847 3800 1048 3859 cetera
1079 3791 1278 3856 unius

111 3877 362 3956 apostoli.
946 3879 1271 3961 Hymnus.

111 3963 334 4094 Bina
391 3965 656 4030 celestis
713 3965 866 4031 aule
925 3967 1274 4032 luminaria

227 4051 459 4131 jacobe
573 4073 832 4118 necnon
943 4054 1274 4137 johannes

102 4132 436 4222 theologe:
485 4142 740 4224 poscite
784 4143 980 4208 nobis
1007 4144 1272 4212 veniam

102 4229 512 4307 rogantibus:
543 4250 746 4314 quam
768 4231 952 4303 venit
972 4230 1274 4298 Christus

290 4359 305 4391 ¹
337 4361 604 4431 apollinis:
639 4364 770 4420 N.S.
1181 4367 1201 4398 ²

583 4433 602 4462 ⁴
642 4431 849 4492 ‘suum’
884 4447 1012 4488 omn
1049 4431 1114 4486 N.

233 4505 381 4562 vol..
427 4510 500 4568 11.

1240 4365 1507 4420 ‘et’addz
1543 4364 1611 4418 N.

1881 339 2022 396 412

1377 441 1589 530 gratis
1648 446 1809 510 dare
1870 444 2139 510 miseris,
2242 443 2571 526 Hymnus.

1383 535 1633 600 Annue
1679 533 1959 599 Christe.
2054 533 2278 599 Cetera
2308 531 2387 596 de
2410 553 2577 597 com-

1383 623 1573 700 muni
1600 620 1797 702 unias
1825 621 2112 706 apostoli.
2174 621 2277 684 Et
2286 619 2429 704 fiat
2456 642 2581 684 me-

1380 711 1595 785 moria
1624 710 1706 776 de
1728 719 1947 782 sancto
1988 708 2373 790 chn'stosoro
2405 729 2585 772 mar-

1375 807 1533 880 tyre.
1582 799 1715 864 Αῆ.
1766 798 1901 863 Hic
1922 806 2025 862 est
2054 817 2225 862 vere.
2275 813 2321 884 γ
2353 795 2585 862 Gloria

1381 896 1452 964 ot
1475 887 1741 956 honore.
1794 885 2041 952 Gratia.
2090 885 2320 950 Presta
2340 905 2583 968 quesu-

1376 994 1532 1054 mus
1551 985 1626 1038 ut
1642 973 1713 1038 in
1730 971 2067 1040 communi.
2099 973 2315 1037 Lectio
2329 973 2579 1056 prima.

1380 1063 1849 1196 Apostolus
1880 1062 2132 1128 domini
2163 1060 2371 1126 nostri
2414 1061 2575 1142 Jesu

1549 1151 1795 1216 Christi
1824 1150 2141 1232 jacobus:
2172 1148 2373 1214 frater
2393 1149 2573 1214 beati

1374 1237 1690 1322 johannis
1718 1237 2129 1320 evangeliste
2158 1257 2427 1302 omnem
2468 1237 2577 1320 ju-

1369 1327 1579 1392 deam
1653 1337 1724 1391 et
1782 1326 2138 1410 samariam
2212 1325 2570 1393 visitabat:

1374 1415 1743 1480 ostendens
1816 1415 2043 1479 omnia
2118 1434 2161 1479 a
2232 1413 2574 1496 prophetis

1377 1502 1730 1586 predicta
1712 1523 1780 1567 ιιι
1818 1503 2092 1566 domino
2138 1511 2366 1568 nostro
2410 1502 2571 1584 Jesu

1383 1591 1653 1656 Christo
1680 1610 1827 1655 esse
1856 1589 2209 1671 completa.
2300 1588 2574 1654 Accidit
2636 1583 2643 1590 ’

1379 1688 1608 1751 autem
1639 1679 1905 1743 cuidam
1927 1677 2312 1758 hermogeni
2334 1696 2574 1758 mago:

1381 1776 1458 1847 ut
1507 1766 1907 1851 discipulum
1966 1765 2199 1830 suum⁴
2252 1765 2576 1848 philetum

1379 1855 1654 1919 nomine
1695 1857 1989 1938 mitteret
2036 1853 2123 1918 ad
2174 1873 2347 1918 eum.
2439 1852 2574 1935 Qui

1380 1963 1533 2008 cum
1609 1943 1900 2007 venisset
1984 1961 2137 2007 cum
2218 1940 2576 2024 aliquantis

1379 2030 1701 2113 phariseis
1720 2031 1805 2096 ad
1831 2030 2147 2112 jacobum
2168 2051 2182 2094 :
2206 2028 2577 2098 conabatur

1379 2139 1712 2184 asserere:
1758 2119 1941 2201 quod
1986 2137 2121 2182 non
2165 2138 2361 2183 verus
2405 2116 2577 2181 filius

1379 2207 1487 2272 dei
1537 2215 1725 2284 ,esset
1770 2207 1963 2290 jesus
2018 2204 2320 2272 Christus
2380 2226 2578 2272 naza-

1377 2315 1626 2372 renus:
1718 2295 1906 2378 cujus
2016 2292 2399 2378 apostolum
2502 2313 2577 2361 se

1373 2385 1965 2448 commemorabat.
2031 2381 2145 2448 Re.
2225 2381 2399 2445 Ecce
2430 2401 2575 2464 ege.

1363 2480 1441 2542 et
1515 2481 1719 2535 cetera
1789 2471 2189 2555 responsoria
2261 2471 2341 2552 de
2412 2491 2577 2534 com-

1377 2559 1579 2625 muni.
2042 2559 2255 2624 Lectio
2280 2557 2576 2623 secunda.

1487 2709 1490 2712 ,
1537 2647 1784 2712 acobus
1860 2656 2086 2712 autem
2164 2647 2233 2712 in
2308 2645 2575 2728 spiritu-

1535 2745 1769 2800 sancto
1844 2733 2253 2800 confidenter
2316 2753 2573 2816 agens:

1371 2843 1609 2888 omnes
1679 2824 2075 2893 assertiones
2135 2821 2279 2904 ejus
2340 2841 2575 2886 evacu-

1375 2910 1535 2976 abat
1599 2911 1967 2976 ostendens
2034 2910 2161 2974 eis⁵
2221 2930 2311 2973 ex
2370 2910 2574 2990 scrip-

1361 3000 1538 3066 ·turis
1622 2998 1871 3063 divinis
1958 2999 2133 3062 hunc
2222 3016 2369 3061 esse
2461 3017 2571 3061 ve-

1375 3108 1522 3152 rum
1583 3085 1793 3150 filium
1851 3085 1979 3172 dei.
2094 3085 2425 3149 Reversus
2485 3086 2574 3148 ad

1363 3175 1847 3257 ‘hermogenem
1904 3171 2197 3276 philetus
2257 3173 2435 3236 dixit
2486 3173 2564 3238 ei.

1373 3263 1702 3346 jacobum
1806 3263 1949 3346 qui.
2024 3281 2287 3326 servum
2404 3260 2564 3341 Jesu

1375 3350 1625 3416 Christi
1674 3371 1749 3415 se
1792 3350 2025 3414 asserit
2070 3360 2139 3414 et
2183 3348 2563 3432 apostolum

1373 3459 1517 3504 esse
1551 3459 1569 3504 :
1642 3439 1811 3503 scias
1894 3447 1963 3503 te
2040 3457 2350 3521 superare
2428 3457 2563 3501 non

1373 3547 1585 3610 posse.
1678 3528 1945 3594 Placeat
2004 3547 2164 3610 ergo
2222 3525 2345 3591 tibi
2404 3546 2564 3589 con-

1373 3615 1591 3680 silium
1626 3635 1848 3678 meum
1896 3624 1965 3679 et
2008 3615 2158 3679 veni
2208 3615 2292 3678 ad
2345 3615 2562 3697 ipsum

1335 3712 1442 3768 ‚et
1488 3703 1753 3786 postula
1797 3703 1918 3767 tibi
1960 3702 2443 3785 indulgentiam
2476 3702 2563 3766 ab

1371 3811 1472 3855 eo,
1566 3793 1681 3855 Me
1729 3801 1957 3856 autem
2000 3790 2169 3856 scias
2214 3790 2302 3855 ad
2344 3792 2561 3874 ipsum

1373 3880 1611 3943 reverti
1638 3889 1710 3944 et
1734 3889 1957 3962 petere
1986 3900 2000 3944 :
2048 3888 2124 3943 ut
2145 3878 2202 3960 ej
2212 3899 2287 3942 us
2310 3897 2565 3941 merear

1367 3967 1909 4051 essediscipuluS.
1934 3967 2397 4047 Hermogenes
2409 3984 2566 4028 vero

1359 4055 1664 4139 repletus
1684 4055 1855 4120 zelo:
1877 4055 2092 4118 vinxit
2114 4052 2437 4136 philetum
2463 4059 2568 4116 :et

1371 4145 1590 4210 dixit:
1626 4144 1993 4207 Videamus
2024 4142 2080 4205 si
2106 4141 2386 4223 jacobus
2410 4149 2566 4203 tuus

1371 4230 1589 4296 solvat
1612 4241 1679 4300 te
1711 4231 1798 4298 ab
1828 4230 1931 4297 his
1960 4228 2254 4294 vinculis,
2300 4229 2439 4294 Lec.
2472 4227 2571 4313 iij.

1949 4366 1970 4394 ⁸
2010 4364 2139 4416 ‘eta'
2162 4365 2371 4417 otu-:M

1742 4434 1762 4461 ⁵
1794 4430 1876 4480 ei:
1912 4429 1979 4480 N.

2180 4513 2225 4562 E
2274 4514 2317 4562 E
