3117 4959
1194 261 1253 313 S.
1305 255 1774 314 EUSTACHI!
1815 258 2268 316 MARTYRJS.

1011 368 1171 424 669

486 475 949 557 sociorumque
1022 471 1169 555 ejus
1258 471 1509 536 meritis
1611 468 1682 532 in

484 564 798 630 omnibus
886 562 1371 626 tentationibus
1487 567 1680 623 tuum

486 652 681 718 nobis
726 660 948 735 presta
987 649 1357 714 auxilium:
1410 656 1481 712 et
1507 666 1683 710 sem·

486 741 822 825 piternum
869 739 1209 822 gaudium.
1286 758 1408 821 per
1464 735 1679 800 domi-

488 849 668 894 num.
1392 823 1612 888 Lectio
1619 823 1684 906 j.

486 921 583 1050 l
594 937 637 980 n
686 916 923 981 diebus
974 912 1216 998 trajani
1268 913 1686 996 imperatoris

594 1015 737 1069 erat
767 1004 1043 1086 quidam
1062 1003 1381 1086 magister
1396 1001 1683 1065 militum

488 1095 759 1158 nomine
790 1092 1129 1174 placidas:
1175 1091 1291 1174 qui
1338 1110 1488 1154 cum
1518 1109 1682 1153 con-

486 1191 677 1246 sueto
709 1200 893 1245 more
924 1180 1012 1244 ad
1038 1188 1299 1243 montes
1320 1197 1473 1242 cum
1496 1175 1682 1240 omni

486 1271 785 1334 exercitu
815 1270 1042 1334 venari
1086 1274 1427 1351 pergeret:
1472 1285 1685 1348 appa-

488 1360 619 1422 ruit
648 1359 710 1422 ei
740 1378 971 1421 cervus
996 1355 1011 1394 ¹
1048 1376 1331 1438 magnus
1363 1363 1433 1418 et
1464 1353 1682 1435 speci-

484 1468 657 1511 osus,
749 1445 969 1528 Quem
1041 1443 1273 1508 videus
1332 1441 1683 1526 placidas:

483 1536 663 1599 solus
722 1555 876 1598 eum
938 1533 1320 1616 insequitur.
1412 1529 1682 1594 Placida

484 1644 640 1687 vero
672 1623 785 1686 diu
819 1622 1181 1705 aspiciente
1226 1639 1533 1684 cervum:
1583 1619 1684 1681 in-

484 1721 589 1776 ter
646 1731 893 1775 cornua
950 1710 1123 1773 cervi
1182 1707 1351 1771 vidit
1410 1707 1678 1788 signum

486 1799 735 1865 crucis:
780 1809 851 1863 et
910 1799 977 1862 in
1040 1797 1264 1860 medio
1315 1795 1677 1877 imaginem

482 1889 641 1972 Jesu
704 1886 952 1952 Christi
1011 1886 1347 1950 dicentem
1398 1885 1566 1948 sibi:
1614 1883 1677 1947 O

482 1977 781 2060 placida:
856 1973 1016 2056 quid
1080 1992 1187 2037 me
1262 1971 1680 2054 insequeris?

488 2065 637 2147 Ego
666 2083 815 2127 sum
849 2062 1196 2128 Christus:
1242 2079 1441 2141 quem
1488 2059 1680 2140 igno-

482 2173 635 2216 rans
692 2151 907 2216 colis:
982 2160 1053 2213 et
1112 2149 1263 2213 veni
1323 2148 1676 2212 ostendere

483 2261 592 2303 me
620 2239 743 2303 tibi
776 2258 893 2322 per
924 2239 1125 2302 istum
1142 2256 1429 2300 cervum.
1477 2236 1676 2300 Nunc

479 2347 640 2410 ergo
670 2347 872 2410 perge
902 2325 989 2389 ad
1020 2324 1387 2408 johannem
1416 2323 1676 2408 episco-

476 2435 682 2499 pum:
728 2423 797 2478 et
856 2413 1193 2497 baptisare
1252 2413 1339 2476 ab
1390 2431 1488 2476 eo.
1583 2413 1675 2476 Et

476 2505 844 2568 ascendens
874 2502 941 2566 in
972 2500 1187 2566 celum
1218 2499 1412 2566 dixit.
1461 2499 1675 2565 Modo

475 2593 577 2656 vis
637 2592 881 2656 habere
940 2590 1423 2655 tentationem:
1470 2609 1556 2652 an
1605 2589 1672 2652 in

478 2680 798 2744 extremis
826 2678 1111 2744 diebus?
1202 2677 1402 2742 Dixit
1449 2685 1672 2740 eusta-

475 2769 707 2835 chius:
756 2768 1047 2832 Domine
1092 2766 1298 2830 modo
1342 2764 1536 2829 nobis
1565 2783 1674 2830 ac·

472 2859 693 2941 cipere
722 2855 1161 2922 tentationem
1186 2852 1364 2937 jube.
1427 2852 1573 2918 Lec.
1605 2851 1674 2935 ij.

480 2945 997 3080 Descendens
1062 2961 1221 3009 vero
1293 2940 1673 3006 eustachius

635 3032 950 3116 exposuit
969 3033 1196 3097 omnia
1217 3029 1489 3112 conjugi
1522 3049 1674 3095 sue:

476 3131 547 3186 et
594 3141 637 3186 a
676 3120 971 3204 johanne
1006 3120 1321 3204 episcopo
1352 3117 1671 3201 baptisati

478 3218 650 3274 sunt.
744 3209 977 3274 Paucis
1006 3228 1163 3272 vero
1194 3206 1429 3270 diebus
1459 3216 1674 3270 trans·

476 3299 645 3364 actis
703 3297 946 3362 mortui
1006 3305 1162 3361 sunt
1220 3313 1455 3360 omnes
1502 3295 1672 3359 servi

476 3387 621 3468 ejus
662 3406 679 3451 :
752 3393 822 3450 et
895 3385 1188 3449 latrones
1260 3385 1674 3466 diripuerunt

474 3475 701 3540 omnia
751 3493 883 3556 que
930 3473 1237 3536 habebat.
1332 3471 1457 3536 Ille
1516 3491 1674 3536 vero

472 3562 732 3626 occulte
762 3579 913 3626 eum
946 3581 1156 3625 uxore
1185 3569 1254 3624 et
1278 3557 1428 3623 filiis
1456 3559 1675 3624 diver-

475 3660 623 3715 tens
654 3650 739 3714 ad
783 3668 1009 3712 mare:
1056 3648 1331 3732 ingressi
1363 3657 1520 3713 sunt
1552 3669 1671 3712 na-

472 3759 644 3803 vem.
792 3737 1049 3801 Videns
1108 3737 1420 3800 dominus
1480 3736 1669 3800 navis

471 3847 751 3892 uxorem
770 3825 1121 3890 eustachii:
1152 3845 1303 3889 eam
1328 3844 1449 3907 pro
1468 3824 1670 3889 naulo

472 3917 755 3981 retinuit.
848 3913 1247 3978 Eustachius
1306 3933 1465 3976 vero
1511 3933 1666 3976 cum

466 4005 727 4070 duobus
780 4001 927 4066 filiis
982 4021 1282 4085 egressus
1328 4001 1415 4064 de
1460 4001 1613 4064 navi
1649 4022 1666 4067 :

465 4114 619 4158 cum
681 4092 1087 4176 pervenisset
1162 4089 1247 4154 ad
1324 4089 1662 4170 quendam

465 4181 779 4245 fluvium:
824 4179 1234 4261 transposuit
1264 4185 1422 4240 tunc
1452 4197 1661 4240 unum

462 4290 738 4350 puerum
774 4269 945 4332 ultra
976 4266 1268 4332 fluvium.
1362 4265 1452 4328 Et
1493 4267 1657 4329 dum

922 4443 935 4472 ¹
974 4455 1141 4490 servus
1164 4459 1175 4490 ι
1214 4439 1275 4488 R.

2299 369 2452 423 670

1785 480 1962 536 esset
1993 471 2060 534 in
2092 472 2316 538 medio
2347 472 2528 536 fluvii
2575 482 2652 539 ut
2695 484 2979 556 portaret

1783 557 2068 624 alterum
2101 561 2271 626 vidit
2317 562 2582 625 leonem
2617 563 2980 645 rapientem

1783 666 2064 729 puerum
2123 670 2317 714 suum
2373 651 2438 713 in
2495 651 2763 716 silvam.
2857 653 2985 716 Re·

1783 757 2012 800 versus
2049 747 2276 802 autern
2307 759 2498 822 spem
2528 739 2802 804 habens
2831 739 2987 804 alte-
3065 823 3068 828 ¹

1785 824 1964 890 rius:
2009 825 2296 890 intendit
2345 827 2577 910 lupum
2615 829 2988 910 rapientem

1783 911 2066 978 alterum
2126 913 2356 979 filium.
2459 915 2780 980 Pastores
2841 939 2990 982 vem
3065 931 3068 1002 ;

1781 1021 1992 1065 unum
2039 1001 2485 1068 liberaverunt
2529 1024 2574 1067 a
2629 1004 2880 1070 leone:
2929 1017 2991 1070 et
3064 1009 3068 1024 ⁴

1783 1096 2076 1154 aratores
2124 1090 2328 1156 alium
2378 1113 2418 1154 a
2466 1090 2648 1176 lupo,
2751 1093 2988 1158 Eusta-
3065 1093 3068 1098 ’

1781 1176 1971 1240 chius
2021 1178 2224 1260 igitur
2281 1181 2630 1246 nesciens:
2679 1183 2854 1264 quid
2910 1185 2992 1246 de

1782 1265 1880 1330 eis
1908 1264 2159 1331 sactum
2192 1277 2410 1332 esset:
2457 1269 2628 1333 abiit
2657 1271 2756 1334 ad
2789 1292 2995 1353 quen-

1781 1354 1942 1417 dam
1993 1356 2213 1420 vicum
2245 1365 2314 1420 et
2343 1357 2640 1440 degebat
2671 1358 2777 1422 ibi
2807 1361 2994 1424 annis

1781 1441 2180 1524 quindecim.
2316 1444 2656 1510 Dominus
2771 1457 2994 1512 autem

1782 1531 1971 1594 navis
2001 1551 2136 1595 non
2167 1533 2391 1615 tetigit
2443 1555 2740 1598 uxorem
2775 1547 2994 1601 eusta-

1779 1618 1928 1684 chii.
2021 1619 2182 1684 Post
2203 1620 2325 1685 hec
2355 1621 2422 1686 in
2454 1631 2636 1686 terra
2667 1623 2792 1687 illa
2822 1625 2994 1689 facto

1779 1705 2076 1771 hostium
2111 1709 2406 1774 incursu:
2439 1712 2824 1792 imperator
2851 1733 2994 1796 pre-

1779 1796 1960 1877 cepit
1983 1795 2302 1860 militibus
2327 1798 2758 1863 eustaehium
2781 1802 2992 1884 inqui·

1781 1883 1850 1947 ri.
1947 1883 2038 1948 Et
2087 1905 2170 1948 eo
2217 1885 2492 1950 invento
2538 1907 2865 1969 egressus
2895 1900 2994 1954 est

1779 1971 2142 2053 imperator
2169 1973 2236 2036 in
2268 1993 2622 2038 occursum
2653 1975 2811 2057 ejus
2841 1998 2993 2042 cum

1779 2056 2000 2124 leticia
2060 2081 2350 2142 magna:
2425 2072 2496 2127 et
2554 2065 2864 2146 cingitur
2921 2077 2998 2130 ut

1777 2149 1974 2230 post²
2020 2148 2238 2213 suerat
2291 2152 2616 2232 magister
2677 2154 2996 2219 militum.

1787 2237 2328 2370 congregatis.
2354 2259 2514 2303 vero
2581 2239 2838 2324 [Lectio
2899 2243 2999 2325 iij.

1911 2325 2170 2389 cunctis
2215 2326 2568 2410 tyronibus
2598 2349 2840 2394 coram
2871 2351 2998 2395 eo:

1775 2422 2226 2494 apparuerunt
2275 2415 2446 2478 inter
2495 2435 2618 2480 eos
2680 2419 2830 2482 duo
2879 2419 2998 2484 filii

1775 2499 1963 2584 ejus:
2008 2502 2244 2584 grandi
2290 2512 2592 2568 statura:
2639 2515 2716 2571 et
2767 2507 2998 2572 decori

1774 2587 1986 2652 valde.
2080 2589 2270 2672 Quos
2329 2589 2442 2654 ille
2495 2594 2868 2661 constituit
2929 2599 3000 2660 in

1775 2677 2143 2741 ministerio
2201 2699 2366 2745 suo:
2413 2679 2746 2762 ignorans
2809 2685 3000 2766 quod

1773 2763 1893 2829 filii
1921 2765 2068 2847 ejus
2095 2777 2334 2832 essent.
2425 2767 2856 2836 Eustachius
2885 2795 3002 2838 au·
3061 2815 3063 2818 ⁴

1771 2859 1914 2918 tem
1945 2853 2281 2936 profectus
2311 2864 2414 2920 est
2441 2857 2530 2920 ad
2563 2857 2838 2924 bellum
2869 2885 2888 2926 :
2933 2871 2998 2925 et

1772 2938 2078 3005 hostibus
2151 2942 2469 3026 subjectis
2508 2966 2525 3010 :

1773 3047 1952 3092 uxor
1977 3049 2099 3094 sua
2127 3042 2287 3097 erat.
2381 3032 2528 3096 Filii
2561 3055 2734 3099 vero
2767 3035 2994 3121 hospi-

1760 3117 1900 3184 ,tati
1929 3116 2193 3183 suerunt
2247 3119 2315 3184 in
2365 3121 2819 3189 tabernaculo
2851 3147 2994 3191 ma-
3059 3157 3061 3170 ·

1773 3205 1892 3270 tris
1952 3226 2072 3270 sue
2102 3228 2120 3272 :
2195 3208 2564 3274 nescientes
2627 3232 2794 3278 eam
2833 3235 2858 3280 ε
2931 3225 2993 3279 et

1771 3295 2084 3359 sedentes
2106 3296 2540 3379 exponebant
2569 3299 2665 3363 de
2699 3302 2992 3367 infantia

1771 3403 1894 3446 sua
1913 3392 2127 3448 matre
2144 3405 2374 3448 eorum
2394 3387 2738 3454 audiente.
2789 3392 2991 3456 Dixit

1771 3469 1976 3536 frater
2005 3472 2218 3554 major
2249 3474 2486 3537 minori
2513 3496 2530 3540 :
2567 3475 2736 3542 Hoc
2765 3479 2991 3544 habeo

1772 3558 1840 3623 in
1875 3568 2137 3625 mente:
2174 3561 2356 3642 quod
2387 3571 2580 3644 pater
2611 3585 2815 3630 meus
2849 3589 2988 3631 ma·

1769 3648 1977 3730 gister
2033 3648 2160 3712 suit
2219 3649 2506 3714 militum
2535 3671 2552 3716 :
2631 3664 2707 3718 et
2771 3669 2990 3721 mater

1769 3754 1922 3799 mea
1950 3737 2252 3817 speciosa
2279 3737 2495 3803 valde.
2557 3739 2680 3804 Me
2711 3752 2790 3807 et
2817 3745 2985 3810 alte-

1769 3843 1915 3887 rum
1960 3823 2170 3888 filium
2226 3825 2586 3893 habebant.
2685 3830 2988 3915 Ingress‘

1767 3919 1925 3976 sunt
1954 3913 2178 3978 navim
2209 3914 2556 3978 nobiscum
2587 3937 2606 3981 :
2652 3927 2732 3982 et
2765 3941 2984 4004 egres-

1761 4001 1868 4064 si:
1917 4010 2132 4064 mater
2162 4013 2390 4066 nostra
2435 4004 2808 4072 nobiscum
2851 4030 2984 4072 non

1767 4096 1926 4153 erat.
2021 4088 2264 4154 Postea
2321 4111 2480 4155 vero
2538 4092 2726 4158 circa
2777 4117 2980 4162 unum

1765 4175 2042 4241 fluvium
2121 4177 2315 4260 lupus
2391 4181 2618 4262 rapuit
2705 4184 2978 4250 fratrem

1765 4285 1990 4328 meum
2025 4267 2351 4330 minorem
2381 4289 2423 4332 a
2451 4277 2648 4350 patre
2681 4292 2862 4338 meo.
2917 4284 2980 4336 et

2021 4439 2040 4468 ⁹
2073 4454 2165 4504 pro
2195 4443 2334 4503 ‘post
2356 4440 2370 4463 ’
2396 4441 2574 4504 prius:
2615 4444 2680 4496 R.

2617 2949 2822 3014 venit
2885 2951 2994 3014 ubi
3061 2979 3063 2982 ⁴

2973 4523 3052 4920 l
