3117 4959
720 287 729 298 .
784 245 849 302 S.
898 245 1261 303 PAULINI
1300 243 1962 312 ARCHIEPISCOPI.

657 353 776 408 611

152 458 539 544 predicante¹
572 459 771 523 beato
810 459 1085 542 paulino
1114 459 1315 524 fidem

152 547 428 630 suscepit.
476 546 655 610 Huic
674 557 897 611 autem
917 548 1101 630 genti
1122 567 1308 612 occaq

152 638 241 701 sio
281 636 395 698 fuit
436 635 853 717 percipiende
883 635 1081 700 fidei:
1128 634 1311 718 quod

150 723 415 806 prefatus
432 742 549 784 rex
561 722 620 804 ej
628 743 703 786 us
714 724 1111 805 cognatione
1121 723 1313 804 junc-

152 822 246 876 tus
272 819 367 876 est
393 809 657 892 regibus
685 813 1171 876 cantuariorum
1202 830 1311 874 ac-

150 909 323 980 cepta
352 899 415 962 in
434 898 789 980 conjugem
820 899 1143 963 adilberta
1174 898 1311 964 filia

150 987 429 1050 adilberti
460 987 633 1068 regis
666 1007 680 1050 :
718 988 830 1069 qui
872 987 1007 1051 alio
1040 988 1310 1051 nomine

144 1083 269 1138 teta
284 1075 307 1112 ²
332 1075 705 1139 vocabatur.
989 1076 1210 1139 Lectio
1239 1075 1308 1156 ij.

138 1162 458 1292 Hujus
481 1163 886 1226 consortium
908 1183 1061 1226 cum
1094 1164 1309 1247 primo

315 1250 525 1313 missis
556 1250 811 1332 prothis
852 1271 893 1314 a
936 1249 1135 1314 fratre
1166 1251 1309 1332 ejus

139 1337 483 1402 eadbaldo:
531 1339 643 1420 qui
697 1349 857 1403 tunc
905 1358 1111 1421 regno
1155 1359 1311 1403 can-

140 1426 477 1490 tuariorum
542 1435 801 1508 preerat
856 1435 1112 1509 peteret
1146 1447 1161 1490 :
1212 1446 1310 1490 re-

138 1532 432 1593 sponsum
497 1523 598 1577 est
657 1534 791 1578 non
852 1535 997 1578 esse
1058 1514 1311 1578 licitum

138 1599 543 1664 christianam
590 1603 913 1684 virginem
944 1622 1211 1686 pagano
1242 1603 1310 1665 in

134 1688 465 1770 conjugem
501 1689 679 1754 dari:
724 1690 836 1772 qui
869 1691 1003 1753 veri
1034 1691 1143 1754 dei
1172 1690 1311 1753 cul-

136 1783 231 1838 tus
252 1797 515 1857 prorsus
540 1787 714 1842 esset
738 1781 1021 1860 ignarus.
1114 1777 1267 1861 Que
1286 1777 1312 1816 ⁸

132 1883 267 1926 cum
297 1866 557 1928 edwino
579 1867 781 1929 verba
812 1867 1031 1930 nuncii
1062 1866 1309 1948 profer-

132 1961 262 2014 rent
306 1954 613 2034 promisit
660 1964 735 2018 ut
780 1954 979 2017 fidem
1026 1954 1310 2018 cultum-

129 2058 246 2120 que
275 2041 610 2122 religionis
653 2062 807 2106 cum
852 2042 1161 2105 omnibus
1193 2042 1307 2124 qui

128 2145 337 2190 secum
401 2130 743 2194 venissent
801 2150 986 2193 more
1049 2129 1307 2193 christi-

126 2232 245 2278 ano
270 2226 585 2281 servaret.
966 2217 1181 2281 Lectio
1209 2217 1307 2300 iij.

123 2304 532 2434 Mittitur
558 2306 785 2386 itaq'ue
806 2306 994 2386 virgo
1014 2306 1308 2369 edwino:

300 2391 511 2472 juxta
553 2393 734 2475 quod
780 2394 1175 2475 dispositum
1208 2394 1307 2456 fu·-

123 2487 265 2540 erat.
314 2479 688 2546 Ordinatur
716 2483 1065 2565 episcopus
1096 2482 1309 2565 pauli-

122 2584 235 2628 nus
290 2587 331 2630 a
384 2569 577 2650 justo
628 2569 1123 2653 archiepiscopo
1180 2571 1307 2634 sub

118 2653 215 2716 die
253 2656 659 2720 duodecimo
704 2657 1139 2721 kalendarum
1190 2679 1307 2722 au·

116 2750 447 2822 gustatum
473 2767 496 2810 :
531 2765 707 2808 anno
738 2745 824 2809 ab
855 2746 1308 2809 incarnatione

115 2829 355 2895 domini
408 2834 905 2897 sexcentesimo
963 2835 1307 2898 vicesimo-

117 2919 381 2997 quinto:
426 2931 501 2984 et
552 2923 646 2984 sic
692 2942 847 2986 cum
893 2921 1151 3004 prefata
1178 2923 1307 2984 vir-

111 3004 257 3086 gine
306 3010 393 3072 ad
446 3029 675 3091 regem
724 3009 1057 3074 edwinum
1116 3011 1307 3092 quasi

112 3111 325 3158 comes
373 3098 663 3160 carnalis
712 3098 947 3180 copule
996 3099 1307 3162 advenit:

106 3190 169 3244 et
200 3182 491 3248 multum
528 3185 853 3251 laboravit
901 3196 974 3249 ut
1026 3206 1141 3249 eos
1192 3187 1305 3268 qui

104 3287 321 3334 secum
353 3283 684 3336 venerant
710 3295 725 3338 :
758 3274 825 3337 in
860 3273 990 3337 fide
1010 3275 1309 3338 contine-

102 3367 235 3423 ret:
266 3368 336 3423 et
360 3361 537 3424 alios
567 3363 621 3424 si
656 3362 899 3443 poterit
918 3363 1002 3426 de
1029 3363 1306 3444 pag-anis

100 3445 178 3508 ad
210 3451 505 3528 gratiam
538 3449 689 3513 fidei
720 3450 1119 3532 predicando
1148 3470 1305 3513 con-

100 3544 395 3600 verteret.
939 3538 1155 3601 Lectio
1185 3538 1308 3620 iiij.

109 3625 341 3756 Cum
371 3647 537 3689 vero
561 3625 857 3690 edwinus
868 3635 1307 3708 persequente

228 3711 421 3777 illum
458 3714 795 3778 edilfrido:
826 3715 940 3797 qui
966 3725 1122 3778 ante
1152 3734 1305 3777 eum

100 3803 439 3881 regnavit:
489 3801 652 3865 dum
698 3803 877 3884 apud
912 3802 1304 3866 redualdum

100 3906 315 3969 regem
330 3889 691 3972 anglorum
705 3890 1009 3954 exularet
1025 3892 1164 3973 :qui
1183 3890 1308 3954 sibi

100 3995 281 4040 suum
338 3978 677 4042 auxilium
720 3981 786 4042 in
820 3979 1125 4042 omnibus
1158 4000 1309 4062 pro-

100 4065 307 4130 misit:
360 4087 444 4128 ac
504 4067 745 4131 deinde
800 4068 1181 4131 muneribus
1230 4087 1307 4131 ac

100 4153 647 4232 promissionibus
707 4155 993 4218 edilfridi
1038 4175 1308 4237 corrup-

100 4259 229 4306 :us:
286 4244 635 4306 edwinum
676 4243 979 4308 hostibus
1010 4245 1145 4307 suis
1179 4255 1308 4307 tra-

283 4381 299 4410 ¹
343 4379 603 4428 ‘a’addz
642 4379 778 4428 R.N.

358 4447 377 4477 ⁴
420 4447 699 4495 ‘an’om.:
737 4446 799 4495 R.
872 4461 964 4510 pro
994 4445 1232 4495 ‘an'utz
1268 4445 1333 4494 N.

1249 4380 1270 4409 2
1302 4378 1416 4428 tade
1436 4397 1449 4427 ι
1485 4375 1624 4426 RN.

1951 355 2094 410 612

1414 459 1575 524 dere
1605 459 2026 542 disponeret:
2076 469 2144 525 et
2183 460 2272 525 ob
2301 461 2427 525 hoc
2467 471 2622 527 ante

1416 547 1740 628 palatium
1775 549 1996 612 media
2019 558 2214 612 nocte
2248 559 2498 614 mestus
2521 572 2623 614 se-

1412 637 1638 699 deret:
1669 638 1830 718 quid
1855 646 2082 719 ageret
2107 657 2358 718 :quove
2378 638 2618 720 pedem

1412 722 1499 786 ab
1529 724 1811 788 inimicis
1840 734 2125 788 verteret
2155 725 2452 790 nescius:
2482 726 2620 790 tale

1410 810 1536 874 sibi
1560 811 1878 876 divinitus
1902 823 2241 876 ostensum
2265 823 2368 876 est
2390 833 2620 878 oracu-

1410 897 1564 964 lum.
1644 900 1764 963 Vir
1791 909 2014 964 autem
2049 902 2316 982 ignotus
2345 901 2468 963 sibi
2501 922 2621 984 ap-

1408 987 1864 1071 propinquans
1905 988 2088 1051 illum
2138 990 2567 1070 interrogavit
2601 1011 2618 1054 :

1409 1094 1613 1156 quare
1635 1079 1868 1139 ceteris
1880 1076 2368 1158 quiescentibus
2381 1076 2490 1140 ille
2509 1097 2620 1139 so·-

1410 1161 1511 1226 lus
1533 1172 1784 1226 mestus
1815 1164 2090 1246 pervigil
2109 1164 2221 1227 illa
2245 1163 2405 1228 hora
2425 1164 2618 1228 sede-

1408 1259 1525 1314 ret.
1569 1250 1668 1314 At
1690 1248 1797 1314 ille
1817 1253 2103 1315 vicissim
2126 1253 2616 1316 sciscitabatur:

1409 1338 1570 1421 quid
1603 1338 1689 1403 ad
1722 1359 1874 1402 eum
1915 1339 2287 1422 pertineret.
2377 1340 2518 1403 Lec.
2551 1361 2616 1404 v.

1411 1428 1870 1560 Respondit
1901 1428 2002 1489 vir
2031 1427 2140 1490 ille
2174 1428 2280 1490 Ne
2314 1447 2420 1490 me
2460 1429 2617 1491 esti-

1562 1534 1704 1578 mes
1736 1524 1850 1576 tue
1880 1515 2168 1578 mestitie
2199 1535 2468 1578 causam
2501 1535 2616 1578 ne-

1414 1601 1598 1665 scire.
1684 1602 1758 1666 Si
1789 1622 1948 1684 ergo
1979 1603 2128 1684 quis
2157 1613 2436 1666 ventura
2468 1622 2614 1684 pre,

1412 1689 1660 1752 dixerit
1713 1690 1838 1754 tibi
1872 1711 1887 1754 :
1943 1710 2102 1752 num
2153 1690 2212 1752 ei
2267 1689 2614 1773 obtempe-

1412 1797 1556 1840 rare
1615 1777 1947 1840 consentis
1991 1777 2016 1840 ?
2129 1778 2255 1842 Cui
2319 1778 2612 1841 edwinus

1412 1864 1763 1947 pollicetur
1809 1866 1878 1928 in
1925 1865 2236 1928 omnibus
2265 1886 2338 1928 se
2367 1865 2610 1928 doctri-

1412 1972 1569 2016 nam
1601 1952 1746 2034 ejus
1794 1963 2216 2018 secuturum:
2261 1955 2314 2015 si
2367 1973 2520 2016 eum
2569 1973 2612 2018 a

1410 2040 1717 2123 periculis
1778 2043 1980 2104 tantis
2041 2042 2365 2122 eripuerit.
2459 2041 2611 2104 Pre-

1410 2128 1629 2192 dictus
1659 2128 1864 2192 homo
1895 2130 2244 2192 dexteram
2277 2149 2468 2192 suam
2501 2150 2608 2193 ca-

1408 2217 1531 2298 piti
1565 2217 1736 2298 regis
1766 2217 2116 2298 imponens
2162 2218 2376 2280 dixit:
2432 2217 2606 2281 Cum

1408 2303 1535 2366 hoc
1597 2306 1859 2385 signum
1923 2305 2042 2367 tibi
2105 2305 2396 2367 evenerit
2470 2324 2610 2368 me-

1408 2399 1639 2456 mento
1669 2391 1864 2474 hujus
1894 2391 2156 2474 loquele
2185 2401 2425 2456 nostre.
2515 2391 2610 2456 Et

1410 2481 1511 2544 his
1573 2478 1799 2544 dictis'
1827 2481 2166 2562 disparuit.
2289 2481 2608 2544 Edwinus

1410 2569 1655 2631 inimici
1691 2568 1860 2649 regis
1893 2568 2164 2632 insidias
2210 2589 2342 2631 non
2389 2567 2604 2630 solum

1409 2657 1686 2720 vitavit:
1735 2657 1852 2718 sed
1907 2656 2125 2719 eidem
2160 2665 2506 2738 perempto
2537 2657 2608 2718 in

1409 2764 1686 2826 regnum
1719 2743 2066 2807 successit:
2111 2753 2180 2806 et
2211 2752 2434 2807 tamen
2468 2763 2606 2806 cre·

1407 2833 1566 2897 dere
1597 2831 1869 2895 distulit.
2274 2830 2488 2893 Lectio
2517 2831 2604 2911 ‘²37⁰-

1421 2921 1663 3053 Cum
1696 2939 1852 3000 ergo
1900 2917 2192 3000 quadam
2223 2919 2334 2981 die
2365 2919 2604 2981 iterum

1550 3007 1730 3070 solus
1782 3007 2078 3069 sederet:
2125 3007 2456 3087 ingressus
2516 3006 2603 3068 ad

1410 3115 1564 3158 eum
1597 3097 1694 3158 vir
1723 3095 1830 3158 dei
1855 3093 2200 3176 paulinus:
2227 3094 2603 3175 imponens-

1409 3203 1539 3265 que
1601 3185 1951 3246 dexteram
2010 3182 2211 3262 capiti
2274 3181 2416 3262 ejus
2445 3201 2458 3245 :
2536 3190 2605 3244 et

1409 3291 1495 3334 an
1518 3271 1543 3308 ⁴
1575 3271 1702 3335 hoc
1747 3271 2012 3352 signum
2045 3278 2472 3351 cognosceret
2505 3289 2604 3331 re-

1408 3360 1691 3440 quisivit.
1787 3359 1919 3441 Qui
1971 3377 2124 3421 cum
2177 3367 2468 3420 tremens
2515 3357 2602 3420 ad

1409 3449 1614 3530 pedes
1647 3450 2002 3529 procedere
2025 3445 2051 3482 ⁵
2079 3444 2280 3509 vellet
2309 3467 2323 3510 :
2357 3444 2606 3509 levavit

1407 3555 1561 3598 eum
1591 3557 1606 3598 :
1651 3545 1720 3598 et
1751 3534 2045 3617 precepit
2074 3554 2089 3598 :
2137 3541 2210 3596 ut
2240 3533 2419 3616 quod
2453 3553 2604 3615 pro-

1410 3624 1677 3687 miserat
1754 3643 1888 3686 non
1964 3621 2271 3685 differret.
2377 3621 2605 3685 Predi-

1404 3719 1600 3776 cante
1649 3732 1806 3794 ergo
1857 3711 2132 3774 verbum
2178 3710 2286 3773 dei
2331 3709 2606 3792 paulino

1409 3800 1672 3881 prebuit
1704 3799 1926 3882 palam
1959 3818 2298 3862 assensum
2321 3816 2606 3877 evange-

1410 3889 1648 3952 lisandi
1711 3908 1848 3951 rex.
1972 3886 2346 3948 Destructis
2405 3885 2608 3965 igitur

1407 3979 1537 4041 aris
1571 3985 1639 4039 et
1669 3975 1906 4057 phanis
1939 3973 2263 4037 idolorum
2294 3993 2309 4034 :
2351 3972 2608 4053 accepit

1410 4086 1531 4128 rex
1564 4065 1857 4127 edwinus
1903 4081 2054 4125 cum
2098 4061 2354 4123 cunctis
2390 4061 2610 4140 gentis

1410 4173 1527 4217 sue
1567 4151 1896 4215 nobilibus
1939 4169 2014 4212 ac
2053 4147 2248 4230 plebe
2291 4147 2610 4229 perpluri-

1411 4262 1523 4304 ma
1571 4241 1773 4303 fidem
1825 4246 1896 4300 et
1945 4235 2324 4302 lavachrum
2377 4245 2608 4300 sancte

2109 4372 2130 4402 ⁸
2162 4369 2298 4433 Qui:
2333 4370 2402 4421 N.

1807 4441 1828 4470 ⁵
1861 4436 2156 4504 procidere:
2193 4437 2330 4486 RN.
