3117 4959
1022 227 1129 280 IN
1168 226 1798 284 EXALTATIONE
1837 225 2180 281 SANCTE
2229 223 2530 280 CRUCJS.

1056 335 1203 390 557

525 443 883 528 pependit:
934 443 999 505 in
1058 463 1191 524 qua
1254 441 1554 506 Christus
1609 443 1726 505 tri-

526 533 915 616 umphavit:
964 541 1032 594 et
1069 551 1247 594 mors
1294 541 1576 593 mortem
1619 553 1727 593 su-

522 622 784 705 peravit
812 618 979 682 all’a.
1054 628 1151 700 pf.
1203 619 1533 682 Dominus
1581 639 1728 699 reg·-

526 711 711 774 navit
770 707 1047 772 exultet.
1138 724 1186 786 γ
1242 707 1481 771 Omnis
1533 717 1724 770 terra.

522 801 675 930 ln
696 796 810 860 illo
831 806 1165 876 tempore:
1194 795 1391 857 Dixit
1420 795 1581 877 [Sec.
1608 795 1724 858 luc.

628 885 823 965 Jesus
870 882 1211 964 discipulis
1240 885 1375 945 suis
1404 903 1418 946 :
1458 902 1592 945 non
1623 893 1750 946 est·

526 973 722 1036 arbor
780 973 1009 1036 bona:
1074 991 1205 1053 que
1264 971 1421 1034 facit
1477 971 1726 1034 fructus

526 1060 739 1124 malos
780 1079 998 1142 neque
1038 1059 1232 1122 arbor
1263 1059 1441 1121 mala
1479 1058 1727 1122 faciens

524 1148 809 1214 fructum
835 1168 850 1210 :
882 1148 1151 1212 bonum.
1242 1147 1335 1210 Et
1366 1146 1636 1229 reliqua.

529 1237 785 1302 Omelia
837 1233 1218 1300 venerabilis·
1276 1235 1423 1298 bede
1466 1234 1726 1316 presby-

527 1325 666 1388 teri.
1375 1323 1589 1386 Lectio
1611 1322 1726 1404 vij.

683 1420 850 1476 uxta
879 1411 1313 1494 principalem
1360 1421 1429 1474 et
1474 1411 1725 1473 licitam

522 1414 680 1588 J
682 1499 1189 1582 intelligentiam
1280 1499 1459 1562 bona
1532 1499 1728 1561 arbor

524 1589 739 1654 bonus
788 1589 928 1670 ipse
981 1587 1290 1651 dominus
1320 1587 1726 1668 intelligitur.

528 1677 711 1740 Hec¹
740 1678 918 1740 enim
942 1676 1139 1740 arbor
1166 1695 1297 1757 que
1329 1676 1413 1737 de
1438 1675 1581 1738 celo
1611 1675 1729 1738 de-

522 1766 847 1830 scendens
864 1765 1046 1828 omni
1074 1762 1335 1828 macula
1357 1772 1426 1826 et
1451 1770 1726 1844 peccato

520 1873 790 1918 carens:
842 1852 1111 1915 arbores
1170 1851 1503 1933 quasque²
1551 1851 1728 1914 bone

520 1942 745 2026 stirpis
789 1940 1078 2004 reddidit
1124 1938 1419 2005 fertiles:
1467 1949 1533 2002 et
1579 1940 1726 2000 uni-

520 2049 711 2092 verso
728 2028 978 2091 mundo
992 2027 1202 2091 utiles.
1238 2027 1595 2110 Propterea
1613 2047 1724 2090 ea-

522 2120 677 2178 dem
700 2115 895 2178 arbor
911 2115 996 2178 de
1014 2135 1087 2178 se
1108 2115 1303 2178 dicit:
1326 2115 1481 2178 Non
1502 2123 1604 2177 est
1624 2135 1727 2177 ar·-

522 2205 646 2267 bo'r
667 2204 846 2267 bona
876 2223 1007 2285 que
1027 2202 1184 2268 facit
1214 2201 1465 2269 fructus
1493 2202 1722 2266 malos

528 2291 682 2356 Hoc
744 2301 847 2355 est
890 2311 905 2357 :
952 2291 1108 2372 quia
1160 2291 1303 2354 sine
1351 2311 1461 2354 me
1522 2310 1722 2358 nemo

523 2379 773 2444 fructus
826 2378 1039 2442 bonos
1086 2377 1384 2460 profert:
1432 2379 1603 2442 sicut
1657 2388 1726 2442 et

521 2467 679 2530 alibi
741 2468 981 2530 dicitur
1042 2467 1261 2530 Nemo
1322 2467 1536 2530 bonus
1599 2468 1724 2531 nisi

522 2575 693 2619 unus
746 2555 925 2620 deus.
1017 2555 1132 2620 Re.
1183 2554 1245 2619 O
1296 2576 1461 2620 crux
1512 2555 1726 2618 fidelis

520 2645 694 2706 inter
722 2663 955 2706 omnes
1002 2643 1305 2706 arbores⁸
1354 2645 1549 2706 arbor
1593 2664 1726 2707 una

522 2731 800 2800 nobilis:
833 2731 1017 2796 nulla
1046 2733 1209 2795 silva
1242 2731 1445 2795 talem
1478 2731 1726 2814 profert

524 2820 759 2884 fronde
836 2820 995 2883 flore
1070 2821 1383 2902 germine.
1510 2820 1726 2884 Dulce

524 2909 777 2990 lignum
810 2909 1037 2972 dulces
1070 2909 1293 2972 clavos
1324 2908 1521 2972 dulce
1552 2929 1724 2989 pon-

526 2998 652 3062 dus
706 2999 1031 3062 sustinuit.
1122 3014 1171 3084 7
1236 2997 1453 3078 Super
1500 2997 1727 3062 omnia

507 3085 708 3174 ‘ligna
738 3087 1083 3149 cedrorum
1111 3095 1181 3149 tu
1208 3085 1351 3149 sola
1380 3084 1723 3148 excelsior.

532 3173 744 3241 Dulce
778 3175 1049 3256 lignum.
1338 3173 1557 3236 Lectio
1587 3173 1727 3254 viij.

530 3263 767 3392 Rex
827 3282 982 3324 vero
1032 3262 1304 3325 eraclius
1364 3263 1728 3344 suscipiens

678 3348 929 3430 lignum
963 3359 1191 3428 sancte
1210 3351 1417 3412 crucis
1436 3348 1730 3412 hieroso-

532 3437 782 3517 lymam
878 3447 1204 3518 properat.
1342 3437 1730 3518 Omnesque

534 3522 760 3606 populi
822 3525 1191 3605 gaudentes
1252 3545 1403 3590 cum
1458 3525 1730 3606 hymnis

532 3620 602 3676 et
647 3613 919 3677 canticis
980 3613 1039 3674 ei
1100 3612 1364 3678 obviam
1428 3623 1732 3694 pergunt.

538 3700 845 3781 Cumque
904 3700 989 3762 de
1037 3711 1265 3764 monte
1330 3699 1555 3764 oliveti
1619 3701 1725 3764 de-

536 3789 794 3852 scendit
832 3809 845 3854 :
922 3798 988 3851 et
1050 3807 1167 3870 per
1241 3808 1388 3853 eam
1468 3798 1733 3870 portam

535 3897 738 3961 quam
758 3877 1067 3940 dominus
1088 3877 1445 3942 intraverat
1462 3877 1736 3958 quando

536 3966 621 4029 ad
655 3967 1030 4047 passionem
1056 3975 1363 4030 venerat:
1398 3966 1539 4048 ipse
1561 3987 1736 4048 equo

534 4055 718 4136 regio
802 4055 1209 4118 ornamentis
1285 4055 1738 4137 imperialibus

538 4144 887 4222 decoratus
948 4143 1187 4206 sedens
1255 4143 1574 4208 voluisset
1639 4143 1734 4204 in-

538 4240 713 4294 trare
746 4251 762 4296 :
838 4241 1109 4314 repente
1186 4229 1443 4314 lapides
1544 4239 1738 4312 porte

672 4351 690 4382 ⁸
726 4350 866 4402 ΗΜ
902 4351 1187 4469 pinnum„
1222 4419 1304 4469 w.
1316 4419 1376 4468 R.
1388 4419 1438 4468 s,

1363 4353 1385 4382 ²
1416 4365 1769 4417 quascunque:

2341 333 2497 388 558
3010 335 3013 436 b

1829 441 2147 504 cadentes
2177 459 2249 502 se
2277 439 2655 503 clauserunt
2701 440 2964 505 invicem:

1829 539 1898 592 et
1929 528 2146 592 factus
2175 538 2278 592 est
2309 530 2527 609 paries
2557 549 2738 590 unus,
2811 529 2966 592 Cum·

1829 637 1960 700 que
1984 617 2379 680 mirarentur
2397 617 2696 680 attoniti:
2719 617 2966 682 viderunt

1828 707 2091 786 signum
2111 705 2322 766 crucis
2345 705 2412 766 in
2435 705 2598 768 celo.
2649 705 2734 766 Et
2751 705 2969 786 angelus

1826 793 2081 856 domini
2142 793 2472 875 accipiens
2539 792 2700 855 illud
2758 795 2968 873 signum
3011 787 3013 828 ³

1831 881 2038 944 crucis
2099 882 2163 942 in
2221 880 2528 944 manibus
2583 881 2764 943 stetit
2817 902 2970 963 supra

1828 977 2092 1052 portam
2125 979 2193 1032 et
2238 971 2350 1032 ait.
2443 967 2734 1050 Quando
2765 989 2868 1031 rex
2893 990 2970 1032 ce·
3011 971 3013 976 ’

1827 1057 2040 1119 lorum
2074 1056 2385 1119 dominus
2419 1077 2536 1137 per
2565 1057 2739 1119 hunc
2767 1057 2968 1120 aditum

1827 1145 2205 1226 passionem
2225 1144 2680 1225 completurus
2700 1146 2970 1209 introivit:

1827 1253 1962 1296 non
1981 1253 2054 1295 se
2073 1242 2508 1314 purpuratum
2529 1235 2648 1295 sed
2671 1233 2967 1296 humilem⁴

1825 1320 2011 1384 aselli
2061 1330 2250 1402 terga
2295 1322 2736 1402 supersedens
2765 1323 2970 1384 culton'·

1827 1409 1954 1472 bus
2034 1409 2171 1471 suis
2244 1409 2642 1472 humilitatis
2715 1409 2969 1492 exempla

1829 1496 2109 1578 reliquit.
2223 1497 2377 1560 Hiis
2424 1498 2621 1560 dictis
2675 1499 2759 1560 ad
2809 1498 2968 1560 celum
3010 1549 3012 1554 .

1829 1586 2041 1649 rediit.
2123 1584 2237 1647 Re.
2286 1583 2678 1648 Adoramus
2709 1595 2774 1648 te
2805 1585 2968 1650 Chris-
3010 1629 3013 1656 2

1825 1682 1935 1737 te:
1983 1683 2052 1736 et
2111 1672 2565 1736 benedicimus
2619 1674 2763 1737 tibi.
2843 1673 2970 1756 Quia

1828 1781 1946 1842 per
1975 1781 2236 1824 crucem
2257 1770 2444 1824 tuam
2469 1762 2806 1825 redemisti
2832 1782 2970 1823 mun-

1827 1849 2008 1912 dum.
2098 1867 2146 1934 γ
2192 1849 2411 1911 Tuam
2473 1869 2738 1913 crucem
2795 1841 3013 1913 adora-²

1828 1957 1976 1999 mus
2036 1937 2345 2000 domine:
2421 1946 2608 2002 tuam
2673 1939 2972 2020 gloriosam

1829 2024 2179 2088 recolimus
2209 2025 2606 2108 passionem.
2705 2026 2868 2109 Quia
2891 2046 2974 2107 per
3009 2093 3013 2114 1

1824 2133 2104 2178 crucem.
2695 2115 2888 2177 Lectio
2909 2114 2973 2175 ix.
3011 2117 3013 2122 ’

1853 2203 2122 2332 Tunc
2183 2201 2544 2283 imperator
2611 2202 2975 2266 discalciatus

1990 2308 2252 2352 crucem
2302 2289 2558 2352 domini
2612 2293 3013 2373 suscipiensz.

1827 2377 1943 2440 ivit
2007 2377 2093 2439 ad
2143 2387 2450 2459 portam:
2498 2399 2630 2461 que
2681 2399 2753 2442 se
2799 2367 3013 2442 statim·¹

1827 2465 2172 2546 subrigens
2205 2465 2483 2529 liberum
2509 2467 2818 2530 omnibus
2839 2477 2976 2549 pate·

1825 2553 1982 2618 fecit
2014 2555 2398 2636 ingressum.
2485 2555 2734 2637 Sicque
2756 2554 2976 2619 eraclius
3009 2579 3011 2586 ·

1825 2643 2192 2724 preciosam
2253 2661 2516 2705 crucem
2577 2664 2733 2706 cum
2781 2644 3011 2712 honore⁴

1828 2730 1974 2793 loco
2051 2751 2173 2793 suo
2249 2732 2550 2795 restituit.
2671 2732 2800 2794 Die
2863 2741 3011 2794 vero⁴

1827 2819 2066 2881 eodem
2145 2839 2314 2881 unus
2407 2828 2706 2882 mortuus
2783 2819 2978 2900 recepit

1827 2909 2086 2970 vitam:
2133 2907 2458 2988 paralitici
2532 2917 2854 2989 quatuor:
2917 2906 2976 2968 le-

1829 2995 2006 3076 prosi
2053 2996 2326 3058 decem:
2375 2995 2801 3076 quindecim:
2843 2996 2976 3058 ceci:

1829 3083 2228 3165 plurimique
2274 3103 2315 3145 a
2343 3084 2780 3147 demonibus⁵
2807 3105 2846 3146 a
2885 3082 2978 3144 suis

1830 3170 2324 3234 infirmitatibus
2357 3181 2514 3234 sunt
2539 3171 2815 3235 liberati.
2857 3170 2974 3253 Qui·

1829 3278 2091 3340 cunque
2111 3260 2502 3322 memoriam
2531 3260 2784 3323 faciunt
2801 3269 2976 3322 sancte

1831 3348 2076 3414 crucis:
2153 3357 2412 3428 partem
2474 3347 2818 3412 habebunt
2869 3364 2976 3410 cum

1830 3435 1937 3500 dei
2000 3437 2318 3516 genitrice
2395 3437 2462 3498 in
2538 3436 2712 3500 celis,
2825 3433 2973 3517 Quod

1833 3523 2022 3586 nobis
2056 3524 2232 3586 idern
2279 3523 2453 3586 filius
2503 3526 2860 3588 concedat:
2899 3520 2974 3604 qui

1831 3612 1996 3674 vivit
2049 3621 2118 3676 et
2167 3623 2398 3693 regnat
2451 3612 2520 3674 in
2571 3613 2792 3676 secula
2840 3632 2974 3675 secu·

1833 3701 2064 3763 lorum.
2181 3699 2291 3763 Re.
2362 3700 2485 3762 Per
2533 3710 2718 3764 tuam
2764 3717 2972 3764 crucem

1833 3788 2018 3852 salva
2037 3807 2158 3849 nos
2179 3786 2441 3850 Christe
2468 3789 2854 3870 redemptor.
2881 3785 2973 3868 Qui
3006 3849 3011 3892 θ

1837 3886 2117 3940 mortem
2171 3885 2467 3938 nostram
2521 3878 2854 3940 moriendo
2895 3876 2972 3936 de·

1833 3963 2135 4028 struxisti
2174 3984 2187 4027 :
2233 3973 2300 4026 et
2361 3965 2572 4028 vitam
2635 3959 3009 4046 resurgendo?

1835 4053 2154 4134 reparasti
2186 4051 2352 4117 all’a.
2427 4070 2476 4140 γ
2513 4054 2815 4116 Miserere
2837 4049 2970 4114 nohis
3006 4033 3009 4102 ἕ

1833 4141 1994 4222 Jesu
2042 4141 2328 4222 benigne
2375 4142 2492 4223 qui
2538 4161 2764 4222 passus
2794 4161 2860 4203 es
2881 4137 2967 4202 cle·
3004 4109 3009 4254 ἱ

1839 4239 2099 4312 menter
2129 4249 2250 4310 pro
2283 4229 2490 4293 nobis,
2563 4229 2696 4312 Qui
2727 4237 2964 4291 mortem
3006 4261 3009 4290 .

1813 4349 1865 4401 S.
2235 4353 2256 4382 ⁸
2293 4351 2521 4402 ‘arbores
2537 4351 2551 4373 ’
2573 4367 2672 4402 om.
2695 4369 2714 4404 z
2743 4351 2872 4400 W.S.

2029 4421 2053 4452 ⁸
2091 4417 2199 4467 ‘et’
2221 4417 2360 4468 add:
2397 4417 2630 4470 W.R.N.
