3117 4959
1315 262 1576 316 JA’FRA
1631 261 1736 316 OC
1737 261 1790 315 T
1783 261 1840 316 A
1857 261 2018 316 VAS
2037 271 2052 278 ‘

948 372 1105 428 549

422 481 487 558 1
532 475 881 543 Dominica
910 479 1099 560 infra
1126 488 1399 542 octavas.

421 568 545 630 Ad
567 581 732 649 vesp.
760 575 872 631 an.
954 567 1019 630 N
1024 568 1289 630 ativitas
1316 567 1620 649 gloriose.

418 656 519 719 Et
544 665 739 718 cetere
774 655 1117 736 antiphone
1160 675 1305 716 cum
1336 653 1622 735 psalmis·

420 743 501 806 de
526 742 808 806 domina.
902 741 1053 824 Cap.
1142 742 1207 808 Ο
1236 761 1439 824 quam
1471 739 1624 822 pul-

424 829 599 894 chra.
674 830 987 911 Hymnus
1044 829 1109 895 Ο
1162 849 1369 913 quam
1418 828 1624 910 glou·-

2221 369 2380 422 530

1719 475 2112 560 predicatur.
2277 476 2457 538 Nam
2529 474 2936 558 angelorum

1721 565 2027 648 quamvis
2077 563 2318 627 celsior
2345 564 2436 627 sit
2465 572 2748 627 natura:
2801 583 2940 626 non

1719 662 1948 716 tamen
2007 652 2224 734 gratia
2291 652 2564 733 major:
2639 651 2812 734 quia
2873 660 2946 714 et

1720 741 1850 822 ipsi
1865 739 1894 778 ⁸
1921 739 2216 822 gratuita
2263 740 2481 821 gratia
2533 759 2618 802 ne
2667 759 2944 803 corrue-

1720 837 1868 890 rent
1914 827 2150 890 salvati
2203 837 2378 890 sunt.
2471 827 2679 892 Unde
2711 827 2890 890 illud
2925 846 2942 890 :

422 917 565 982 fica.
641 934 688 1001 y
736 918 895 981 Post
922 925 1207 1000 partum.
1276 917 1339 980 A
1352 925 1413 980 ἢ.
1434 925 1636 998 super
1715 914 1946 982 Verbo
1973 915 2190 997 inquit
2217 914 2469 980 domini
2513 914 2640 979 celi
2683 913 2946 978 firmati

406 1005 745 1086 psalmum
806 1004 1199 1086 Magnificat
1248 1004 1459 1087 juxta
1520 1025 1624 1067 or-

423 1092 641 1156 dinem
656 1093 1077 1175 prescriptum
1088 1091 1161 1155 in
1176 1091 1626 1173 assumptione.

432 1181 579 1247 Oro.
673 1181 1243 1264 supplicationem
1306 1189 1371 1243 et
1424 1188 1626 1241 cetera

425 1277 503 1332 ut
574 1270 647 1332 in
718 1268 837 1334 die.
924 1269 1055 1332 Ad
1104 1277 1307 1332 mam.
1378 1266 1628 1331 Invita.

430 1356 649 1421 Corde
730 1366 800 1420 et
872 1377 1051 1422 voce.
1170 1365 1275 1438 pff.
1362 1355 1624 1418 Venite.

426 1443 741 1524 Hymnus
825 1444 979 1509 Ave
1066 1445 1287 1510 maris
1422 1443 1506 1506 In
1560 1443 1625 1525 j.

426 1541 583 1595 noct.
632 1540 739 1597 ari.
834 1533 1061 1596 Hodie
1108 1543 1269 1596 nata
1326 1540 1449 1596 est.
1522 1538 1626 1612 pi.

429 1619 726 1684 Domine
799 1619 1109 1684 dominus
1182 1629 1423 1684 noster.
1526 1619 1634 1681 Et

426 1717 621 1772 cetere
642 1706 985 1788 antiphone
1006 1717 1072 1770 et
1090 1708 1339 1790 psalmi
1360 1707 1529 1798 :ricus
1556 1706 1628 1769 in

428 1795 550 1858 die.
638 1793 1109 1859 Benedicttones
1162 1797 1333 1860 st'cut
1387 1795 1459 1858 in
1506 1793 1630 1858 die.

434 1882 667 1948 Sermo
689 1881 859 1946 beati
878 1882 1252 1964 hieronymi.
1342 1883 1557 1946 Lectio
1562 1883 1629 1964 j.

429 1970 585 2104 Si
616 1970 1069 2034 beatissimam
1100 1972 1211 2036 dei
1238 1972 1628 2053 genitricem

558 2060 839 2122 mariam
859 2057 1089 2122 fratres
1107 2057 1469 2123 charissimi
1482 2057 1634 2121 dili·

430 2146 695 2226 gentius
726 2146 1189 2228 inspiciamus:
1234 2147 1399 2210 nihil
1426 2147 1632 2210 virtu-

428 2233 519 2296 tis
548 2242 692 2296 est:
736 2233 901 2296 nihil
944 2235 1421 2316 speciositatis:
1470 2231 1632 2296 nihil

433 2319 737 2384 candoris
790 2331 857 2384 et
902 2320 1153 2404 glorie:
1200 2323 1383 2404 quod
1436 2323 1502 2383 in
1551 2341 1634 2384 ea

433 2427 569 2472 non
601 2408 1036 2489 resplendeat.
1128 2409 1222 2475 Et
1264 2411 1417 2473 ideo
1462 2409 1634 2472 bene

434 2495 823 2560 circundant
868 2517 1015 2560 eam
1068 2495 1261 2562 flores
1291 2515 1632 2561 rosarum:

434 2592 503 2648 et
555 2582 693 2646 lilia
750 2585 1193 2651 convallium:
1238 2594 1315 2650 ut
1358 2586 1636 2648 virtutes

435 2670 791 2736 virtutibus
832 2671 1229 2737 fulciantur:
1276 2683 1343 2737 et
1392 2673 1635 2736 formo-

436 2759 600 2823 sitas
647 2759 885 2824 decore
933 2762 1255 2826 castitatis
1296 2771 1634 2842 augeatur.

436 2847 551 2912 Re.
634 2847 860 2912 Hodie
912 2859 1086 2914 nata.
1176 2859 1241 2914 et
1283 2859 1487 2913 cetera
1536 2869 1639 2910 re-

434 2935 769 3018 sponsoria
798 2946 874 3000 ut
902 2937 971 3000 in
1001 2939 1122 3003 die.
1320 2937 1539 3000 Lectio
1570 2937 1637 3019 ij.

434 3025 621 3157 N
630 3045 741 3088 am
766 3026 983 3088 omnis
1002 3025 1315 3109 splendor
1333 3035 1403 3088 et
1430 3025 1640 3106 gloria

632 3123 887 3195 quanto
951 3114 1315 3179 illustratur
1386 3112 1640 3195 fulgore

440 3219 561 3264 suo
635 3201 1021 3266 sublimius:
1096 3212 1289 3268 tanto
1362 3209 1642 3285 apparet

439 3291 840 3372 prestantior
870 3291 1171 3355 claritate
1198 3311 1213 3355 :
1237 3301 1305 3356 et
1328 3309 1642 3373 quorum-

439 3377 602 3440 libet
632 3376 1079 3457 subjectorum
1109 3380 1393 3443 eximior
1422 3377 1640 3460 predi-

439 3473 641 3528 catur.
734 3464 847 3529 Sic
900 3465 1001 3528 et¹
1051 3466 1249 3530 beata
1307 3467 1414 3529 dei
1458 3466 1642 3546 geni-

439 3551 618 3616 trix:
664 3551 853 3632 cujus
900 3553 1151 3616 candor
1194 3552 1590 3634 virginitatis
1625 3573 1640 3616 :

442 3659 521 3702 ac
554 3638 607 3700 si
658 3638 987 3720 plantatio
1035 3659 1184 3704 rose
1233 3639 1302 3702 in
1346 3637 1598 3721 jericho
1617 3638 1642 3676 ²

443 3725 797 3810 specialius
855 3727 1183 3811 effulget:
1255 3728 1644 3792 circundata

444 3813 662 3879 officio
694 3815 1032 3882 charitatis
1063 3816 1475 3901 splendidius
1504 3817 1643 3880 eni-

444 3903 657 3969 tescit.
1296 3905 1514 3970 Lectio
1544 3903 1642 3987 iij.

572 3989 950 4056 ubmittitur
960 4001 1339 4058 sanctorum
1349 3994 1613 4058 claritas
1627 4013 1643 4057 ι

581 4090 651 4144 ut
704 4079 847 4163 ejus
894 4082 1179 4165 amplius
1224 4081 1434 4165 gloria
1462 4100 1647 4146 com-

444 4168 830 4235 mendetur:
872 4189 1002 4251 que
1031 4189 1228 4253 super
1259 4169 1644 4253 angelorum

444 4255 677 4324 choros
749 4257 1007 4322 elevata
1058 4259 1201 4341 jam
1262 4259 1646 4324 beatissima

662 4391 994 4490 '‘et’omz:
1034 4393 1171 4508 kl}

992 4473 1086 4508 ea:
1162 4493 1175 4508 .

1723 1013 1923 1069 sunt:
1967 1011 2036 1066 et
2087 1003 2322 1085 spiritu
2359 1004 2492 1066 oris
2530 1003 2682 1084 ejus
2709 1003 2946 1066 omnis

1721 1091 1930 1153 virtus
1961 1110 2208 1154 eorum.
2553 1090 2785 1153 Lectio
2819 1089 2948 1172 iiij.

1863 1177 1994 1240 uod
2055 1179 2110 1241 si
2173 1177 2478 1260 spiritum
2538 1178 2650 1241 dei
2713 1179 2948 1241 omnis

1861 1265 2068 1329 virtus
2145 1265 2536 1348 angelorum
2571 1287 2588 1330 :
2667 1275 2950 1330 constat

1727 1355 1996 1417 beatam
2039 1363 2108 1417 et
2147 1354 2506 1436 gloriosam
2555 1353 2900 1437 virginem
2933 1375 2950 1418 :

1727 1442 1797 1505 in
1827 1461 2032 1524 quam
2061 1443 2439 1524 supervenit
2469 1442 2950 1524 spiritussanc-

1727 1539 1879 1594 tus:
1925 1540 1998 1594 et
2039 1531 2204 1594 deus
2245 1540 2429 1595 totus
2474 1529 2760 1613 illapsus
2795 1551 2952 1614 por-

1726 1627 1910 1681 tatur
1937 1638 2186 1682 novum
2219 1618 2558 1682 mensibus
2591 1621 2660 1682 in
2705 1629 2952 1683 utero:

1727 1706 2132 1769 credendum
2145 1705 2472 1788 ampliora
2489 1709 2954 1788 promeruisse

1725 1793 2048 1856 virtutum
2103 1794 2486 1876 privilegia:
2562 1795 2956 1878 percepisse

1729 1881 2012 1962 gratiam
2043 1881 2133 1945 ab
2149 1880 2406 1963 angelis
2429 1900 2577 1944 esse
2599 1881 2960 1946 collauda-

1727 1981 1886 2033 tam.
2635 1969 2867 2033 Lectio
2895 1990 2958 2034 v.

1751 2056 2046 2192 Unde
2074 2057 2198 2121 etsi
2221 2056 2542 2120 mirabilis
2572 2067 2684 2121 est
2715 2077 2958 2121 eorum

1911 2145 2117 2209 virtus
2159 2154 2228 2208 et
2271 2143 2553 2208 firmitas
2605 2147 2962 2228 perpetui-

1731 2233 1923 2296 tatis:
1955 2232 2319 2297 mirabilior
2337 2243 2566 2296 tamen
2599 2233 2672 2295 in
2705 2235 2964 2298 maria:

1731 2341 1934 2404 quam
1967 2320 2392 2384 obumbravit
2441 2320 2656 2384 virtus
2703 2321 2964 2385 altissi-

1735 2409 1825 2471 mi
1862 2429 1878 2472 :
1925 2416 2000 2472 ut
2057 2409 2232 2472 ultra
2289 2427 2562 2472 omnem
2623 2409 2962 2473 virtutem

1735 2497 1824 2558 sit
1851 2495 2266 2578 angelicam:
2311 2497 2494 2578 quod
2542 2494 2810 2560 factum
2853 2509 2965 2563 oet

1735 2584 1802 2646 in
1864 2603 1943 2646 ea
1979 2605 1993 2647 :
2069 2592 2137 2647 et
2214 2583 2606 2648 admirabile
2686 2587 2966 2649 cunctis

1735 2671 1970 2735 seculis
1999 2681 2530 2735 sacramentum:
2563 2691 2644 2735 ac
2671 2693 2800 2754 per
2827 2674 2968 2738 hoc

1737 2761 1938 2823 etiam
1969 2758 2226 2840 angelis
2247 2760 2496 2822 exinde
2517 2759 2742 2842 major
2775 2782 2974 2843 pres-

1737 2857 1918 2912 tatur
1945 2848 2200 2928 gratia:
2233 2865 2384 2910 cum
2417 2847 2846 2912 instruantur
2879 2851 2976 2914 ab

1741 2955 1823 2998 eo
1851 2935 2120 2998 omnia:
2173 2955 2374 3016 quem
2422 2945 2844 3000 venerantur
2901 2947 2974 3002 et

1739 3023 2019 3087 adorant
2037 3042 2236 3105 super
2253 3043 2326 3086 se
2346 3022 2688 3087 Christum
2723 3045 2976 3110 regem
3047 3085 3049 3090 .

1739 3111 2088 3175 dominum
2171 3119 2405 3174 natum
2473 3131 2566 3174 ex
2648 3113 2918 3178 eadem
2949 3117 2974 3152 ⁴
3047 3167 3049 3170 Α

1739 3199 2011 3282 virgine.
2609 3199 2850 3265 Lectio
2885 3203 2974 3284 vj.

1743 3289 1930 3420 H
1937 3288 2044 3350 inc
2091 3295 2159 3350 et
2213 3288 2424 3350 maria
2468 3290 2729 3352 cunctis
2764 3299 2978 3354 tanto

1935 3375 2375 3439 venerabilior
2405 3385 2663 3456 quanto
2709 3377 2978 3460 glorio-

1741 3465 1910 3526 sior:
1957 3472 2025 3526 et
2053 3471 2310 3545 quanto
2355 3463 2600 3527 virtute
2645 3465 2980 3531 altissimi

1743 3549 2092 3614 extollitur
2147 3551 2235 3613 ad
2311 3551 2626 3616 sublimia
2667 3573 2685 3617 :
2769 3563 2978 3620 tanto

1741 3639 1976 3704 clarior
2019 3637 2297 3704 resultat
2327 3642 2392 3704 in
2423 3640 2657 3723 gloria.
2759 3643 2982 3708 Plena

1743 3727 2072 3809 siquidem
2093 3729 2338 3808 gratia:
2357 3727 2558 3811 plena
2567 3728 2700 3793 deo
2719 3751 2737 3794 :
2762 3731 2981 3813 plena

1744 3815 2139 3879 virtutibus:
2187 3836 2320 3880 non
2376 3826 2599 3898 potest
2631 3835 2780 3881 non
2813 3841 2978 3902 pos-

1746 3903 1960 3966 sidere
1991 3902 2274 3985 pleniter
2302 3903 2586 3987 gloriam
2631 3905 2978 3972 claritatis

1747 4000 2004 4055 eterne:
2029 4011 2232 4072 quam
2253 3991 2638 4075 plenissime
2661 3999 2978 4078 accepit:

1748 4087 1824 4143 ut
1854 4087 2068 4142 mater
2097 4079 2282 4144 fieret
2329 4080 2698 4146 salvatoris·
2813 4085 2980 4149 Tres

1749 4166 1979 4231 ultime
2048 4167 2335 4232 lectiones
2421 4169 2500 4231 de
2573 4173 2980 4252 capos-iubae

1746 4255 2070 4338 evangelii
2092 4257 2437 4320 secundum
2466 4257 2734 4323 lucam.³

1390 4395 1411 4424 ²
1436 4392 1632 4456 jerico:
1673 4391 1732 4441 R.
1807 4391 2034 4442 hierico:
2069 4389 2202 4440 N.S.
2446 4392 2468 4421 ⁸
2500 4391 2646 4456 ipse:
2685 4393 2756 4447 R.

1965 4460 1985 4488 ·
2025 4456 2165 4520 ‘visa’
2189 4457 2322 4506 aad:
2357 4457 2412 4511 s,
