3117 4959
1168 235 1449 290 INDEX
1488 234 1546 289 Α
1552 235 1678 289 NT
1671 233 1998 291 JPHONA
2007 233 2203 290 RUM.

978 343 1115 398 831

440 456 573 506 Ecce
596 457 751 507 maria
773 457 943 522 genuit
966 459 1129 518 nobis,
1164 470 1256 522 143

438 523 565 572 Ecce
584 539 757 572 merces
776 532 1057 573 sanctorum
1078 527 1279 589 copiosa,
1308 523 1373 574 28

442 587 574 638 Eooe
596 589 743 639 mitto
764 590 1015 652 angelum,
1043 591 1107 652 36

440 653 575 704 Eece
596 669 779 704 nomen
802 656 1009 716 domini,
1037 670 1072 717 4

438 719 573 770 Eeoe
594 735 729 770 nune
746 729 947 786 tempus
966 720 1291 786 aoeepnffle,
1318 732 1411 783 271

440 785 573 834 Eeee
594 801 718 850 puer
742 801 879 835 meus
902 786 1103 844 electus,
1137 800 1156 836 1
1171 800 1231 835 10

438 851 563 900 Ecce
584 853 717 916 quod
734 853 993 916 concupivi
998 855 1115 916 jam
1136 853 1289 912 video,
1325 851 1419 913 148

440 915 573 966 Ecce
594 932 681 966 rex
702 917 867 966 veniet
888 918 985 966 dfis
1007 926 1149 977 terre,
1180 930 1247 982 34

438 981 565 1031 Ecce
582 983 797 1032 sacerdos
818 999 1045 1046 magnus,
1072 983 1139 1044 48

440 1046 574 1096 Eece
596 1049 969 1098 tabernaculum
991 1049 1072 1098 dei
1095 1064 1227 1108 cum,
1254 1049 1351 1112 665

438 1113 564 1162 Ecce
580 1119 641 1162 tu
652 1114 871 1178 pulchra
890 1131 939 1163 es
957 1116 1119 1163 amica
1142 1131 1261 1176 mea,
1288 1112 1391 1176 478

440 1177 575 1228 Ecce
596 1178 763 1228 veniet
784 1179 1107 1240 desideratus,
1134 1179 1201 1243 64

438 1244 564 1293 Ecce
584 1245 741 1294 veniet
760 1245 1059 1294 desideratus
1076 1247 1283 1306 cunctas,
1310 1257 1409 1307 242

440 1309 574 1358 Eece
596 1309 761 1359 veniet
784 1311 879 1360 dns
902 1311 1149 1375 princepS,
1174 1322 1239 1375 45

442 1374 577 1424 Ecce
602 1376 765 1424 veniet
788 1377 883 1424 dhs
906 1385 961 1426 ut
982 1378 1170 1437 sedeat,
1196 1389 1265 1438 49

442 1440 575 1490 Ecce
598 1441 765 1490 veniet
787 1442 1032 1506 propheta
1054 1458 1279 1507 magnus,
1312 1453 1369 1508 15

442 1506 575 1555 Ecce
596 1506 745 1556 video
766 1508 901 1558 celos
921 1516 1135 1572 apertos,
1169 1521 1265 1558 100

440 1571 574 1620 Ecce
596 1571 739 1636 virgo
758 1573 1007 1638 concipiet
1027 1582 1079 1624 et
1100 1573 1275 1639 pariet,
1304 1581 1403 1634 742

440 1637 567 1686 Ecce
582 1639 725 1702 virgo
744 1640 977 1703 concipiet
994 1647 1041 1690 et
1050 1640 1235 1704 pariet,
1264 1650 1363 1701 239

440 1702 659 1751 Ecclesia
683 1703 789 1752 illis
808 1721 902 1769 que
920 1705 1121 1754 necdum
1146 1706 1205 1753 in
1226 1705 1359 1767 locis,
1386 1703 1485 1754 606

440 1767 652 1816 Ecclesie
670 1776 833 1818 sancte
836 1769 1167 1834 frequentans
1188 1771 1389 1829 limina,
1425 1769 1519 1819 106

442 1832 709 1883 Edificdvit
731 1849 927 1898 moyses
948 1835 1119 1898 altare,
1146 1835 1238 1885 661

439 1899 700 1948 Edomans
720 1902 1105 1966 corpusjuvenis
1126 1902 1185 1950 in
1208 1901 1376 1962 undis,
1404 1909 1499 1963 225

440 1962 554 2028 Ego
576 1973 743 2014 autem
764 1967 829 2015 ad
852 1966 974 2015 dfim
998 1967 1253 2031 aspiciam,
1283 1977 1345 2030 53

440 2029 551 2092 Ego
572 2036 738 2079 autem
762 2032 1026 2096 adjuvata
1047 2049 1079 2080 a
1100 2033 1214 2091 dno,
1249 2044 1337 2094 191

438 2094 550 2158 Ego
570 2097 732 2144 crucis
752 2097 813 2145 X
808 2097 854 2146 ti
870 2113 1045 2147 servus
1063 2113 1193 2156 sum,
1222 2097 1287 2146 86

442 2159 555 2223 Ego
576 2160 864 2210 demonium
889 2177 991 2211 non
1014 2162 1192 2222 habeo,
1222 2172 1319 2227 352

441 2224 554 2288 Ego
576 2225 788 2275 dormivi
811 2235 860 2276 et
882 2242 1111 2276 somnum
1133 2229 1261 2292 cepi,
1287 2239 1386 2290 403

438 2289 551 2353 Ego
574 2289 707 2338 enim
728 2306 789 2340 ex
812 2292 908 2340 deo
930 2292 1164 2356 processi,
1193 2305 1291 2354 294

438 2354 553 2418 Ego
574 2355 784 2418 gloriam
808 2371 973 2406 meam
994 2373 1097 2407 11011
1118 2373 1289 2434 quero,
1318 2367 1417 2421 353

438 2419 551 2484 Ego
573 2419 625 2467 in
648 2420 899 2471 altissimis
921 2422 1160 2482 habitavi,
1184 2433 1278 2488 575

437 2485 552 2549 Ego
574 2485 768 2535 mittam
792 2488 935 2537 vobis
958 2488 1203 2553 spiritum,
1228 2500 1331 2551 499

442 2551 555 2615 Ego
578 2565 681 2600 11011
704 2554 769 2602 ab
792 2553 1011 2614 homine,
1043 2565 1139 2618 307

436 2617 548 2682 Ego
560 2623 657 2680 per
676 2619 789 2668 istos
810 2627 907 2668 tres
927 2637 1087 2669 annos
1108 2620 1250 2668 nihil
1266 2621 1428 2681 aliud,
1463 2633 1559 2670 120

436 2684 548 2748 lzgv
559 2683 802 2746 plantavi
819 2687 1009 2750 appollo
1030 2686 1234 2751 rigavit,
1264 2686 1363 2749 362

438 2749 551 2813 Ego
576 2749 873 2816 pn'ncipium
898 2751 983 2815 qui
1006 2759 1072 2812 et,
1102 2764 1199 2814 304

436 2815 547 2878 Ego
559 2823 663 2880 pro
682 2826 729 2866 te
750 2819 925 2881 rogavi
933 2825 1072 2882 petre
1092 2825 1151 2866 ut
1171 2833 1290 2876 non,
1316 2817 1415 2868 206

434 2881 545 2944 Ego
566 2883 743 2948 rogavi
760 2884 1019 2932 dominum
1043 2899 1219 2942 meum,
1254 2893 1347 2946 123

435 2945 546 3011 Ego
566 2951 709 3014 signo
730 2950 893 2997 crucis
915 2965 1014 2998 non
1036 2951 1203 3012 clypae,
1235 2959 1331 3012 373

434 3010 549 3074 Ego
572 3031 681 3064 sum
705 3014 788 3063 lux
810 3014 1003 3074 mundi,
1032 3027 1128 3078 343

436 3076 549 3140 Ego
572 3096 681 3129 sum
704 3079 885 3130 ostium
909 3079 1031 3129 dicit
1053 3081 1164 3139 dfis,
1194 3089 1291 3142 510

436 3141 549 3205 Ego
570 3161 678 3195 sum
701 3145 844 3209 panis
865 3145 1005 3194 vivus
1027 3145 1149 3195 dicit
1168 3146 1279 3204 dns,
1312 3156 1407 3209 512

436 3206 547 3270 Ego
570 3225 679 3260 sum
702 3210 845 3275 panis
868 3210 1009 3260 vivus
1030 3210 1115 3276 qui
1138 3211 1204 3260 de
1224 3211 1335 3260 celo
1358 3214 1451 3272 (1),
1482 3221 1580 3274 512

434 3273 547 3337 Ego
568 3291 679 3325 sum
702 3276 846 3342 panis
866 3276 1009 3326 vivus
1030 3277 1117 3341 qui
1140 3277 1203 3326 de
1226 3278 1337 3326 celo
1361 3279 1451 3338 (2),
1482 3276 1579 3340 538

435 3337 547 3402 Ego
570 3357 679 3390 sum
703 3351 871 3406 pastor
892 3343 1053 3392 bonus
1076 3342 1160 3407 qui
1220 3358 1352 3402 asco,
1379 3343 1479 3403 446

435 3402 547 3466 Ego
570 3421 675 3455 sum
700 3415 869 3470 pastor
890 3407 1074 3467 ovium,
1102 3359 1219 3469 448,

434 3467 547 3532 Ego
570 3486 677 3520 sum
701 3471 785 3535 qui
809 3487 917 3520 sum
941 3481 989 3521 et
1012 3473 1290 3534 consilium,
1318 3485 1416 3536 403

432 3533 545 3596 Ego
567 3551 677 3584 sum
701 3535 786 3599 qui
809 3537 1162 3599 testimonium,
1192 3552 1291 3601 344

430 3599 543 3663 Ego
562 3618 675 3650 sum
697 3605 982 3651 resurrectio
1002 3611 1047 3652 et
1066 3605 1189 3662 vita,
1218 3604 1317 3664 667

432 3665 543 3729 Egv
562 3683 675 3716 sum
696 3667 785 3715 via
804 3668 989 3716 vm‘tas
1011 3676 1059 3717 et
1077 3670 1203 3728 vita,
1227 3669 1325 3719 268

433 3731 545 3796 Ego
570 3733 825 3783 veritatem
850 3733 963 3782 dico
988 3735 1146 3793 vobis»,
1170 3735 1263 3795 461

432 3797 729 3861 Egredietur
750 3799 982 3849 dominus
1002 3800 1067 3848 de
1090 3800 1217 3860 loce,
1240 3811 1306 3864 45

430 3863 732 3927 Egredietur
750 3865 844 3914 diis
864 3865 921 3914 de
943 3866 1038 3914 loeo
1058 3873 1223 3915 sancto
1242 3883 1347 3926 suo,
1372 3878 1469 3929 242

430 3929 731 3992 Egredietur
752 3929 889 3994 virga
912 3932 976 3980 de
996 3931 1180 3991 radice,
1202 3942 1267 3997 45

430 3995 734 4058 Egredietur
752 3997 899 4060 virga
920 3997 977 4046 de
1000 3998 1165 4046 radice
1170 3999 1308 4062 jesse,
1334 3997 1433 4061 236

430 4059 641 4124 Egregie
660 4063 740 4110 dei
760 4070 956 4124 martyr
972 4064 1253 4122 sebastiane,
1282 4075 1375 4125 142

429 4125 642 4190 Egregia
664 4129 942 4176 beatudinis
964 4136 1046 4178 tue
1058 4131 1301 4194 preconio,
1327 4141 1424 4189 214

431 4191 677 4255 Egregius
698 4194 779 4241 dei
800 4201 997 4256 martyr
1014 4195 1308 4254 vincentius,
1338 4207 1356 4244 1
1368 4195 1431 4258 56

432 4255 630 4320 Egressi
654 4259 917 4307 duodecim
942 4261 1171 4324 apostoli,
1203 4271 1297 4324 515

431 4321 671 4384 Egressus
688 4325 835 4386 Jesus
857 4326 1074 4384 secessit,
1104 4339 1199 4389 302

438 4385 565 4450 Ejus
584 4404 773 4452 quoque
789 4389 1037 4440 laudabile
1047 4392 1355 4455 preconium,
1382 4404 1480 4441 220

2251 339 2410 395 832

1739 457 1905 508 Elati
1921 465 2046 507 sunt
2067 458 2124 506 in
2147 457 2344 507 clu-isti
2361 463 2478 506 ante
2499 456 2699 515 mundi,
2729 467 2788 518 13

1739 525 1910 588 Elegit
1929 539 2005 573 eos
2024 540 2086 573 ex
2105 523 2247 574 omni
2263 539 2426 580 carne,
2455 534 2515 570 12

1743 589 2024 639 Elevamini
2047 598 2190 654 porte
2211 589 2472 647 eternales,
2505 599 2615 650 139,
2639 597 2738 650 397

1741 655 1955 705 Elevare
1975 656 2172 704 elevare
2189 670 2450 718 oonsmge.
2471 655 2540 714 69

1741 721 1955 770 Elentn
1975 729 2050 770 est
2071 719 2458 784 magnificentia,
2480 729 2578 780 477

1741 787 1967 835 Elevatis
1989 787 2218 835 manibus
2241 785 2504 844 ferebatur,
2533 795 2635 845 479

1743 851 1970 902 Elis-abet
1987 853 2214 901 zacharie
2235 865 2492 914 napum,
2516 860 2611 912 337

1743 918 2050 966 Emissiones
2071 924 2154 966 tue
2163 917 2453 981 paradisus,
2473 915 2576 976 480

1745 982 1934 1033 Emitte
1955 999 2139 1048 agnum
2161 983 2277 1042 dhe,
2305 993 2370 1042 47

1745 1049 1939 1098 Emitte
1959 1065 2149 1112 agnum
2173 1049 2270 1098 dne
2289 1047 2660 1106 donintorm,
2681 1057 2782 1106 241

1745 1113 1935 1163 Emitte
1957 1114 2186 1179 spiritum
2209 1121 2348 1163 tuum
2373 1121 2439 1174 et,
2471 1123 2570 1176 500

1745 1179 1866 1229 Erat
1889 1189 2057 1228 autem
2078 1187 2307 1244 aspectus
2329 1177 2452 1242 ejus,
2477 1187 2576 1240 405

1743 1242 1884 1294 Erat
1901 1247 2056 1309 cipro
2075 1245 2305 1295 omnibus
2323 1260 2465 1302 cura,
2487 1253 2584 1306 215

1744 1310 1883 1360 Erat
1901 1311 2036 1359 enim
2061 1312 2120 1360 in
2139 1325 2358 1360 sennone
2375 1325 2546 1369 vera-r,
2575 1317 2666 1370 135

1747 1376 1868 1425 Erat
1888 1377 2033 1440 Jesus
2055 1377 2258 1440 ejiciens
2279 1375 2588 1432 demonium,
2617 1372 2716 1436 318

1747 1441 1918 1491 Erexit
1941 1443 2039 1491 dfis
2061 1442 2206 1490 nobis
2227 1457 2380 1490 cornu
2405 1441 2592 1498 salutis,
2618 1450 2718 1500 792

1745 1507 1917 1557 Erexit
1935 1508 2086 1572 jacob
2109 1507 2327 1572 lapidem
2351 1506 2406 1554 in
2427 1505 2641 1564 titulum,
2665 1505 2770 1567 659

1749 1572 1969 1637 Erigitur
1991 1574 2158 1638 itaque
2180 1571 2460 1630 infantium,
2489 1583 2510 1620 1
2523 1583 2584 1630 14

1745 1639 1856 1688 Erit
1881 1639 2004 1687 mihi
2027 1639 2258 1688 dominus
2280 1637 2334 1686 in
2355 1637 2522 1696 deum,
2549 1636 2652 1698 659

1745 1703 2001 1753 Eructavit
2023 1719 2108 1753 eor
2129 1719 2298 1753 meum
2320 1701 2546 1760 verbum,
2569 1701 2666 1762 783

1742 1771 1958 1818 Eruisti
1972 1771 2166 1819 domine
2185 1769 2415 1818 animam
2437 1783 2608 1825 meam,
2632 1765 2732 1826 667

1745 1834 2024 1899 Erumpunt
2045 1843 2232 1884 mortes
2248 1833 2628 1898 jocunditatem,
2652 1841 2716 1894 25

1745 1901 1906 1950 Erunt
1928 1917 2082 1965 prava
2104 1901 2158 1949 in
2179 1899 2383 1958 directa,
2405 1898 2471 1959 64

1747 1967 1906 2015 Erunt
1929 1966 2077 2030 primi
2101 1963 2372 2024 novissimi,
2396 1977 2496 2026 244

1747 2031 1871 2081 Esto
1893 2032 2018 2081 mihi
2039 2032 2242 2080 domine
2263 2031 2316 2078 in
2339 2030 2505 2088 deum,
2527 2027 2626 2091 815

1747 2098 1922 2147 Estote
1945 2113 2064 2160 ergo
2085 2096 2427 2145 misericordes
2449 2095 2591 2154 sicut,
2616 2094 2714 2156 623

1745 2163 1846 2214 Est
1867 2169 2098 2211 secretum
2120 2163 2386 2220 valeriane,
2411 2171 2508 2222 712

1744 2229 1914 2278 Estote
1915 2228 2077 2293 sortes
2097 2229 2154 2276 in
2177 2228 2304 2287 bello,
2329 2239 2363 2288 9

1747 2293 1813 2343 Et
1833 2301 2105 2358 coegerunt
2129 2293 2272 2342 illum
2295 2293 2535 2350 dieentes,
2556 2301 2657 2351 414

1746 2359 1812 2409 Et
1835 2375 1951 2408 eum
1973 2358 2226 2424 plicuisset
2245 2359 2390 2423 Jesus
2413 2357 2612 2414 librum,
2637 2365 2738 2416 227

1742 2425 1970 2490 Etfacta
1991 2431 2062 2475 est
2079 2440 2229 2474 comes
2251 2423 2532 2480 multitudo,
2555 2423 2656 2482 609

1744 2489 1812 2540 Et
1834 2491 1884 2538 in
1908 2489 2061 2540 servis
2083 2491 2185 2540 suis
2207 2490 2303 2538 diis
2324 2487 2654 2544 miserebitur,
2673 2485 2772 2546 871

1743 2555 1811 2606 Et
1834 2557 2076 2606 intrantes
2099 2556 2304 2604 domum
2328 2555 2638 2614 invenerunt,
2667 2561 2764 2613 177

1743 2622 1809 2671 Et
1833 2621 2176 2672 invocabimus
2199 2635 2382 2669 nomen
2405 2628 2564 2678 tuum,
2591 2617 2694 2678 819

1743 2687 1808 2736 Et
1833 2687 1996 2737 omnis
2019 2685 2412 2736 mansuetudinis
2433 2684 2559 2748 ejus,
2587 2695 2688 2746 909

1743 2753 1808 2803 Et
1831 2753 2150 2818 respicientes
2174 2751 2418 2810 viderunt,
2440 2760 2540 2812 407

1739 2819 1818 2867 Et
1837 2820 1888 2867 si
1907 2821 2128 2883 ingenua
2147 2835 2196 2867 es
2209 2832 2228 2866 .·
2259 2833 2354 2865 cur
2372 2824 2429 2876 te,
2461 2813 2551 2875 187

1738 2885 1817 2932 Et
1835 2885 1995 2934 subito
2015 2883 2340 2947 circunfielrit
2359 2897 2472 2930 eum
2494 2881 2590 2928 lux
2609 2880 2685 2938 de,
2713 2879 2806 2928 161

1741 2949 1807 2998 Ε1
1831 2951 1978 2999 valde
1999 2965 2148 2998 mane
2169 2963 2270 2997 una
2291 2948 2629 3004 sabbatorum,
2656 2945 2762 3005 406

1739 3015 1887 3079 Euge
1907 3032 2042 3065 serve
2062 3015 2178 3064 bone
2199 3023 2244 3063 et
2263 3014 2422 3072 fidelis
2443 3013 2583 3077 quia,
2611 3009 2680 3072 48

1736 3081 1934 3130 Euntes
1956 3082 2096 3130 ibant
2113 3089 2158 3129 et
2167 3081 2374 3144 flebant,
2409 3091 2484 3137 10,
2513 3078 2610 3140 657

1740 3146 1930 3195 Euntes
1951 3146 2005 3196 in
2027 3147 2266 3196 mundum
2291 3145 2574 3194 universum
2601 3145 2691 3203 (1),
2718 3151 2822 3203 475

1741 3212 1930 3262 Euntes
1952 3211 2004 3262 in
2027 3213 2272 3261 mundum
2293 3209 2578 3259 universum
2603 3209 2695 3268 (2),
2721 3206 2830 3268 498

1741 3276 1818 3325 Ex
1841 3277 1985 3326 altari
2009 3286 2096 3327 tuo
2117 3277 2219 3326 dhe
2241 3276 2512 3332 Christum,
2538 3273 2637 3338 536

1740 3343 1820 3391 Ex
1843 3352 2027 3408 egypto
2049 3343 2240 3401 vocavi,
2266 3351 2330 3402 27

1739 3409 1830 3456 Ex
1849 3409 2010 3458 odoris
2031 3406 2494 3472 miraftagrantia,
2518 3414 2616 3464 447

1739 3473 1829 3522 Ex
1848 3475 1991 3524 omni
2009 3475 2146 3524 corde
2167 3474 2521 3531 laudaverunt,
2551 3479 2608 3533 15

1739 3539 1816 3588 Ex
1841 3555 1943 3604 quo
1965 3540 2091 3589 facta
2117 3547 2192 3589 εἰ
2214 3553 2327 3596 vox,
2359 3548 2421 3600 53

1739 3605 1816 3653 Εκ
1833 3621 1943 3672 ο(1110
1965 3605 2134 3654 omnia
2155 3621 2246 3670 per
2267 3619 2432 3668 quem,
2464 3610 2576 3665 519,
2603 3610 2697 3662 901

1739 3671 1829 3719 Ex
1849 3679 1987 3721 utero
2007 3671 2268 3720 senectutis
2287 3677 2336 3718 et
2353 3669 2554 3726 sterilis,
2580 3678 2679 3730 330

1739 3735 1988 3785 Exaltabo
2011 3745 2061 3786 te
2082 3737 2182 3785 dne
2204 3735 2459 3800 quoniam,
2480 3732 2582 3794 482

1736 3803 2126 3851 Exaltabuntur
2143 3817 2336 3850 cornua
2343 3800 2494 3865 justi,
2519 3809 2548 3862 5

1737 3867 2127 3916 Exaltabuntur
2143 3881 2334 3916 cornua
2341 3866 2484 3930 justi
2499 3865 2574 3923 in,
2596 3875 2694 3912 210

1737 3933 1972 3983 Exaltare
1995 3934 2094 3983 dr'ie
2115 3933 2167 3982 in
2191 3932 2388 3991 virtute,
2408 3928 2511 3991 482

1737 3999 1971 4049 Exaltare
1993 4013 2140 4064 super
2161 3999 2296 4047 celos
2318 3998 2458 4056 deuS,
2481 3995 2581 4056 484

1735 4065 1984 4114 Exaltata
2005 4072 2076 4114 est
2093 4071 2267 4113 sancta
2285 4063 2368 4112 dei
2379 4061 2620 4126 genitrix,
2642 4057 2738 4121 498

1739 4131 1970 4180 Exultate
1995 4145 2162 4194 regem
2183 4145 2359 4193 regum
2381 4137 2430 4177 et
2454 4127 2712 4189 hymnum,
2737 4133 2848 4186 479

1735 4197 1955 4246 Exaudi
1973 4197 2068 4244 dfle
2083 4196 2356 4244 oratismm
2379 4209 2552 4248 mmm.
2575 4193 2677 4241 666

1738 4262 1986 4311 Exaudiat
2009 4262 2104 4310 diis
2125 4262 2377 4310 orationes
2401 4267 2604 4318 vestraS,
2627 4258 2726 4307 600

1736 4327 1985 4376 Exaudiat
2009 4335 2059 4377 te
2079 4327 2174 4376 diis
2193 4327 2246 4375 in
2269 4325 2369 4385 die,
2391 4323 2490 4386 748

1734 4393 2024 4444 Exaudivit
2043 4409 2151 4457 ergo
2171 4393 2292 4442 deus
2311 4398 2552 4450 orantem,
2578 4389 2676 4438 216
