3117 4959
771 257 881 348 llll
923 257 1249 315 OCTAVA
1280 258 1369 330 uS.
1417 255 1684 312 PETRI
1720 254 1849 312 ET
1884 256 2152 313 PAULI
2188 257 2820 316 APOSTOLORUM.

1091 365 1232 424 381

561 473 844 537 alterum
875 481 1340 554 grassatorem.
1407 471 1763 554 Responsa-

563 561 673 625 ria
695 561 776 623 de
799 559 1138 625 communi.
1216 571 1222 576 '
1447 560 1663 623 Lectio
1693 558 1763 643 ᾔ.

678 648 839 712 llum
888 657 1084 711 vocat
1114 669 1204 711 ex
1234 645 1499 711 littorea
1547 669 1626 711 ac
1669 648 1756 710 is-

677 747 820 799 tum
855 734 1098 816 clamat
1126 756 1218 798 ex
1249 735 1488 799 ethere.
1557 735 1757 798 Illum

570 825 840 888 accersit
873 844 962 886 ex
995 833 1205 906 ponto
1233 845 1248 887 :
1295 825 1494 886 istum
1526 823 1759 887 terret¹

569 933 608 975 e
639 912 798 976 celo,
891 911 1062 976 Cum
1097 913 1300 994 igitur
1327 921 1556 993 petrus
1588 912 1762 974 linea

569 999 857 1063 claustra
873 1001 1153 1082 jactaret
1179 1001 1244 1062 in
1269 999 1503 1064 freto²:
1537 999 1761 1064 Chris—

569 1097 679 1152 tus
711 1089 876 1151 retia
907 1089 1087 1152 misit
1133 1088 1202 1150 in
1253 1087 1470 1151 verbo,
1566 1087 1764 1169 Cepit

571 1176 908 1240 Christus:
939 1177 1115 1257 cepit
1143 1184 1214 1238 et
1245 1185 1470 1257 petrus
1499 1196 1514 1238 ε
1542 1175 1763 1239 Chris-

567 1273 678 1326 tus
711 1264 1106 1346 diseipulum
1128 1272 1354 1345 petrus
1385 1272 1452 1326 et
1483 1263 1763 1344 piscicu-

570 1349 755 1415 lum:
803 1361 870 1415 et
929 1351 1090 1414 dum
1151 1351 1494 1415 circundat
1537 1360 1765 1434 petrus

569 1449 841 1520 gentem
901 1459 1289 1521 squameam
1318 1459 1334 1504 ε
1387 1439 1530 1522 ipse
1581 1439 1765 1502 venit

571 1527 638 1590 in
674 1528 856 1591 retia.
1416 1526 1634 1589 Lectio
1664 1526 1761 1608 itj.

567 1616 910 1747 Paulus
971 1615 1128 1696 quia
1187 1634 1428 1696 parvus
1495 1615 1611 1678 sed
1674 1635 1764 1678 ex

722 1724 926 1784 parvo
957 1721 1238 1782 magnus
1266 1723 1281 1766 z
1327 1722 1478 1766 cum
1512 1703 1764 1764 dicere-

568 1800 674 1854 tur
693 1791 943 1854 saulus:
967 1790 1250 1870 syderea
1270 1810 1431 1853 voce
1451 1792 1761 1854 conterri-

565 1887 677 1941 tus
707 1879 921 1941 eadit:
953 1879 1150 1942 elisus
1181 1878 1458 1941 audacia
1475 1879 1761 1942 seminat

571 1967 636 2027 in
671 1967 920 2028 mundo
951 1965 1342 2029 doctrinam.
1430 1965 1631 2030 Saule
1663 1967 1760 2029 in·

568 2053 714 2135 quit
743 2053 966 2117 saule:
999 2053 1158 2134 quid
1191 2073 1298 2116 me
1330 2055 1761 2136 persequeris

569 2140 631 2204 O
665 2139 851 2202 saule
898 2140 1052 2222 lupe
1105 2161 1317 2223 rapax
1365 2143 1761 2208 comedisti:

567 2228 684 2291 sed
716 2238 1004 2309 expecta
1034 2229 1376 2311 paululum
1414 2251 1428 2294 ε
1475 2239 1543 2294 et
1574 2229 1762 2311 dige-

567 2335 689 2380 res,
781 2316 1020 2379 Parum
1091 2318 1270 2380 enim
1329 2327 1473 2381 erat
1531 2317 1760 2399 generi

568 2411 723 2466 tuo:
755 2404 936 2485 quod
970 2403 1388 2468 crucifixerat
1419 2405 1759 2470 Christum

570 2492 840 2572 insuper
888 2500 954 2555 et
1009 2511 1246 2556 manus
1298 2493 1562 2558 mittere
1622 2515 1761 2560 non

565 2579 944 2644 formidavit
985 2579 1052 2642 in
1085 2581 1317 2645 celum.

565 2669 909 2799 Mittit
953 2677 1178 2750 petrus
1210 2669 1278 2731 in
1309 2667 1533 2732 seculo
1566 2669 1761 2734 retia-

771 2756 993 2820 culum
1030 2776 1046 2821 :
1091 2756 1464 2820 circumfert
1522 2757 1761 2840 paulus

565 2843 974 2907 dominicum
1008 2844 1076 2906 in
1123 2843 1375 2907 mundo
1417 2845 1759 2911 vexillum.

571 2931 660 2996 Et
693 2931 802 2994 ille
833 2933 1124 3014 piscatur
1152 2932 1456 2996 homines
1483 2953 1500 2998 z
1532 2942 1602 2997 et
1632 2933 1759 2999 iste

569 3019 763 3082 titulo
789 3020 1033 3085 Christi
1053 3019 1276 3100 signat
1293 3029 1542 3102 gentes.
1592 3021 1757 3085 Cur-

566 3107 649 3172 rit
683 3117 960 3190 uterque
991 3109 1076 3171 ad
1109 3109 1401 3189 palmam
1424 3110 1757 3190 martyrii:

564 3205 633 3258 et
665 3205 941 3277 uterque
972 3198 1270 3278 pervenit
1301 3197 1386 3259 ad
1422 3216 1753 3263 coronam.

565 3283 794 3345 Petrus
829 3304 947 3363 pro
995 3283 1258 3348 Christo
1301 3285 1519 3365 capite
1564 3284 1757 3347 deor-

558 3389 706 3433 sum
733 3371 798 3432 in
825 3371 1005 3451 ligno
1027 3371 1488 3453 suspenditur:
1521 3372 1757 3456 paulus

559 3477 682 3538 pro
735 3457 1000 3520 Christo
1054 3459 1344 3539 pugione
1391 3469 1751 3526 truncatur.

558 3543 758 3676 Ille
783 3564 940 3606 vero
974 3547 1252 3625 propriis
1281 3566 1461 3626 gres·
1496 3547 1657 3630 [Lec.
1692 3570 1751 3614 v.

668 3633 850 3694 sibus
872 3631 1404 3713 proficiscebatur
1422 3635 1506 3697 ad
1530 3635 1751 3700 Chris-

559 3727 701 3782 tum
733 3740 746 3782 :
795 3719 1133 3801 oculisque
1163 3723 1500 3802 superiora
1546 3724 1750 3804 respi-

555 3809 734 3871 ciens
789 3807 1058 3872 beatum
1110 3808 1410 3890 spiritum
1463 3810 1749 3874 deduce·

557 3897 672 3960 bat
733 3897 818 3960 ad
884 3895 1117 3960 celum.
1213 3897 1350 3961 Iste
1422 3901 1745 3964 cervicem

551 3995 779 4049 curvat
813 3986 898 4048 ad
932 4005 1216 4086 penam:
1263 3996 1332 4049 et
1363 3985 1557 4051 offert
1600 4007 1744 4050 ver-

545 4075 746 4137 ticem
775 4073 1012 4155 capitis
1065 4075 1151 4136 ad
1199 4094 1530 4141 coronam.
1622 4076 1743 4140 Pe-

543 4171 718 4224 trum
750 4181 917 4224 crux
948 4171 1182 4225 necat.
1227 4164 1499 4245 paulum
1531 4163 1743 4244 gladi-

540 4269 616 4310 us
650 4250 968 4314 immolat.
1049 4250 1110 4315 O
1145 4251 1278 4314 duo
1309 4271 1554 4332 genera
1586 4272 1741 4333 sup-

2366 365 2525 422 882

1860 469 2125 537 Christi.
2218 471 2451 536 Petrus
2478 472 2732 554 patitur
2762 492 3013 536 crucem:

1859 559 2098 642 paulus
2160 561 2367 624 sumit
2440 561 2757 624 dominici
2830 560 3013 624 lateris

1860 649 2242 730 pugionem.
2724 647 2937 710 Lectio
2962 647 3013 728 η’

1858 736 2364 866 piscatorem
2418 736 2770 816 suspendit
2819 736 3013 800 hamus

2012 824 2263 887 crucis:
2306 833 2799 904 persecutorem
2832 843 3013 886 mucra

1862 912 2101 974 minuit
2120 911 2539 992 percussoris,
2596 911 2709 972 Ex
2731 912 3013 992 piscator!

1860 998 2017 1062 fecit
2076 1000 2241 1062 deus
2303 998 2762 1080 apostolorum
2824 999 3013 1080 princi

1862 1107 2019 1168 pem
2043 1103 2195 1151 :ex
2225 1095 2644 1169 persecutore
2676 1085 2835 1149 fecit
2870 1107 3013 1167 apos

1860 1173 2137 1237 tolicum
2212 1174 2679 1238 confessorem.
2769 1174 2974 1237 Presti

1862 1263 2087 1344 passio
2115 1263 2367 1326 socios:
2413 1282 2582 1343 quos
2627 1261 2883 1335 fecerat
2912 1262 2952 1324 fi

1864 1350 2229 1432 predicatio
2248 1350 2614 1432 copulatos,
2646 1351 3013 1432 Venerem

1862 1457 2024 1519 ergo
2054 1439 2383 1520 principes
2426 1439 2650 1520 gregis
2694 1441 2911 1501 nostri
2944 1460 2959 1500 z
2990 1443 3013 1522 1}

1862 1526 2169 1588 volumus
2218 1527 2301 1588 ad
2356 1525 2578 1590 caulas
2632 1527 2893 1589 intrare
2928 1531 3013 1590 ve!⁴

1862 1615 2149 1694 pastoris
2178 1615 2335 1694 Jesu
2363 1613 2607 1678 Christi
2630 1614 3013 1678 domininon

1861 1702 1977 1766 tri:
2010 1703 2299 1783 quicum
2324 1703 2457 1764 deo
2473 1710 2667 1783 patre
2692 1711 2765 1764 et
2797 1703 3013 1783 spiritu

1859 1799 2092 1853 sancto
2110 1791 2274 1852 vivit
2292 1799 2360 1853 et
2379 1798 2615 1871 regnat
2624 1790 2695 1851 in
2712 1791 2943 1852 secula
2958 1809 3013 1852 se

1856 1877 2157 1940 culorum
2190 1898 2403 1941 amen.
2476 1877 2606 1941 Sec.
2640 1873 3012 1942 Mattltcuml

1857 1968 2011 2097 ln
2046 1965 2160 2028 illo
2208 1975 2549 2047 tempore:
2595 1964 2811 2046 Jussit
2865 1967 3013 2046 Jesu!

1968 2053 2329 2135 discipulos
2382 2073 2537 2116 suos
2581 2053 2945 2116 ascendere
2980 2053 3013 2116 ii

1860 2141 2282 2206 naviculum:
2358 2151 2425 2204 et
2485 2142 2845 2223 precedere
2906 2159 3013 2204 eun

1858 2238 2041 2292 trans
2101 2229 2344 2293 fretum
2406 2228 2621 2292 donec
2685 2229 3013 2294 dimittere

1858 2317 2107 2382 turbas.
2201 2317 2293 2380 Et
2324 2316 2594 2398 reliqua.

1866 2405 2119 2470 Omelia
2146 2404 2386 2468 rabani
2408 2404 2699 2468 doctoris.
2769 2405 2911 2468 Lac.
2940 2401 3013 2488 vt)

1995 2513 2151 2556 uare
2184 2502 2407 2558 autem
2440 2492 2731 2573 coegerit
2764 2494 3012 2574 discipu

1996 2581 2093 2644 los
2125 2582 2479 2646 ascendere
2511 2581 2733 2642 navim
2764 2603 2781 2644 ε
2814 2589 2885 2643 et
2917 2583 3013 2663 ips

1858 2689 2021 2732 mox
2055 2669 2332 2732 dimisso
2368 2668 2616 2750 populo
2648 2669 2715 2730 in
2752 2679 3013 2732 montet!

1855 2765 2158 2821 oraturus
2189 2757 2455 2823 abierit:
2480 2756 2815 2837 johannes
2847 2755 3013 2820 mani

1856 2843 2024 2910 feste
2098 2845 2407 2908 declarat.
2520 2843 2653 2926 Qui
2714 2846 3013 2926 complet

1855 2931 2213 2997 resectione
2263 2931 2381 2996 illa
2448 2930 2673 2995 celesti
2734 2933 3013 3016 continui

1854 3021 2155 3101 subjecit.
2242 3021 2437 3103 Jesus
2490 3039 2649 3100 ergo
2696 3040 2857 3082 cum
2904 3037 3013 3100 cog

1854 3109 2147 3172 novisset
2199 3107 2358 3190 quia
2403 3106 2662 3171 venturi
2708 3116 2940 3170 essent
2979 3119 3013 3170 u

1854 3206 2162 3278 raperent
2192 3217 2390 3260 eum:
2437 3205 2505 3258 et
2549 3194 2852 3258 facerent
2905 3213 3013 3258 eun

1854 3304 2119 3365 regem.
2166 3283 2337 3367 fugit
2376 3284 2615 3348 iterum
2647 3283 2717 3347 in
2752 3293 3013 3346 montet:

1854 3371 1994 3454 ipse
2023 3371 2221 3436 solus,
2660 3370 2948 3433 Lectio
2920 3369 3013 3449 εἰῇ

1849 3460 2259 3610 Denique
2319 3458 2596 3523 domino
2670 3459 2737 3522 in
2807 3459 3013 3522 monti

2004 3567 2350 3611 cacumine
2374 3555 2877 3610 commorante:
2921 3555 3013 3608 sta

1851 3636 1971 3698 tim
2004 3645 2240 3699 ventus
2272 3636 2639 3698 contrarius
2683 3635 2939 3697 oritur:
2979 3651 3012 3694 e

1850 3725 2153 3786 turbatur
2202 3743 2427 3787 mare:
2474 3733 2543 3786 et
2592 3721 3013 3804 periclitantur

1847 3812 2149 3892 apostoli.
2242 3811 2334 3874 Et
2392 3810 2630 3874 tandiu
2690 3809 3013 3872 imminens

1846 3899 2209 3980 periculum
2240 3907 2309 3961 et
2350 3898 2772 3980 naufragium
2828 3915 3013 3978 perse·

1843 3995 2119 4052 verant·
2167 3986 2487 4068 quamdiu
2533 3986 2731 4068 Jesus
2768 4005 2909 4048 non
2938 4003 3013 4045 vo

1844 4076 1960 4140 nit.
2023 4075 2247 4138 Labor
2268 4075 2540 4156 quidem
2566 4073 3013 4154 discipulorum

1840 4163 1908 4226 in
1942 4162 2371 4244 remigando.
2418 4171 2486 4226 et
2533 4163 2909 4226 contrarius
2950 4159 3013 4220 eis

1838 4261 2121 4314 ventus:
2168 4250 2429 4313 labores
2483 4260 2717 4314 sancte
2766 4247 3013 4311 ecclesie

536 4336 884 4420 pliciorum
947 4339 1012 4400 in
1077 4339 1340 4402 duobus
1413 4340 1737 4421 apostolis
1836 4340 2054 4402 varios
2076 4339 2597 4422 designattqui⁴
2624 4340 2800 4401 inter
2832 4335 3013 4399 undas

665 4473 680 4503 ¹
717 4479 885 4521 tenet:
921 4471 989 4522 N.
1195 4477 1216 4505 ²
1249 4475 1427 4524 freno:
1463 4475 1530 4526 N.

1788 4477 1808 4506 ⁸
1848 4481 1861 4506 ‘
1880 4475 2043 4542 xz'itj’
2069 4475 2204 4526 add:
2236 4474 2290 4525 S.

2535 4476 2554 4507 ⁴
2588 4489 2688 4542 que
2712 4492 2725 4525 ε
2758 4472 2906 4523 ΚΝ.
