3117 4959
584 231 646 286 S.
696 228 1100 285 GERMANI
1142 228 1339 282 EPIS
1342 228 1389 282 C
1390 227 1543 282 OPI.

976 337 1135 392 289

444 445 688 510 Videte
718 443 990 524 vigilate
1020 452 1098 506 ut
1121 453 1337 524 supra.
1420 440 1644 507 Cetera

444 533 524 596 de
548 531 875 596 communi
916 532 1114 594 unius
1155 529 1532 610 confessoris
1576 537 1645 591 et

429 621 763 704 pontificis
820 639 961 680 cum
1020 619 1311 682 oratione
1354 616 1643 698 propria.

446 707 778 772 Memoria
822 706 903 769 de
948 715 1165 768 sancto
1224 704 1396 768 beda.
1507 704 1643 766 Ari.

454 797 593 860 Iste
623 806 725 859 est
750 794 863 875 qui
896 804 1052 856 ante
1084 794 1301 856 deum.
1373 808 1420 876 γ
1452 792 1646 872 Mag-

446 883 755 946 nificavit.
838 881 1081 945 Oratio.
1143 880 1423 944 Adesto,
1514 878 1648 942 Ubi

452 983 666 1035 tamen
744 968 1097 1032 versiculus
1183 968 1450 1048 Justum
1528 967 1648 1029 de-

448 1059 664 1122 duxit.
712 1078 835 1120 non
866 1055 1113 1119 dicitur
1150 1055 1248 1118 ad
1284 1053 1649 1117 matutinas

436 1155 701 1230 propter
744 1144 989 1208 medias
1030 1143 1318 1206 lectiones
1340 1165 1363 1205 .·
1409 1163 1529 1223 quc
1554 1161 1650 1204 oc-

448 1243 723 1298 currunt
742 1256 766 1296 .·
811 1241 960 1296 tunc
986 1230 1288 1294 dicendus
1324 1239 1419 1293 est
1449 1229 1651 1292 versi-

450 1321 630 1384 culus
660 1319 772 1384 ille
798 1319 895 1382 ad
917 1318 1295 1382 memoriam
1324 1315 1403 1380 de
1428 1326 1651 1380 sancto

452 1409 625 1472 beda.

454 1501 519 1574 11
570 1494 806 1560 Sancti
880 1493 1187 1576 germani
1256 1490 1523 1573 episcopi
1593 1501 1656 1554 et

447 1583 843 1665 confessoris.
1362 1579 1576 1642 Lectio
1589 1579 1652 1660 j.

449 1675 787 1806 Beatus
816 1688 1172 1751 germanus
1192 1667 1497 1730 territorii
1530 1687 1650 1728 au-

598 1757 1113 1840 gustudunensis
1167 1755 1480 1836 indigena
1526 1753 1652 1816 suit

455 1849 799 1912 ordinatus
846 1844 1235 1927 parisiorum
1298 1841 1654 1925 pontifex:

455 1935 669 2017 qualis
715 1941 1135 2015 quantusque
1195 1950 1266 1993 se
1326 1931 1601 2012 gesserit
1638 1950 1652 1993 ε

452 2022 579 2086 hoc
610 2020 927 2103 expedire
951 2019 1186 2100 ‘lingua
1218 2017 1515 2080 mortalis
1534 2016 1650 2079 vix

457 2109 712 2172 sufficit.
806 2107 1099 2190 Quidam
1160 2125 1251 2168 ex
1311 2124 1446 2167 uno
1506 2105 1654 2166 vico

458 2198 544 2260 de
576 2193 906 2258 fiscalibus
937 2192 1203 2256 famulis
1248 2189 1653 2273 gildemerus

457 2283 727 2347 nomine
756 2300 908 2344 cum
939 2281 1047 2344 die
1071 2279 1405 2343 dominico
1435 2278 1654 2360 operi-

456 2373 583 2435 bus
614 2370 963 2433 indiscrete
1015 2367 1523 2449 presumpsisset
1556 2367 1652 2429 in-

455 2459 771 2524 tendere:
834 2457 927 2520 ita
993 2454 1403 2518 contrahitur
1477 2455 1652 2536 digi-

453 2548 539 2610 tis
571 2555 647 2608 ut
691 2543 1009 2626 unguium
1064 2561 1343 2606 acumen
1392 2551 1653 2625 partem

454 2633 761 2698 transiret
795 2633 861 2694 in
903 2631 1203 2694 alteram.
1298 2629 1431 2712 Qui
1478 2629 1653 2711 pari-

456 2723 591 2785 sius
629 2730 860 2783 sancto
906 2720 1045 2781 viro
1092 2718 1371 2780 occurrit
1404 2716 1469 2778 in
1503 2736 1652 2779 ora-

454 2810 641 2874 torio,
736 2808 824 2871 Et
857 2808 1155 2870 oratione
1199 2804 1399 2867 data:
1450 2824 1654 2867 manu

456 2898 607 2961 oleo
637 2905 956 2979 peruncta
983 2915 997 2957 ε
1029 2913 1284 2974 ungues
1314 2892 1397 2954 de
1428 2891 1658 2973 palma

458 2987 859 3051 reducuntur
940 2991 1007 3046 et
1105 2980 1330 3062 digitis
1404 2980 1657 3043 sanitas

459 3073 757 3136 redditur
780 3069 1073 3153 pristina.
1340 3066 1554 3130 Lectio
1587 3087 1655 3148 y.

598 3161 837 3223 uedam
880 3157 1113 3220 mulier
1158 3154 1426 3218 nomine
1472 3154 1653 3217 favo-

470 3162 705 3326 Qnia
780 3246 845 3308 in
924 3245 1085 3308 urbe
1160 3242 1480 3325 parisiaca
1540 3262 1661 3323 per

461 3354 701 3399 novem
756 3333 898 3395 dies
941 3351 1053 3394 ore
1084 3340 1315 3412 aperto
1348 3329 1606 3392 inhians
1642 3351 1657 3394 :

458 3433 689 3487 sancto
718 3421 859 3483 viro
887 3420 1117 3482 oblata
1146 3426 1263 3480 est.
1332 3416 1555 3499 Quam
1591 3418 1657 3480 in

460 3509 748 3576 oratorio
797 3526 983 3569 sacro
1037 3523 1407 3587 perungens
1454 3504 1604 3566 oleo
1642 3526 1656 3569 :

459 3597 677 3680 capite
709 3594 999 3674 undique
1017 3592 1291 3675 palpato
1310 3590 1450 3654 sine
1471 3612 1659 3655 mora

458 3683 657 3748 saluti
733 3680 1039 3744 restituit.
1174 3676 1444 3741 Accidit
1528 3688 1602 3743 ut
1637 3681 1652 3718 ¹

459 3770 680 3856 puella
733 3768 1021 3852 quedam
1071 3765 1265 3830 filans
1300 3766 1409 3828 die
1440 3767 1653 3830 domi·

458 3861 609 3924 nico
680 3864 1023 3920 contracta
1121 3873 1320 3918 manu
1406 3873 1654 3936 magno

454 3945 914 4030 torqueretur²
944 3940 1285 4026 supplicio.
1333 3960 1465 4023 qua
1496 3961 1654 4006 con-

454 4045 717 4100 tracta:
774 4032 923 4096 oleo
984 4052 1023 4094 a
1084 4031 1282 4094 beato
1334 4048 1653 4111 germano

453 4126 660 4188 virtus
692 4119 933 4185 infudit
965 4118 1328 4182 remedium
1361 4124 1427 4180 et
1458 4115 1650 4200 digiti

456 4221 789 4275 sanantur.
1303 4205 1514 4268 Lectio
1544 4205 1646 4286 iij.

557 4347 570 4374 ¹
608 4361 699 4408 pro
730 4342 842 4392 ‘ut’
870 4349 956 4392 et:
994 4341 1133 4390 RN.

552 4411 573 4442 ³
606 4416 897 4474 torquetur:
934 4407 995 4456 R.
1068 4406 1414 4474 torquebatur:
1452 4405 1518 4455 N.

1773 229 1839 282 S.
1889 229 2008 318 ΡΕΙ
2012 231 2067 284 Τ
2059 229 2433 285 RONILLE
2489 231 2871 286 VIRGHVIS.

2250 337 2410 392 290

1887 440 2113 505 uidam
2186 444 2271 506 de
2323 444 2472 506 vico
2537 443 2688 506 novi
2737 443 2954 506 homo

1884 528 2312 594 vehementer
2330 530 2574 594 inimici
2593 551 2956 613 persuasus

1748 615 2004 680 insidiis
2055 638 2070 682 :
2175 638 2406 682 amens
2500 617 2770 682 effectus
2867 619 2953 681 ad

1747 704 1962 768 virum
2027 705 2136 768 dei
2203 706 2484 770 vinculis
2551 726 2766 770 nexus
2837 706 2958 768 ad-

1753 791 2032 856 ducitur.
2145 791 2280 874 Qui
2327 803 2649 857 exorante
2708 803 2958 857 saneto

1747 881 1939 943 viro:
2017 880 2102 943 ad
2155 901 2228 944 se
2284 891 2708 963 mentemque
2749 901 2954 944 suam

1749 968 2113 1031 revertitur.
2252 967 2426 1032 Item
2481 989 2630 1034 cum
2677 970 2960 1032 illustris

1747 1054 1868 1118 viri
1915 1054 2051 1118 filia
2081 1056 2150 1118 in
2185 1057 2466 1120 articulo
2513 1057 2744 1120 mortis
2791 1077 2958 1139 pos-

1749 1142 1844 1206 ita
1884 1141 2394 1208 lamentaretur:
2440 1144 2748 1208 invitatus
2795 1145 2962 1208 bea·

1749 1237 1858 1294 tus
1887 1250 2242 1312 germanus
2273 1230 2359 1294 ad
2405 1231 2622 1313 puelle
2665 1232 2964 1297 cadaver

1751 1326 2081 1400 properat.
2173 1317 2330 1400 Quo
2361 1327 2723 1384 exorante:
2751 1319 2964 1383 flatus

1751 1404 1973 1486 puelle
2033 1405 2365 1470 reducitur
2423 1406 2694 1472 vitalis:
2767 1407 2964 1470 calor

1751 1512 1871 1575 per
1919 1494 2218 1556 membra
2269 1493 2682 1559 refunditur:
2727 1503 2800 1558 et
2837 1515 2960 1576 pu-

1753 1579 1881 1644 elle
1957 1590 2259 1644 revocate
2311 1581 2398 1645 de
2445 1582 2669 1646 sunere
2728 1591 2956 1646 totum

1753 1667 2032 1730 vertitur
2105 1668 2172 1730 in
2248 1668 2533 1732 salutem
2569 1689 2586 1732 :
2661 1669 2746 1733 ad
2813 1671 2961 1733 lau-

1753 1755 1907 1818 dem
1941 1754 2197 1819 domini
2231 1756 2437 1843 nostri
2481 1758 2641 1838 Jesu
2675 1756 2957 1822 Christi.

1760 1842 1984 1909 Cetera
2033 1843 2116 1906 de
2167 1844 2496 1907 communi
2551 1845 2752 1908 unius
2807 1867 2962 1908 con-

1735 1930 2024 2012 fessoris
2048 1939 2114 1993 et
2125 1931 2472 2014 pontificis.

1755 2022 1820 2095 ΕΙ
1849 2017 1906 2081 S
1905 2027 2088 2080 ancte
2093 2019 2438 2100 petronille
2457 2019 2762 2101 virginis.
2805 2021 2890 2084 L.
2893 2020 2955 2102 j.

1752 2107 1857 2236 l
1861 2106 2040 2187 gitur
2084 2105 2422 2170 consessor
2471 2106 2715 2172 Christi
2779 2127 2958 2170 mar·-

1863 2191 2068 2256 cellus
2150 2195 2262 2275 qui
2333 2215 2452 2275 per
2524 2195 2706 2257 beati
2781 2195 2956 2276 petri

1751 2281 2034 2361 apostoli
2055 2280 2572 2362 predicationem
2591 2283 2958 2364 discipulus

1750 2368 2046 2432 veritatis
2067 2367 2405 2432 effectus⁸z
2427 2369 2519 2431 εἰ*
2534 2371 2620 2434 de
2638 2370 2956 2450 petronil-

1753 2455 1820 2518 la
1865 2455 2163 2536 ejusdem
2197 2458 2368 2538 petri
2403 2455 2537 2519 filia
2569 2457 2664 2520 ita
2707 2458 2954 2520 scribit.

1755 2543 1928 2606 Cum
1989 2544 2167 2626 apud
2236 2553 2498 2626 petrum
2575 2546 2952 2627 apostolum

1754 2628 2020 2712 plurimi
2087 2631 2232 2712 ejus
2290 2631 2596 2713 discipuli
2663 2633 2956 2696 reficere-

1755 2739 1936 2780 mur:
1981 2719 2263 2800 contigit
2321 2729 2395 2783 ut
2471 2720 2633 2783 titus
2707 2721 2956 2784 diceret
3079 2765 3081 2790 .

1755 2805 2076 2888 apostol0.
2145 2807 2314 2870 Cum
2351 2807 2632 2870 universi
2665 2828 2706 2871 a
2737 2817 2806 2871 te
2829 2809 2958 2871 sal-
3078 2797 3081 2862 ἶ

1754 2902 1992 2957 ventur
2011 2893 2250 2956 infirmi
2274 2916 2288 2957 :
2313 2915 2515 2975 quare
2535 2896 2954 2976 petronillam

1757 2981 2171 3063 paraliticam
2197 2981 2416 3062 jacere
2436 2984 2786 3064 permittis».
2834 2983 2955 3047 Ait

1757 3069 1816 3132 ei
1842 3068 2201 3148 apostolus,
2237 3069 2348 3134 Sic
2373 3071 2654 3152 expedit
2677 3071 2758 3135 ei.
2789 3071 2866 3134 L.
2887 3071 2955 3152 ij.

1775 3159 1932 3290 U
1938 3165 1967 3218 t
2027 3176 2186 3237 ergo
2247 3157 2424 3220 beati
2499 3158 2673 3238 petri
2749 3160 2954 3221 virtus

1937 3242 2364 3308 claresceret:
2438 3245 2698 3309 cunctis
2773 3247 2956 3309 audi-

1759 3330 2026 3394 entibus
2115 3331 2318 3394 verbo
2405 3334 2664 3414 potenti
2745 3333 2956 3415 inquit

1757 3420 1845 3482 ad
1924 3438 2072 3482 eam
2151 3428 2380 3501 petrus
2447 3420 2663 3502 Surge
2737 3431 2958 3502 petro-

1758 3506 1920 3568 nilla
1993 3515 2061 3569 et
2143 3506 2444 3570 ministra
2517 3508 2728 3572 nobis.
2867 3509 2956 3571 Et

1755 3593 1984 3657 statim
2029 3594 2315 3656 surrexit
2359 3614 2523 3657 sana
2585 3595 2956 3660 Ministerio

1755 3691 1978 3745 autem
2011 3680 2324 3763 expleto:
2349 3681 2547 3762 jussit
2578 3704 2731 3746 eam
2763 3705 2956 3766 apos-

1755 3769 1929 3832 tolus
1961 3768 2172 3833 redire
2203 3770 2287 3832 ad
2321 3770 2674 3850 grabatum
2701 3792 2717 3834 :
2749 3781 2822 3834 at
2845 3773 2952 3834 ubi

1755 3855 1820 3920 in
1853 3856 1960 3919 dei
1993 3857 2231 3920 timore
2263 3857 2437 3940 cepit
2470 3877 2614 3921 esse
2645 3859 2950 3941 perfecta.

1756 3943 1914 4025 Ipsa
1945 3964 2079 4008 non
2111 3944 2325 4007 solum
2371 3965 2537 4008 sana
2587 3955 2692 4009 est
2741 3947 2953 4012 facta:

1750 4032 2182 4094 verumetiam
2215 4031 2514 4113 plurimis
2546 4037 2952 4116 recuperavit

1751 4119 1816 4182 in
1851 4119 2088 4183 melius
2135 4119 2270 4182 suis
2323 4119 2737 4184 orationibus
2781 4123 2952 4186 sani-

1748 4214 1972 4270 tatem.
2595 4207 2815 4271 Lectio
2859 4210 2948 4292 iij.

2045 4341 2064 4370 ⁸
2107 4339 2402 4390 ‘est’addz
2441 4340 2578 4391 RN.

2045 4409 2064 4438 ⁴
2103 4407 2211 4456 ‘et’
2237 4421 2337 4456 om.
2369 4425 2382 4456 ε
2419 4405 2562 4459 R.N.
2593 4421 2604 4430 ·
