3117 4959
640 269 1159 325 SANCTORUM
1206 271 1608 326 GERMANI
1649 271 1770 326 ET
1811 270 2166 326 REMIGH.

692 377 827 432 591

148 479 560 563 decrepitam
584 483 755 545 vixit
779 491 1046 546 etatem.
1141 482 1349 565 Cujus

148 569 489 650 eloquium
554 570 639 633 ab
699 571 953 634 oriente
1009 592 1217 653 usque
1279 573 1345 635 in

148 658 567 723 occidentem
614 659 700 722 ad
766 661 973 722 instar
1032 660 1189 724 solis
1252 681 1349 724 re·

150 745 511 821 splenduit.
579 747 873 829 Septima
890 747 1069 810 lectio
1092 758 1349 812 tantum

147 835 233 896 de
272 834 651 916 expositione
700 856 959 917 evange.
1004 836 1349 920 secundum

145 922 410 985 lucam:
488 923 717 986 Nolite
760 925 993 986 timere
1056 924 1347 1006 pusilluS.

152 1010 411 1074 Omelia
440 1021 518 1073 ut
543 1011 613 1074 in
643 1011 981 1075 communi.
1045 1013 1185 1076 Lec.
1206 1013 1347 1094 viij.

142 1099 539 1229 pergunt
573 1101 799 1182 itaque
830 1101 915 1164 ad
943 1100 1345 1164 visitandum

303 1188 917 1270 consolandumque
1044 1187 1349 1270 hierony-

146 1295 333 1337 mum
368 1275 529 1338 dum
564 1277 628 1338 in
664 1275 887 1340 labore
920 1285 1095 1340 esset
1118 1277 1347 1340 catho-

146 1362 257 1427 lici
288 1364 597 1427 seniores,
690 1363 805 1427 Ad
862 1365 1133 1427 beatum
1180 1387 1345 1448 quo-

143 1473 283 1533 que
331 1454 755 1534 augustinum
806 1453 1191 1535 episcopum
1244 1474 1346 1516 se-

140 1559 301 1602 cum
353 1540 623 1622 quidem
672 1542 897 1604 anima
950 1541 1015 1603 in
1070 1541 1345 1604 ecclesia

142 1627 477 1692 catholica
524 1639 989 1712 cooperantem
1024 1651 1040 1692 :
1088 1638 1156 1692 et
1202 1651 1346 1692 cor-

143 1737 310 1797 pore
340 1718 605 1780 autem¹
658 1718 723 1780 in
779 1717 1005 1780 affrica
1056 1717 1343 1780 scriben-

140 1817 332 1868 tem:
379 1807 472 1868 sic
526 1807 695 1868 inter
752 1815 973 1868 cetera
1032 1807 1343 1889 scripsit:

142 1893 403 1956 Nostra
460 1891 813 1956 habuimus
874 1903 1228 1976 tempora:
1277 1903 1343 1957 et

136 1982 549 2046 cucurrimus
581 1991 905 2064 quantum
938 1981 1343 2064 potuimus²z

140 2089 326 2132 nunc
356 2079 423 2132 te
453 2081 755 2134 currente
788 2079 857 2134 et
888 2069 1087 2153 longa
1118 2071 1344 2152 spacia

137 2159 645 2222 transmittente
765 2158 957 2221 nobis
1060 2158 1343 2222 debetur

135 2247 390 2310 ocium.
1009 2246 1225 2310 Lectio
1258 2246 1338 2311 ix.

132 2337 247 2467 l
254 2335 431 2416 gitur
452 2334 877 2416 hieronymus
896 2353 1097 2416 quam
1120 2334 1341 2399 Chris-

256 2433 327 2485 to
387 2425 517 2486 deo
576 2423 961 2487 adolescens
1021 2433 1343 2486 voverat:

132 2512 318 2575 hanc
350 2511 709 2593 perfectam
741 2513 955 2575 eidem
1005 2510 1146 2593 jam
1199 2532 1345 2574 cor-

132 2619 307 2683 pore
337 2599 581 2662 obtulit
611 2601 817 2663 vitam
853 2619 1041 2662 suam
1074 2607 1339 2662 cautam

132 2687 541 2771 placabilem
604 2689 857 2752 unitam
927 2687 995 2750 in
1071 2686 1343 2751 heremo

132 2777 579 2859 penitentiam
614 2775 1169 2840 bethleemiticam
1200 2797 1216 2840 :
1263 2777 1341 2839 li-

133 2864 280 2928 bris
340 2874 636 2946 preterea
694 2865 831 2928 suis
890 2884 1011 2946 per
1074 2884 1197 2926 sex
1274 2874 1341 2927 et

133 2953 633 3035 quinquaginta
708 2972 919 3015 annos
994 2951 1137 3015 sine
1206 2952 1341 3015 ullo

131 3041 295 3104 ocio
324 3041 500 3123 apud
548 3040 1075 3104 bethleemiticos
1121 3050 1337 3104 totum

134 3128 424 3210 replevit
476 3129 710 3192 orbem
767 3127 1096 3210 spirituali
1142 3149 1341 3211 opere

134 3217 805 3299 irreprehensibiliter
837 3219 1243 3280 consumatis
1264 3217 1291 3256 ³
1324 3238 1339 3282 :

132 3314 383 3368 octavo
414 3315 481 3368 et
527 3305 935 3388 octogesimo
980 3306 1181 3370 etatis
1224 3327 1343 3369 sue

133 3413 323 3458 anno
375 3394 441 3456 in
486 3395 759 3458 domino
810 3394 1180 3475 requievit:
1235 3395 1339 3458 cui

130 3491 243 3546 est
306 3481 519 3545 honor
576 3492 644 3545 et
703 3481 915 3564 gloria
974 3483 1041 3545 in
1117 3479 1341 3546 secula

131 3570 513 3634 seculorum
547 3590 759 3634 amen.
828 3568 1051 3635 Cetera
1080 3570 1177 3632 ad
1203 3591 1341 3632 ma-

134 3657 289 3721 luti.
320 3667 383 3721 et
406 3657 603 3722 leoras
646 3657 726 3721 de
775 3657 1104 3721 communi
1146 3660 1345 3722 unius

129 3747 520 3826 confi’ssortk
549 3745 825 3809 doctoris
854 3767 980 3808 non
1010 3747 1343 3829 pontt'fictlr

126 3855 286 3898 cum
333 3835 621 3898 oratione
674 3832 903 3900 Sancti
947 3833 1339 3916 hieronymi.

128 3922 267 3986 Ad
332 3934 625 4005 vesperas
681 3931 789 3985 αῆ.
895 3922 1163 4004 Justum
1224 3923 1340 3986 de-

128 4011 339 4075 duxit
382 4011 711 4075 dominus.
804 4011 905 4074 Et
945 4021 1140 4075 cetere
1164 4011 1339 4074 anti:-

110 4099 337 4182 phone
382 4099 464 4162 de
510 4097 817 4162 laudibus
866 4119 1007 4162 cum
1054 4100 1341 4182 psalmis

108 4187 501 4272 finalibus.
592 4185 741 4269 Cap.
792 4188 1335 4252 Benedictionem

244 4337 257 4366 ¹
296 4353 387 4400 pro
416 4340 609 4386 ‘autem
632 4335 645 4359 ’
668 4335 801 4385 enirn
830 4355 841 4385 :
879 4337 945 4385 N.

238 4403 261 4432 ²
301 4409 501 4466 ‘quamn
534 4401 657 4467 pot.'
684 4419 783 4451 om.
814 4420 826 4450 :
866 4403 1006 4453 R.N.

240 4472 259 4499 ⁸
293 4469 687 4520 consummatis:
726 4469 931 4520 R.N.S.

1973 361 2137 434 592'

1453 484 1565 548 Re.
1615 485 1734 548 Vir
1797 484 2088 549 israelita
2143 483 2452 564 Hymnus
2495 485 2654 565 Jesu

1452 573 1849 656 redemptor.
1987 593 2036 656 y
2135 571 2430 636 Amavit.
2567 573 2652 636 In

1448 661 1731 744 evangel.
1763 670 1872 726 aa.
1965 660 2292 728 Similabo
2323 681 2498 726 eum.
2553 669 2652 742 pf.

1453 749 1860 832 Magnificat.
1959 749 2190 814 Oratio
2237 750 2466 814 Sancti
2515 748 2652 812 hie·

1450 838 1728 920 ronymi.
1825 842 1890 915 (Ι
1937 836 2270 901 Memoria
2303 838 2384 899 de
2409 838 2652 918 cordes-

1446 925 1702 988 sore'bus
1759 925 1820 988 Α
1834 935 1893 988 ἦ.
1945 925 2342 1007 Fulgebunt.
2399 942 2480 1078 Oy
2529 926 2650 990 Sa-

1448 1015 1771 1077 cerdoteS.
1785 1012 1788 1015 ’
2460 1014 2649 1077 ratio.

1446 1101 1807 1233 Exaudi
1855 1101 2125 1165 domine
2172 1101 2493 1183 populum
2541 1112 2650 1164 tu-

1601 1211 1709 1253 um
1743 1211 1757 1254 :
1805 1198 1872 1252 et
1902 1198 2282 1253 sanctorum
2316 1187 2648 1253 confesso-

1448 1298 1593 1340 rum
1627 1289 1890 1341 tuorum
1921 1279 2217 1359 germani
2253 1279 2506 1360 remigii
2538 1299 2647 1340 ve-

1448 1366 1620 1428 dasti
1693 1366 1969 1429 bavonis
2033 1375 2234 1448 atque
2311 1363 2642 1447 piatonis⁴

1446 1453 1747 1516 solennia
1778 1453 2224 1516 celebrantem
2251 1475 2264 1515 :
2314 1462 2646 1534 tempora-

1446 1541 1526 1603 lis
1558 1543 1695 1604 vite
1727 1542 1942 1605 tribue
1988 1561 2150 1622 pace
2197 1541 2531 1622 gaudere:
2577 1551 2647 1604 et

1445 1639 1748 1693 eternum
1782 1630 2061 1712 reperire
2091 1629 2476 1692 subsidium.
2531 1649 2648 1712 per

1446 1719 1815 1780 dominum.

1448 1811 1512 1884 ff
1544 1806 1628 1868 In
1649 1805 2076 1869 translatione
2099 1805 2468 1868 saitctorum
2487 1825 2644 1887 ger-

1447 1895 1634 1956 mani
1659 1894 1924 1976 remigii
1947 1905 2052 1959 etc.
2160 1893 2378 1956 Lectio
2392 1893 2642 1975 prima.

1441 1985 1778 2115 Beatus
1832 1983 2030 2065 igitur
2081 2001 2436 2064 germanus
2467 1983 2642 2044 anti-

1590 2071 2034 2134 siodorensis⁶
2079 2070 2428 2152 episcopus
2459 2070 2640 2152 apud

1444 2179 1804 2222 ravennam
1839 2159 2018 2222 italie
2062 2158 2400 2223 civitatem
2431 2159 2596 2221 obiit
2628 2180 2670 2221 :-

1443 2256 1513 2309 et
1594 2247 2149 2330 quinquagesimo
2245 2247 2442 2310 tertio
2534 2246 2644 2310 die

1442 2355 1703 2398 sacrum
1736 2356 1972 2419 corpus
2004 2356 2044 2398 a
2075 2335 2370 2416 quodam
2403 2333 2642 2417 regalis

1443 2422 1726 2487 cubiculi
1760 2425 2096 2506 preposito
2120 2445 2134 2487 :
2155 2423 2342 2503 cujus
2360 2443 2639 2506 puerum

1443 2532 1484 2575 a
1543 2511 1832 2575 demone
1895 2520 2236 2575 curaverat
2296 2510 2638 2575 conditum

1442 2600 1851 2663 aromatibus
1899 2621 1916 2664 :
2009 2600 2270 2683 proprie
2347 2598 2646 2662 redditur

1442 2688 1605 2751 urbi.
1697 2689 1943 2752 Beatus
1989 2687 2188 2751 vero⁶
2233 2687 2544 2768 remigius
2577 2688 2644 2749 in

1443 2776 1606 2838 urbe
1674 2775 1954 2839 remensi
2027 2773 2488 2858 pontificatum
2543 2784 2642 2838 te-

1442 2884 1608 2926 nens
1635 2885 1649 2928 :
1683 2865 2020 2947 quendam
2053 2882 2280 2927 cecum
2312 2862 2643 2925 illumina-

1440 2954 1579 3016 vit:
1627 2962 1694 3015 et
1741 2952 1827 3015 ab
1873 2972 1955 3015 eo
2001 2961 2257 3033 pestem
2313 2951 2640 3015 immundi

1442 3041 1710 3122 spiritus
1762 3039 2097 3122 effugavit.
2192 3038 2322 3101 His
2370 3058 2528 3101 vero
2573 3047 2642 3102 et

1442 3130 1594 3191 aliis
1621 3139 1762 3193 tam
1795 3129 1859 3191 in
1892 3129 2031 3192 vita
2077 3147 2280 3209 quam
2313 3135 2466 3209 post
2497 3125 2644 3189 obi·-

1442 3226 1586 3281 tum
1622 3217 1979 3280 innumeris
2025 3214 2356 3279 miraculis
2387 3214 2638 3278 claruit.

1444 3304 1936 3388 Sepultumque
1981 3314 2082 3367 est
2113 3323 2350 3386 corpus
2383 3301 2527 3384 ejus
2573 3302 2640 3365 in

1443 3393 1720 3457 ecclesia
1769 3395 1979 3456 sancti
2035 3389 2408 3456 christofori
2472 3410 2646 3453 mar-

1442 3483 1626 3563 tyris
2324 3478 2552 3542 Lectio·
2575 3478 2644 3560 ᾔ.

1609 3570 1880 3634 edastus
1923 3589 2080 3632 vero
2123 3568 2644 3632 atrebatensium

1597 3659 1948 3741 episcopus
1961 3679 1975 3721 :
1989 3657 2261 3740 quando
2281 3655 2524 3720 laboris
2544 3657 2643 3718 sui

1442 3749 1698 3829 premia
1728 3747 1858 3810 deo
1890 3747 2317 3830 dispensante
2347 3745 2646 3826 accipere

1441 3835 1674 3900 debuit
1718 3856 1732 3898 :
1778 3834 1962 3898 febre
2019 3833 2241 3898 valida
2303 3838 2644 3913 correptus

1440 3933 1586 3988 est:
1633 3932 1702 3986 et
1761 3933 1956 3986 nocte
2015 3921 2305 4004 quadam
2353 3920 2494 3983 visa
2539 3928 2644 3981 est

1438 4013 1618 4075 clara
1669 4011 1830 4075 lucis
1883 4009 2192 4074 columna
2253 4029 2294 4070 a
2353 4006 2642 4071 culmine

1440 4101 1720 4164 domus:
1770 4099 1838 4162 in
1885 4118 2018 4180 qua
2067 4105 2334 4160 sanctus
2373 4093 2642 4176 jacebat

1441 4207 1651 4270 usque
1711 4188 1798 4250 ad
1859 4186 1983 4248 celi
2043 4184 2384 4265 fastigium
2463 4192 2638 4245 stare

1679 4339 1696 4367 ⁴
1731 4334 1926 4400 piathi:
1965 4333 2030 4383 N.

1678 4405 1698 4434 ὅ
1731 4400 2196 4450 antissiodorensis:
2233 4400 2281 4448 S.

1679 4471 1698 4500 ⁶
1738 4477 1750 4498 ‘
1775 4468 1918 4519 vcro’
1952 4483 2050 4518 om.
2084 4485 2096 4520 t
2136 4465 2274 4517 RN.
