3117 4959
811 137 914 194 IN
960 135 1617 194 TRANSLATIONE
1660 135 1725 192 S.
1772 133 2080 192 THOME
2124 135 2580 196 MARTYRJS.

977 247 1136 306 883

453 354 670 420 lucem
745 354 1084 436 processit.

456 443 770 506 sederunt
844 443 1059 525 primo
1131 441 1504 523 principes:
1580 447 1649 504 et

461 532 774 595 adversus
902 549 1056 592 eum
1187 529 1648 610 loquebantur.

461 619 680 683 Actus
732 625 834 680 est
885 618 1086 680 etiam
1136 616 1246 680 die
1300 617 1530 679 martis
1584 617 1651 678 in

465 707 763 770 exilium.
877 705 1006 768 Die
1060 705 1291 768 martis
1343 703 1655 786 apparuit

465 795 525 858 ei
573 793 882 857 dominus
927 791 1108 874 apud
1153 793 1653 874 pontiniacum:

467 891 536 946 et
567 882 743 944 dixit
772 879 848 945 ei.
939 881 1206 944 Thoma
1235 880 1502 944 thoma:
1549 899 1655 943 ec-

467 969 669 1034 clesia
721 987 872 1032 mea
930 967 1318 1050 gloriabitur
1375 969 1443 1030 in
1505 985 1657 1030 san-

468 1058 672 1141 guine
699 1065 836 1121 tuo,
929 1057 1057 1119 Die
1087 1057 1290 1119 etiam
1317 1055 1545 1118 martis
1569 1053 1657 1118 ab

469 1145 675 1210 exilio
707 1152 808 1208 est
838 1163 1150 1208 reversus,
1282 1142 1501 1206 Lectio
1531 1142 1656 1224 iiij.

469 1234 686 1368 Die
735 1233 964 1296 martis
1013 1230 1310 1312 martyrii
1362 1230 1656 1313 palmam

627 1321 908 1402 adeptus
939 1329 1056 1382 est.
1136 1320 1266 1382 Die
1297 1339 1454 1400 ergo
1485 1337 1660 1381 mar-

469 1409 557 1474 tis
587 1409 872 1492 gloriose
913 1406 1274 1472 translatus
1303 1417 1424 1470 est.
1512 1405 1662 1469 An-

473 1517 562 1561 no
653 1517 811 1559 vero
906 1507 1144 1578 quarto
1233 1493 1661 1577 pontificatus

472 1585 750 1667 piissimi
825 1584 1030 1666 patris
1102 1582 1360 1646 honorii
1435 1601 1661 1664 pape:

471 1673 672 1737 etatis
761 1673 961 1735 etiam
1055 1671 1303 1735 henrici
1393 1670 1663 1733 illustris

473 1761 820 1842 anglorum
898 1758 1070 1840 regis
1149 1757 1661 1822 tertiodecimo:

473 1847 887 1930 temporibus
960 1847 1384 1910 sacratissimi
1455 1845 1663 1928 patris

473 1935 782 2018 stephani
835 1935 1182 1999 translatio
1230 1943 1334 1998 est
1377 1932 1665 2015 gloriose

476 2031 952 2088 consummata.
1047 2023 1137 2086 Et
1159 2023 1396 2086 merito
1426 2022 1661 2086 talium

474 2110 923 2194 temporibus:
965 2111 1123 2193 quia
1141 2111 1254 2192 qui
1278 2111 1666 2175 innocenter

473 2201 777 2264 vixerat:
822 2198 1067 2262 decens
1115 2207 1255 2262 erat
1305 2207 1374 2262 et
1424 2198 1665 2261 hones-

473 2297 662 2352 tum:
754 2295 828 2350 ut
903 2287 990 2350 ab
1067 2285 1528 2350 innocentibus
1596 2293 1665 2348 et

474 2375 887 2459 temporibus
951 2375 1379 2438 innocentum
1452 2383 1667 2438 trans-

473 2464 732 2528 feratur.
1361 2461 1575 2526 Lectio
1604 2481 1663 2524 v.

613 2551 845 2616 ualiter
902 2549 1249 2615 translatio
1299 2548 1668 2614 beatissimi

611 2640 920 2722 martyris
965 2640 1195 2703 thome
1224 2637 1404 2702 sacta
1433 2638 1518 2701 sit
1549 2657 1669 2701 au-

477 2729 757 2792 diamuS.
849 2727 1086 2792 Noctis
1134 2726 1479 2808 cujusdam
1529 2746 1669 2790 cre-

479 2815 755 2898 pusculo
806 2815 1214 2879 venerabiles
1267 2823 1489 2897 patres
1533 2822 1669 2877 ste·

477 2904 737 2988 phanus
788 2903 1264 2968 cantuariensis
1309 2901 1667 2984 archiepis-

479 3012 726 3075 copus:
772 3001 840 3057 et
871 2991 1209 3055 richardus
1255 3000 1413 3055 tunc
1457 3010 1669 3054 sares-

477 3079 802 3144 buriensis
833 3081 1183 3163 episcopus
1209 3101 1226 3144 :
1271 3089 1339 3144 et
1361 3079 1667 3142 walterus

479 3169 656 3250 prior
713 3177 784 3232 et
841 3179 1208 3232 conventus
1271 3176 1454 3232 totus
1512 3187 1665 3230 cum

477 3257 834 3321 devotione
870 3257 1098 3320 debita
1127 3256 1212 3320 ad
1245 3255 1666 3340 sepulchrum

478 3344 683 3427 ipsius
704 3345 1010 3425 martyris
1029 3353 1481 3426 pervenerunt.
1534 3344 1668 3406 Ibi-

481 3452 612 3515 que
685 3432 1094 3495 orationibus
1183 3432 1667 3514 aliquantulum

480 3528 802 3603 quantum
881 3520 1092 3582 noctis
1169 3518 1454 3583 brevitas
1521 3538 1669 3600 per-

479 3607 791 3672 mittebat
887 3607 1314 3671 devotissime
1409 3607 1665 3670 insiste-

477 3696 657 3760 bant.
1333 3693 1551 3757 Lectio
1582 3697 1669 3780 vj.

487 3783 878 3921 Omnibus
953 3783 1191 3847 iterato
1259 3783 1670 3848 orationibus

611 3873 868 3937 devotis
907 3881 976 3936 et
1020 3871 1378 3953 lachrymis
1410 3872 1671 3936 exulta-

471 3964 672 4028 tionis
702 3960 1239 4026 incumbentibus
1275 3961 1548 4044 quidam
1581 3963 1668 4025 de

473 4052 891 4136 presentibus
965 4051 1106 4114 vita
1182 4059 1250 4114 et
1310 4051 1668 4113 sanctitate

471 4141 827 4223 preelecti:
873 4140 1256 4204 thesaurum
1296 4138 1484 4203 illum
1519 4159 1668 4222 pre-

795 4325 814 4360 Ι
852 4329 866 4358 ⁴
885 4331 934 4378 ot
957 4325 1136 4376 secur.’
1155 4341 1239 4376 om
1263 4344 1278 4378 i
1313 4323 1365 4380 S.

2254 247 2415 304 886

1205 351 1337 416 Die
1413 350 1647 416 martis
1746 349 2005 415 ciosum
2024 349 2113 416 de
2134 351 2487 436 sepulchro
2504 351 2942 421 sustulerunt:

1756 448 1823 504 et
1856 441 1923 502 in
1960 460 2234 523 capsam
2282 440 2579 523 ligneam
2626 443 2945 508 tutissime

1756 526 1930 590 ferro
1959 539 2349 611 coopertam
2368 530 2739 594 honorifice
2760 530 2947 594 collo·

1756 625 2091 680 caverunt.
2171 616 2605 682 Adveniente
2627 620 2837 701 igitur
2856 621 2951 682 die

1758 703 2214 767 translationis
2296 706 2561 788 prefixo
2594 727 2612 772 :
2688 727 2953 770 venera·

1759 789 1929 855 biles
1957 801 2183 874 patres
2212 794 2573 875 pandulfus
2592 794 2955 876 apostolice

1759 879 1937 942 sedis
2011 879 2273 962 legatus
2346 881 2841 946 cantuariensis
2894 891 2955 946 et

1761 966 2079 1030 remensis
2132 968 2613 1052 archiepiscopi
2656 989 2821 1033 cum
2864 989 2959 1033 oo-

1760 1054 1919 1118 teris
2006 1053 2281 1137 prelatis
2368 1067 2438 1120 et
2520 1058 2960 1140 optimatibus

1760 1143 1987 1224 regni:
2032 1162 2307 1225 capsam
2352 1145 2732 1226 predictam
2776 1165 2961 1228 super

1760 1229 2076 1293 humeros
2104 1242 2539 1315 susceperunt
2584 1233 2656 1296 in
2700 1253 2961 1316 presen-

1762 1319 1859 1381 tia
1963 1317 2235 1382 illustris
2330 1321 2503 1402 regis
2610 1321 2959 1404 anglorum

1762 1405 2012 1469 henrici
2044 1407 2221 1470 tertii
2249 1427 2266 1470 :
2312 1409 2425 1490 qui
2446 1417 2731 1491 propter
2762 1411 2963 1472 mino-

1764 1493 1853 1557 ris
1907 1495 2104 1557 etatis
2157 1494 2689 1561 imbecillitatem
2750 1507 2823 1562 et
2868 1505 2965 1560 tu-

1764 1581 2051 1645 multum
2083 1583 2313 1665 populi
2340 1605 2471 1646 non
2498 1586 2801 1667 suscepit
2825 1605 2959 1648 eam

1764 1689 1919 1732 cum
1951 1669 2111 1751 ipsis
2142 1671 2590 1736 deferendam.
2672 1673 2960 1753 Ssptima

1764 1758 1943 1821 lectio
2018 1758 2098 1821 de
2169 1760 2553 1840 expositione
2625 1761 2956 1842 evangelii.

1770 1845 1920 1927 Ego
1966 1865 2115 1908 sum
2166 1857 2395 1928 pastor
2445 1849 2707 1912 bonus:
2758 1849 2957 1912 bonus

1772 1943 2019 2016 pastor.
2118 1933 2332 2012 Quere
2375 1935 2447 1998 in
2497 1936 2839 1999 dominica
2876 1955 2956 1998 se-

1764 2021 1978 2084 cunda
1995 2031 2146 2102 post
2155 2022 2419 2102 pascha.
2572 2023 2801 2087 Lectio
2830 2024 2955 2106 viij.

1768 2109 2258 2244 Detulerunt
2351 2130 2513 2174 vero
2594 2113 2957 2193 predictam

1925 2217 2195 2280 capsam
2226 2219 2426 2281 super
2454 2198 2778 2263 humeros
2820 2221 2961 2262 suos

1769 2284 1836 2348 in
1868 2295 2228 2367 conspectu
2260 2287 2491 2370 populi
2524 2307 2681 2351 cum
2717 2288 2961 2369 lachry3

1772 2373 1898 2435 mis
1928 2373 2363 2438 exultationis
2394 2383 2466 2438 et
2494 2375 2773 2457 hymnis
2798 2375 2961 2456 jubi-
3023 2377 3026 2418 ἕ

1768 2459 2036 2525 lationis
2069 2470 2225 2524 ante
2270 2461 2477 2525 altare
2522 2473 2763 2528 sancte
2791 2463 2961 2527 trini-

1771 2548 1946 2613 tatis
2058 2549 2281 2632 Quam
2336 2549 2854 2632 diligentissime
2902 2561 2963 2614 et

1770 2637 2215 2701 securissime¹
2276 2637 2778 2702 collocaverunt
2850 2639 2962 2702 sub

1770 2723 1904 2788 alia
1933 2745 2136 2807 capsa
2167 2725 2389 2807 lignea
2434 2747 2601 2790 auro
2631 2737 2702 2791 et
2736 2727 2963 2809 lapidi-

1771 2811 1895 2875 bus
1970 2813 2285 2896 preciosis
2360 2815 2965 2897 incomparabiliter

1771 2911 2103 2984 cooperta.
2231 2902 2669 2966 Beatissimus
2748 2905 2963 2985 itaque

1772 2998 2027 3072 martyr
2068 3011 2187 3054 sue
2230 2991 2445 3072 gratie
2488 2989 2737 3054 solatia
2787 2991 2961 3073 quasi

1768 3077 1949 3141 vice²
2010 3077 2405 3160 impendens
2462 3078 2600 3142 suis
2663 3078 2963 3143 fidelibus

1770 3185 1905 3228 non
1937 3165 2311 3230 subtraxit:
2356 3175 2427 3230 et
2458 3167 2801 3232 miraculis
2832 3188 2963 3250 pre-

1771 3253 2057 3317 ambulis
2089 3255 2565 3318 comitantibus
2588 3265 2660 3319 et
2690 3275 2962 3338 sequen-

1768 3342 1950 3406 tibus
2023 3351 2241 3406 totam
2316 3363 2434 3406 sue
2515 3344 2961 3408 translationis

1770 3431 2241 3495 solennitatem
2273 3431 2643 3496 adornavit.
2708 3433 2851 3496 Lec.
2882 3432 2959 3493 ix.

1782 3518 2269 3656 Gaudeamus
2306 3520 2508 3601 igitur
2538 3520 2832 3584 universi
2860 3519 2957 3602 qui

1904 3616 2091 3671 tante
2140 3607 2558 3670 translationi
2608 3609 2957 3672 meruimus

1771 3695 2103 3759 interesse.
2219 3694 2504 3759 Exultet
2566 3697 2633 3758 in
2696 3696 2957 3760 domino

1772 3803 1938 3866 gens
1969 3783 2317 3864 anglorum
2364 3783 2720 3848 universa:
2766 3803 2954 3867 quam

1773 3893 1893 3935 rex
1968 3870 2232 3936 celestis
2306 3871 2663 3954 specialius
2734 3871 2957 3936 ceteris

1772 3961 2151 4042 insignivit:
2220 3960 2383 4024 dum
2444 3979 2534 4024 ex
2596 3982 2681 4024 ea
2756 3961 2951 4024 virum

1770 4049 1912 4112 sine
1974 4047 2235 4114 macula
2302 4046 2671 4131 preelegit:
2736 4058 2817 4111 ut
2883 4047 2955 4110 sit

1770 4158 1942 4202 unus
1994 4159 2083 4202 ex
2136 4136 2411 4219 anglicis
2466 4137 2640 4201 inter
2694 4137 2951 4220 angelos

2124 4323 2146 4360 ²-
2178 4321 2341 4374 vicem
2366 4339 2379 4372 z
2418 4321 2558 4374 R.N.
