3117 4959
1150 223 1433 278 INDEX
1476 222 1590 276 RE
1589 221 1640 276 S
1637 222 1860 277 PONS
1860 221 2004 278 ORI
2003 223 2108 278 OR
2115 223 2251 278 UM.

1010 331 1158 387 879

459 429 625 500 Quare
646 434 927 486 detraxistis
950 435 1275 494 sesmonibuS,
1304 433 1398 498 585

462 503 692 564 Quatuor
710 501 1140 578 animalia-ibant,
1174 513 1193 548 1
1204 513 1234 562 3

464 765 619 825 Quem
640 765 817 812 dicunt
836 764 1053 812 homines
1068 779 1163 812 esse
1166 761 1365 826 filium,
1390 771 1543 825 205n,
1562 770 1660 824 354

461 830 625 894 Quem
649 829 841 879 vidistis
954 837 1101 888 toreS,
1130 827 1199 876 80

466 897 573 958 Qui
591 911 702 944 cum
725 895 979 944 audissent
999 894 1051 943 S.
1082 893 1300 953 Nae-olai,
1336 904 1433 956 103

462 961 565 1026 Qui
587 960 933 1010 custodiebant
956 959 1193 1017 animam,
1222 970 1321 1020 349

466 1027 573 1088 Qui
592 1027 820 1074 lasarum
842 1025 1142 1074 resuscitasti
1162 1040 1211 1082 a,
1238 1023 1333 1072 661

463 1091 567 1156 Qui
588 1091 855 1140 manducat
876 1105 1038 1139 meam
1061 1105 1280 1148 carnem,
1310 1088 1407 1153 536

468 1157 573 1218 Qui
592 1173 668 1206 me
688 1157 922 1220 dignatm
942 1161 1011 1204 est
1032 1155 1095 1204 ab
1116 1156 1267 1214 omni,
1302 1166 1395 1216 192

469 1222 574 1283 Qui
591 1229 816 1286 operatus
834 1227 905 1270 est
914 1227 1055 1284 petro
1076 1222 1147 1278 in,
1178 1229 1274 1283 357

466 1287 569 1352 Qui
592 1287 1009 1352 persequebantur
1032 1285 1289 1350 populum,
1316 1295 1409 1348 331

470 1353 576 1414 Qui
594 1359 717 1402 sunt
738 1353 827 1402 isti
845 1352 938 1416 qui
956 1359 1015 1400 ut
1034 1351 1202 1409 nubes,
1236 1363 1279 1411 1,
1306 1351 1407 1414 652

466 1419 571 1484 Qui
592 1425 827 1467 ventums
848 1424 923 1466 est
944 1415 1129 1476 veniet,
1158 1428 1224 1479 39

467 1483 570 1548 Qui
592 1483 765 1533 vicerit
786 1482 965 1533 faciam
990 1482 1149 1542 illum,
1184 1491 1275 1545 105

472 1549 613 1610 Quid
618 1556 787 1612 petam
810 1555 969 1598 mater
988 1548 1131 1597 nihil
1146 1547 1306 1605 aliud,
1336 1556 1431 1610 517

468 1615 596 1678 Quis
618 1615 741 1664 deus
758 1629 969 1676 magnus
989 1613 1115 1662 sicut
1136 1612 1273 1673 deus,
1306 1622 1402 1676 522

472 1681 601 1742 Quis
620 1695 669 1729 es
689 1686 745 1728 tu
766 1679 861 1744 qui
878 1679 1065 1728 venisti
1084 1678 1261 1737 adme,
1296 1676 1393 1738 189

472 1746 705 1810 Quinque
714 1745 981 1809 prudentes
1002 1750 1309 1803 accesserunt,
1340 1752 1399 1805 71

474 1811 708 1876 Quinque
720 1810 989 1875 prudentes
1008 1809 1095 1858 vir
1137 1809 1229 1858 'nes
1261 1814 1576 1867 accesserunt,
1605 1817 1668 1870 73

474 1877 582 1938 Quo
594 1876 903 1940 progrederis
922 1875 1047 1952 sine·
1122 1874 1170 1923 io
1180 1879 1345 1938 pater,
1370 1874 1470 1935 462

1418 1973 1432 1998 2

474 2204 701 2254 Recessit

474 2269 687 2320 Redime
709 2285 789 2318 me
812 2267 1033 2318 domine.
1106 2267 1193 2326 Et,
1218 2279 1311 2327 901

474 2335 689 2386 Refulsit
712 2334 786 2384 sol
812 2335 865 2382 in
882 2333 1085 2396 clypeos
1107 2347 1297 2390 aureos,
1320 2330 1417 2380 601

474 2401 640 2464 Reges
663 2399 843 2448 tharsis
864 2405 913 2447 et
937 2397 1096 2447 insule
1120 2399 1215 2458 (1),
1250 2396 1344 2446 160

475 2466 640 2529 Reges
664 2465 843 2514 tharsis
867 2470 917 2513 et
939 2463 1099 2512 insule
1124 2465 1216 2524 (2),
1250 2471 1345 2524 170

473 2532 702 2596 Regnum
726 2530 910 2580 mundi
928 2535 976 2578 et
994 2543 1184 2578 omnem
1205 2533 1461 2587 emtum,
1487 2526 1553 2577 62

476 2597 751 2662 Repleatur
772 2611 829 2646 os
852 2610 1035 2654 meum,
1066 2607 1166 2642 210

476 2661 678 2726 Repleti
700 2669 813 2710 sunt
836 2675 1009 2710 omnes
1030 2659 1220 2724 spiritu,
1250 2669 1341 2723 501

477 2728 679 2792 Repleti
702 2735 815 2778 sunt
838 2741 1011 2776 omnes
1034 2725 1226 2790 spiritu,
1259 2735 1353 2788 503

476 2795 705 2857 Reposita
726 2799 795 2842 est
819 2793 951 2842 mihi
971 2806 1145 2840 corona
1155 2791 1371 2855 justitie,
1400 2799 1499 2853 359

479 2858 745 2923 Requievit
768 2858 917 2907 archa
940 2871 1109 2906 mense
1132 2855 1363 2920 septim0,
1391 2855 1488 2915 248

478 2924 718 2988 Respexit
742 2924 911 2987 helyas
934 2923 997 2972 ad
1022 2930 1171 2986 caput
1194 2936 1354 2980 suum,
1384 2931 1480 2984 533

476 2991 779 3054 Responsum
802 2995 1042 3052 acceperat
1063 3003 1273 3049 symeon,
1302 2987 1396 3050 (1),
1430 2985 1525 3034 180

477 3056 777 3118 Responsum
802 3055 980 3118 accepit
1000 3069 1192 3115 symeon
1218 3054 1309 3114 (2),
1346 3050 1436 3114 183

481 3119 795 3170 Revelabunt
818 3120 910 3168 celi
936 3119 1268 3182 iniquitatem,
1297 3115 1396 3179 380

482 3184 771 3234 Revertenti
793 3184 1031 3233 abraham
1054 3199 1085 3232 a
1108 3183 1245 3241 cede,
1274 3183 1374 3246 256

482 3251 590 3300 Rex
615 3257 783 3300 noster
804 3249 1035 3298 adveniet
1062 3248 1305 3306 Christus,
1335 3259 1399 3310 32

482 3317 590 3366 Rex
616 3323 785 3365 noster
808 3314 859 3363 in
884 3330 1029 3364 cruce
1052 3314 1330 3376 debellanS‚
1358 3326 1461 3376 409

482 3381 696 3445 Rogabo
720 3387 911 3444 patrem
935 3395 1120 3438 meum,
1149 3379 1249 3441 484

484 3447 669 3496 Rorate
692 3446 786 3496 celi
810 3444 1037 3509 desuper,
1066 3445 1132 3506 63

722 2209 893 2269 pastor
915 2209 1085 2252 noster
1105 2201 1233 2261 sons,
1262 2209 1357 2264 397

481 3645 709 3694 Sacerdos
729 3643 811 3692 dei
830 3642 1075 3700 lucianus,
1102 3655 1203 3704 444

482 3713 689 3760 Sacram
703 3709 949 3774 presentis
971 3707 1075 3756 diei
1093 3707 1451 3767 solennitatem,
1488 3717 1582 3771 150

482 3777 653 3826 Salute
672 3783 893 3838 corporea
916 3774 1119 3822 omnino
1133 3780 1244 3838 post
1264 3773 1451 3833 habita,
1488 3784 1544 3837 15
1556 3786 1574 3821 1

486 3843 797 3892 Salvatorem
820 3849 1156 3904 expectamuS,
1186 3851 1205 3887 1
1219 3850 1238 3887 1

484 3908 633 3958 Salve
655 3923 783 3956 crux
803 3922 895 3972 que
916 3907 975 3956 in
998 3913 1188 3970 corpore
1216 3905 1425 3963 Christi,
1454 3903 1520 3966 89

490 3975 695 4024 Salvum
718 3988 799 4021 me
823 3972 902 4022 fac
925 3972 1047 4021 deus
1070 3970 1325 4036 quoniam,
1356 3970 1454 4033 364

485 4041 621 4090 Sana
644 4039 863 4088 animam
888 4053 1069 4086 meam.
1142 4037 1275 4100 Quia
1299 4035 1519 4100 peccavi,
1548 4034 1644 4098 893

482 4107 669 4154 Sancta
689 4105 769 4154 dei
782 4105 1015 4168 genitrix
1048 4103 1209 4168 Virgo,
1244 4103 1393 4161 116n,
1424 4111 1518 4164 543

486 4173 671 4222 Sancta
692 4179 743 4220 et
766 4170 1085 4218 immaculata
1108 4167 1379 4232 virginitas,
1408 4166 1473 4229 83

484 4237 661 4286 Sancte
682 4237 752 4286 N.
781 4236 1021 4300 confessor
1040 4235 1137 4284 diii
1156 4235 1282 4283 audi
1302 4241 1543 4298 rogantes,
1571 4245 1636 4296 43

484 4305 661 4352 Sancte
672 4301 825 4366 paule
846 4302 1048 4364 apostole
1061 4301 1356 4366 predicator,
1394 4299 1500 4360 166,
1534 4299 1630 4361 362

484 4369 663 4417 Sancti
684 4367 779 4417 mei
800 4368 893 4430 qui
914 4366 971 4416 in
995 4368 1085 4416 ism
1105 4367 1275 4426 secula,
1304 4377 1367 4428 33

2237 331 2393 386 880

1758 433 1934 482 Sancti
1952 433 2036 482 tui
2053 435 2248 483 domine
2271 435 2502 494 mirabile,
2528 445 2584 498 31

1759 499 2152 550 sanctificamini
2177 497 2266 548 filii
2287 500 2445 560 israel,
2473 509 2537 560 70

1761 564 2152 614 Sanctifioamini
2175 565 2342 624 hodie,
2367 565 2434 627 69

1759 629 2068 680 Sanctissimi
2091 631 2320 692 martyris
2339 631 2576 695 stephani,
2607 643 2692 682 102

1757 697 1972 745 Sanctus
1985 697 2229 760 gamaliel
2243 696 2301 744 in
2321 696 2436 745 visu
2456 698 2601 756 dixit,
2627 707 2714 761 445

1759 761 1972 810 Sanctus
1979 762 2232 826 johannes
2251 763 2507 826 episcopus,
2532 763 2626 824 446

1759 828 1973 876 Sanctus
1993 827 2278 876 vincentius
2305 827 2497 877 Christi
2515 835 2707 892 κενὴν,
2737 838 2812 893 151

1759 893 1946 942 Saulus
1967 893 2130 941 adhuc
2149 893 2352 958 spirans
2373 893 2639 955 minarum,
2671 894 2749 943 161

1762 957 1988 1007 Scindite
2009 958 2162 1007 corda
2185 965 2350 1007 vestra
2369 966 2422 1007 et
2443 973 2558 1020 non,
2587 960 2678 1020 276

1760 1023 1870 1072 Scio
1891 1023 1977 1071 cui
1995 1023 2184 1072 credidi
2203 1029 2247 1072 et
2267 1032 2428 1072 emus
2445 1040 2573 1085 sum,
2599 1035 2687 1088 357

1761 1087 2078 1137 &barnarius
2096 1087 2180 1136 dei
2195 1089 2370 1150 cultor,
2405 1099 2495 1153 135

1762 1154 2079 1204 Sebastianus
2101 1154 2550 1215 mediolanensium,
2584 1153 2670 1218 138

1761 1219 2081 1268 Sebastianus
2101 1219 2192 1267 vir
2208 1219 2668 1281 chmstt‘anissimus,
2697 1219 2780 1284 136

1765 1283 1907 1334 Sedit
1929 1284 2134 1348 angelus
2155 1284 2223 1333 ad
2245 1285 2580 1349 sepulchrum,
2603 1285 2698 1348 408

1761 1351 1922 1400 Senex
1931 1357 2149 1414 puerum
2161 1351 2426 1414 portabat:
2449 1358 2592 1415 puer,
2623 1361 2706 1411 177

1765 1415 1998 1466 Seniores
2019 1431 2088 1479 po
2123 1415 2192 1465 uli
2225 1417 2510 1478 consilium,
2537 1415 2631 1480 380

1765 1481 1965 1545 Septies
1987 1480 2040 1530 in
2101 1481 2144 1529 ‘e
2167 1481 2384 1542 laudem,
2418 1494 2516 1544 3¹9

1767 1546 1977 1611 Sepulto
1999 1546 2206 1596 domino
2228 1546 2482 1611 signatum
2503 1553 2592 1608 est,
2619 1546 2709 1610 396

1765 1613 1952 1660 Servus
1972 1611 2052 1660 dei
2070 1611 2360 1661 nicholaus:
2390 1613 2698 1678 auripondo,
2727 1621 2805 1676 105

1767 1677 1950 1728 Servus
1973 1684 2085 1726 tuus
2107 1693 2202 1742 ego
2223 1693 2353 1738 sum,
2381 1689 2484 1741 319

1768 1743 1824 1792 51
1849 1743 1982 1791 bona
2003 1743 2308 1806 suscepimus
2330 1744 2396 1793 de
2421 1759 2588 1803 manu,
2615 1743 2704 1808 583

1766 1809 1831 1858 Si
1847 1808 2020 1872 diligis
2043 1825 2300 1871 meotmon
2315 1816 2460 1874 petre
2470 1818 2623 1874 pasce,
2652 1821 2744 1874 350

1770 1873 1825 1923 51
1847 1873 2078 1923 dominus
2100 1874 2224 1923 deus
2245 1874 2390 1924 fuerit
2415 1891 2628 1935 mecum,
2654 1887 2744 1938 300

1771 1937 1828 1990 Si
1850 1939 1984 1988 enim
2007 1954 2110 1988 non
2131 1939 2320 2000 abiem,
2347 1939 2450 2004 485

1773 2005 1828 2054 51
1851 2004 2038 2054 oblitus
2058 2003 2197 2054 suero
2221 2005 2292 2054 tui
2315 2006 2456 2065 all'a,
2477 2017 2573 2070 452

1771 2071 1836 2120 Si
1854 2070 1950 2119 tibi
1961 2077 2168 2134 gratum
2189 2071 2270 2120 vis
2289 2087 2382 2121 esse
2396 2073 2558 2130 deum,
2591 2085 2610 2121 1
2623 2071 2679 2121 18

1775 2135 1859 2186 Sic
1881 2151 1996 2185 eum
2019 2135 2134 2185 volo
2156 2152 2358 2187 manere
2380 2138 2564 2199 donec,
2597 2136 2683 2188 108

1773 2202 1914 2251 Sicut
1937 2201 2108 2250 cedrus
2126 2203 2348 2251 exaltata
2367 2219 2503 2264 sum,
2532 2213 2628 2265 479

1775 2266 1914 2318 Sicut
1935 2265 2006 2316 fui
2029 2282 2142 2316 cum
2165 2283 2354 2332 moyse,
2381 2281 2487 2332 334

1775 2332 1916 2382 Sicut
1938 2339 2094 2382 mater
2114 2335 2414 2395 consolatur,
2449 2349 2516 2399 30

1775 2397 1915 2448 Sicut
1937 2397 2044 2446 ovis
2065 2399 2129 2446 sd
2153 2398 2476 2462 occisionem,
2505 2415 2605 2464 400

1773 2463 1949 2513 Simile
1967 2469 2037 2512 est
2057 2479 2266 2528 regnum
2288 2465 2368 2516 cel.
2397 2467 2556 2517 decem
2587 2469 2854 2534 virginibus.
2873 2477 2921 2528 7²

1775 2529 2068 2578 Similitudo
2089 2537 2306 2593 aspectus
2325 2534 2656 2596 animalium,
2689 2547 2742 2598 13

1775 2594 2068 2643 Similitudo
2087 2596 2260 2644 vultus
2281 2599 2608 2661 animalium,
2639 2613 2696 2650 12

1776 2660 1895 2709 Sint
1914 2660 2078 2709 lumbi
2095 2664 2252 2711 vestri
2261 2665 2514 2728 precincti
2528 2682 2546 2715 .·
2577 2673 2636 2726 et,
2666 2675 2740 2731 57,
2763 2665 2848 2728 654

1777 2725 1934 2774 Solem
1943 2726 2148 2790 justicie
2169 2743 2324 2792 regem
2337 2731 2592 2793 paritura
2615 2735 2702 2794 (1),
2731 2741 2842 2796 11511

1777 2791 1936 2841 Solem
1946 2793 2149 2856 justitie
2170 2808 2324 2858 regem
2337 2797 2590 2860 paritura
2613 2799 2700 2859 (2),
2727 2807 2812 2860 542

1777 2857 1941 2921 Specie
1963 2864 2066 2906 tua.
2129 2858 2206 2907 Et
2217 2861 2602 2922 pulchritudine
2623 2870 2723 2922 tua,
2749 2861 2810 2911 68

1781 2921 2017 2984 Speciosa
2039 2922 2170 2972 sacta
2191 2939 2244 2973 es
2265 2933 2316 2974 et
2338 2928 2524 2986 suavis,
2553 2941 2650 2991 432

1779 2988 1998 3052 Speciosa
2003 2987 2150 3052 facta
2170 3006 2218 3038 es
2283 2992 2359 3040 Et
2377 2995 2571 3055 suavis,
2607 3008 2625 3044 1
2639 2995 2743 3054 16n,
2771 3003 2854 3058 543

1781 3053 1908 3116 Spes
1929 3068 2042 3104 mea
2064 3055 2176 3104 dne.
2253 3056 2301 3104 A
2319 3055 2602 3120 juventute,
2631 3059 2724 3122 238

1783 3118 1996 3182 Spiritus
2019 3119 2105 3168 dni
2129 3121 2340 3185 replevit
2361 3125 2540 3174 orbem
2567 3129 2660 3186 (1),
2687 3135 2778 3189 504

1782 3184 1996 3248 Spiritus
2019 3184 2104 3234 dni
2129 3187 2339 3251 replevit
2360 3189 2540 3239 orbem
2570 3194 2658 3254 (2),
2685 3202 2777 3255 509

1783 3249 1997 3314 Spiritus
2019 3259 2218 3301 sanctus
2241 3255 2520 3317 procedens
2543 3273 2592 3316 a,
2621 3267 2715 3320 509

1784 3315 2058 3379 Splendida
2081 3317 2211 3366 facta
2233 3328 2306 3368 est
2331 3319 2501 3380 facies,
2531 3334 2630 3385 332

1785 3381 1970 3430 Statuit
1993 3382 2088 3430 dns
2109 3397 2256 3447 super
2277 3392 2488 3449 petram,
2521 3401 2622 3450 209

1782 3447 1993 3495 Statura
2013 3454 2121 3496 erat
2139 3457 2368 3500 rotarum
2390 3458 2440 3500 et
2455 3454 2689 3513 altitudo,
2723 3467 2777 3514 14

1785 3512 1942 3562 Stella
1963 3528 2112 3577 quam
2135 3515 2361 3565 viderant
2383 3520 2536 3582 magi,
2571 3521 2668 3582 164

1783 3578 2067 3642 Stephanus
2089 3587 2254 3629 autem
2278 3583 2454 3646 plenus
2475 3586 2655 3648 gratia,
2679 3598 2744 3648 94

1784 3644 2068 3707 Stephanus
2089 3661 2258 3696 servus
2281 3648 2377 3708 dei,
2407 3648 2472 3710 98

1783 3709 1934 3758 Stetit
1951 3713 2154 3776 angelus
2159 3714 2322 3776 juxta
2342 3730 2488 3764 aram
2511 3718 2692 3781 templi
2715 3720 2801 3778 (1),
2828 3715 2910 3781 582

1784 3776 1912 3825 Setit
1933 3777 2138 3840 angelus
2147 3781 2307 3842 Juxta
2329 3796 2474 3829 aram
2499 3783 2597 3846 (2),
2625 3781 2722 3847 588

1785 3841 1938 3890 Stetit
1961 3858 2157 3908 moyses
2179 3860 2344 3894 coram
2372 3847 2648 3910 pharaone,
2679 3861 2776 3912 330

1783 3907 1948 3972 Stirps
1956 3907 2081 3972 jesse
2099 3910 2298 3974 virgam
2313 3913 2577 3975 produxit,
2615 3927 2634 3963 1
2649 3928 2762 3972 12η,
2787 3915 2876 3976 482

1783 3973 2261 4037 Stolajocunditatts
2285 3979 2473 4038 induit,
2502 3992 2562 4029 21

1783 4039 2121 4089 Stn'nxerunt
2140 4045 2351 4107 corporis
2375 4045 2611 4104 membra,
2639 4047 2742 4108 464

1785 4104 2002 4154 Studens
2023 4106 2150 4155 livor
2172 4108 2342 4158 thome
2365 4111 2633 4175 supplicio,
2667 4125 2754 4162 121

1785 4170 1893 4219 Sub
1914 4172 2069 4221 altare
2093 4173 2174 4222 dei
2208 4175 2390 4235 audivi,
2427 4189 2446 4224 1
2460 4189 2517 4240 13

1785 4235 1894 4284 Sub
1917 4237 2098 4286 throno
2121 4238 2202 4289 dei
2225 4255 2412 4300 omnes,
2449 4253 2538 4303 117

1787 4300 2072 4352 Sufficiebat
2095 4305 2242 4354 nobis
2263 4316 2545 4372 pauper-tasi,
2579 4320 2679 4372 592

1789 4368 1991 4419 Summe
2011 4370 2092 4420 dei
2111 4371 2346 4434 consessor
2361 4375 2560 4434 reicolas,
2593 4387 2689 4436 104

2945 4713 3012 4900 ι]
