3117 4959
1030 251 1093 307 S.
1142 251 1497 307 VILELMI
1534 251 2202 309 ARCHIEPISC'OPI.

898 357 1058 414 303

364 475 657 541 venienti
682 476 747 538 in
771 475 1283 557 hierosolymam
1306 477 1572 541 concin-

368 564 620 627 nebant
653 563 927 628 Osanna
958 564 1094 626 filio
1126 565 1343 629 david.
1391 566 1573 628 Lon-

370 653 621 734 ginqua
697 651 878 734 regio
952 660 1054 714 est
1128 653 1403 716 ecclesia
1480 673 1570 715 ex

373 739 733 822 gentibus:
809 760 938 821 que
1006 740 1239 803 bifaria
1314 741 1572 804 ratione

374 829 556 907 regio
632 826 994 909 longinqua
1066 838 1389 892 vocatur:
1465 827 1570 890 vel

376 915 533 996 quia
582 936 621 977 a
670 915 912 978 finibus
966 925 1137 978 terre
1190 916 1436 978 clamat
1484 915 1570 978 ad

377 1003 767 1066 dominum:
812 1002 917 1065 vel
950 1004 1107 1084 quia
1153 1003 1352 1086 longe
1398 1012 1500 1066 est
1531 1023 1573 1066 a

377 1090 833 1172 peccatoribus
864 1091 1057 1155 saluS.
1188 1090 1401 1154 Lectio
1430 1090 1574 1171 viij.

378 1181 710 1309 Beatus
801 1178 1001 1259 igitur
1087 1178 1407 1243 wilelmus
1481 1199 1574 1240 ex

522 1265 912 1348 spectabili¹
999 1267 1309 1348 prosapia
1402 1267 1574 1348 regis

380 1352 647 1417 illustris
667 1352 1013 1435 anglorum
1034 1353 1337 1436 stephani
1358 1363 1575 1416 ortus:
1611 1383 1618 1391 ·

380 1441 689 1523 preclaris
720 1441 1041 1504 natalium
1074 1439 1338 1506 titulus²
1361 1441 1577 1508 suerat

380 1530 746 1610 insignitus
885 1529 1050 1592 Erat
1134 1530 1310 1592 enim
1402 1527 1577 1591 filius

382 1615 813 1679 strenuissimi
846 1617 1103 1678 comitis
1129 1615 1452 1679 herberti:
1488 1636 1576 1678 ex

382 1725 604 1767 emma
634 1723 856 1766 sorore
888 1704 1165 1786 predicti
1192 1705 1381 1786 regiS.
1444 1703 1577 1767 Ve-

383 1812 527 1854 rum
562 1811 643 1854 ne
675 1791 817 1854 sola
854 1798 1203 1873 parentum
1248 1791 1578 1872 generosi-

384 1888 487 1942 tas
535 1880 669 1942 vite
716 1899 835 1941 sue
881 1881 1117 1941 seriem
1172 1879 1578 1942 intitularet:

386 1967 783 2048 morigerate
816 1968 1057 2029 mentis
1089 1967 1319 2030 addita
1343 1966 1579 2029 nobili-

386 2063 527 2116 tate
582 2073 791 2134 genus
850 2055 1229 2134 geminavit.
1354 2053 1445 2116 Et
1506 2063 1580 2117 ut

387 2141 721 2204 literarum
756 2141 978 2203 laurea
1002 2139 1373 2204 refloreret:
1420 2141 1582 2203 libe-

388 2228 635 2292 ralibus
654 2229 1361 2311 imbuiturdisciplinis.
1379 2229 1453 2290 L.
1470 2228 1584 2292 ix.⁸

390 2317 643 2448 His
674 2325 743 2378 et
774 2316 917 2378 aliis
938 2317 1156 2379 divine
1175 2317 1389 2397 gratie
1421 2335 1581 2397 pen-

591 2403 752 2466 satis
836 2404 1026 2466 donis
1060 2425 1073 2467 :
1163 2405 1582 2467 eboracensis

388 2491 831 2554 thesaurarius
878 2492 1187 2554 effectus:
1235 2512 1353 2573 per
1380 2493 1583 2554 virtu-

390 2589 535 2642 tum
626 2579 869 2660 gradus
966 2580 1383 2642 ascensiones
1406 2579 1429 2614 ⁴
1515 2580 1582 2641 in

391 2667 589 2731 corde
621 2687 740 2729 suo
771 2667 1097 2748 disposuit
1142 2667 1381 2729 mentis
1414 2666 1584 2729 seni-

274 2765 283 2774 ·
391 2755 472 2817 lis
527 2755 920 2817 immensam
971 2753 1251 2816 induens
1295 2753 1586 2836 gravita-

390 2852 548 2906 tem.
670 2842 836 2905 Erat
885 2843 1060 2905 enim
1110 2843 1221 2904 in³
1268 2843 1587 2904 societate

394 2938 777 2993 mansuetus
826 2929 891 2992 in
940 2930 1275 3012 loquendo
1325 2929 1590 2991 modes-

393 3028 539 3082 tus:
610 3019 676 3080 in
730 3019 1265 3099 responsionibus
1314 3017 1588 3080 circum-

394 3115 704 3187 spectus:
773 3106 839 3168 in
903 3105 1229 3188 promisso
1289 3102 1588 3167 stabilis:

395 3195 463 3256 in
527 3193 801 3256 consilio
876 3193 1096 3256 fidus:
1180 3212 1426 3275 pronus
1502 3192 1589 3255 ad

395 3282 862 3344 concordiam:
910 3290 978 3343 et
1025 3281 1274 3362 rigidus
1320 3280 1406 3343 ad
1438 3298 1591 3343 cen-

398 3388 635 3430 suram.
728 3369 831 3430 Et
870 3378 1072 3430 cetera
1102 3377 1179 3431 ut
1202 3368 1477 3431 habetur
1502 3366 1601 3430 ad

396 3457 535 3536 ejus
550 3457 817 3534 festum.

401 3546 466 3619 ΕΙ
513 3542 715 3621 Infra
766 3551 1023 3604 octavas
1068 3541 1279 3605 sancti
1324 3542 1599 3606 wilelmi

381 3629 541 3713 fiet⁶
585 3629 925 3692 servitium
985 3630 1063 3690 de
1103 3623 1283 3710 sesto
1342 3630 1425 3693 ix.
1480 3631 1595 3691 lec-

400 3716 649 3780 tionum
724 3726 785 3778 et
857 3717 1165 3779 memoria
1239 3716 1320 3780 de
1378 3727 1596 3780 sancto

400 3804 693 3868 wilelme.
786 3802 871 3867 In
899 3804 1102 3885 festis
1146 3825 1290 3867 vero
1336 3803 1432 3886 iij.
1479 3805 1596 3867 lec-

402 3893 651 3956 tionum
694 3891 825 3974 fiet
872 3891 1216 3955 servitium
1260 3891 1342 3955 de
1380 3901 1598 3955 sancto

404 3980 725 4044 wilelmo:
766 3989 831 4043 et
871 3980 1177 4043 memoria
1224 3989 1479 4044 tantum
1523 3979 1604 4042 de

701 4142 722 4238 ζ
754 4139 1088 4218 eftpeftabili:
1124 4140 1177 4191 S.

701 4273 721 4304 ἱ
756 4207 955 4336 gjtuhsi
988 4207 1040 4256 Ν
1046 4207 1121 4257 ,5.

706 4340 724 4368 ⁴
757 4337 1061 4387 ascensionis
1087 4355 1098 4387 :
1136 4337 1203 4386 N.

702 4407 723 4435 ⁸
762 4403 989 4453 ‘in'0m.
1024 4423 1035 4453 :
1074 4403 1209 4453 ΚΝ.

2177 359 2338 415 806

1671 488 1903 541 sancto.
1995 477 2130 540 Die
2153 498 2300 540 vero
2329 475 2654 539 dominica
2679 469 2893 555 'infra

1673 575 1931 628 octavas
1955 586 2114 628 suas
2134 588 2158 628 .·
2199 566 2266 628 si
2293 563 2682 627 vacaverita
2695 564 2893 644 festo

1674 653 1764 716 ix.
1797 653 2131 716 lectionum
2163 663 2226 715 et
2264 653 2334 716 in
2364 652 2473 714 die
2497 661 2894 714 octavarum

1670 741 1737 802 si
1777 751 1930 821 post
1970 742 2226 821 festum
2275 748 2492 802 sancte
2550 738 2898 801 trinitatis

1673 828 1810 910 q‘us
1837 828 2092 907 festum
2133 827 2413 890 evenerit
2435 849 2459 890 .·
2503 825 2639 889 nisi
2681 825 2896 907 impe-

1672 915 1906 979 diatur
1904 925 2029 996 per
2034 917 2290 996 festum
2300 914 2581 996 corporis
2597 913 2896 978 Christi:

1671 1003 1802 1066 erit
1857 1012 2058 1065 totum
2115 1003 2462 1064 servitium
2521 1001 2602 1063 de
2657 1011 2896 1063 sancto

1674 1089 1950 1152 wilelmo
1969 1112 1995 1152 .·
2038 1090 2210 1153 sicut
2247 1091 2317 1152 in
2361 1089 2471 1152 die
2490 1111 2514 1151 .·
2542 1098 2768 1170 preter
2795 1089 2896 1150 le-
2993 1121 2996 1124 ⁴

1662 1180 1950 1259 gendum
1975 1201 2000 1240 .·
2060 1198 2181 1260 que
2235 1176 2367 1240 crit
2412 1176 2494 1239 de
2540 1176 2900 1239 miraculis

1673 1265 1818 1329 suis
1860 1285 2036 1327 more
2072 1264 2386 1346 simplicis
2413 1264 2591 1345 festi
2632 1264 2716 1326 ix.
2761 1265 2897 1326 lec-

1677 1353 1924 1416 tionum
1955 1373 2098 1415 cum
2141 1353 2376 1415 mediis
2403 1353 2774 1415 lectionibus
2807 1351 2906 1412 de

1661 1443 1838 1522 sesto
1857 1441 1951 1522 iij.
1977 1441 2314 1503 lectionum
2338 1461 2459 1521 que
2475 1439 2808 1502 evenerint
2827 1439 2856 1476 ⁷
2867 1461 2896 1502 .·

1661 1537 1886 1608 preter
1928 1549 2015 1589 an
2022 1529 2321 1608 tiphonas
2360 1538 2552 1609 super
2586 1528 2899 1608 psalmos

1679 1615 2068 1696 Magnificat
2113 1625 2175 1677 et
2221 1615 2622 1678 Benedictus
2668 1615 2739 1676 in
2768 1614 2896 1676 do-

1679 1703 1920 1765 minica
1981 1703 2172 1783 infra
2229 1713 2488 1766 octavas
2506 1726 2530 1765 .·
2583 1702 2704 1764 sed
2754 1723 2894 1764 non

1676 1791 1784 1853 die
1810 1801 2040 1854 octavo.
2131 1801 2196 1853 et
2225 1791 2293 1853 in
2325 1790 2582 1852 ultimis
2601 1789 2892 1852 lectioni-

1679 1879 1798 1941 bus
1824 1878 1904 1941 de
1921 1877 2300 1959 expositione
2316 1878 2652 1960 evangelii.
2735 1878 2892 1940 Ho—

1681 1986 1792 2028 mo
1829 1967 2104 2047 quidam
2151 1967 2408 2029 nobilis,
2499 1976 2604 2028 etc.
2694 1964 2894 2027 Aliis

1679 2075 1828 2116 vero
1855 2053 2077 2116 diebus
2121 2053 2308 2134 infra
2348 2063 2608 2116 octavas
2634 2053 2897 2115 ditetur

1681 2140 2166 2203 Invitaton'um.
2231 2141 2608 2223 Jubilemus
2630 2160 2887 2221 regum.

1681 2229 2004 2308 Hymnus.
2079 2230 2215 2293 Iste
2239 2228 2588 2292 confessor.
2657 2238 2725 2290 et
2749 2248 2891 2289 una

1682 2315 2038 2396 antiphona
2079 2328 2272 2398 super
2296 2317 2590 2398 psalmos
2615 2315 2717 2378 ad
2745 2335 2889 2377 ma-

1685 2404 1934 2465 tutinas
1961 2414 2024 2466 et
2049 2403 2146 2466 ad
2182 2404 2406 2466 laudes
2432 2413 2536 2467 etc.
2627 2403 2716 2466 In
2745 2423 2888 2465 ves-

1669 2491 1852 2572 peris
1903 2511 2051 2554 vero
2103 2511 2238 2554 una
2289 2491 2646 2571 antiphona
2696 2501 2896 2571 super

1669 2579 1962 2660 psalmos
1996 2577 2319 2658 feriales,⁸³
2434 2578 2677 2642 Claudi
2727 2578 2887 2640 recti

1691 2665 2060 2747 Capitulum
2075 2666 2634 2729 Benedictionem.
2673 2665 2889 2745 Hym-

1687 2775 1810 2816 nus
1873 2754 2030 2834 Jesu
2087 2755 2483 2836 redemptor.
2581 2770 2630 2839 y
2676 2752 2891 2816 Ama-

1685 2843 1798 2904 vit.
1869 2841 2243 2922 Antiphone
2285 2862 2432 2903 vero
2489 2842 2567 2904 In
2621 2840 2888 2904 wilelmi

1687 2928 1995 2992 laudibus
2023 2939 2086 2990 et
2111 2938 2304 2992 cetere
2319 2937 2644 3011 sequentes
2669 2929 2892 2990 dican-

1690 3025 1804 3078 tur
1829 3027 2021 3098 super
2031 3015 2338 3097 psalmos.
2413 3016 2812 3098 Magnificat
2835 3024 2898 3077 et

1692 3105 2135 3168 Benedictus:
2181 3113 2242 3166 et
2285 3103 2483 3167 etiam
2515 3103 2616 3166 ad
2661 3123 2894 3166 memo-

1691 3191 1866 3254 riam
1897 3192 2151 3273 quana'o
2173 3191 2253 3254 de
2277 3213 2344 3254 eo
2375 3212 2500 3254 non
2521 3189 2658 3254 sit⁹
2687 3190 2894 3254 servi-

1693 3280 1858 3342 tium
1888 3279 2078 3359 infra
2106 3289 2365 3342 octavas
2391 3279 2776 3343 ordinatim.
2835 3287 2898 3341 et

1694 3366 2182 3448 reincipiatur.¹⁰
2267 3367 2353 3430 In
2399 3367 2702 3431 omnibus
2749 3387 2896 3430 vero

1693 3454 2024 3517 memoriis
2063 3455 2202 3537 q‘us
2241 3465 2378 3518 tam
2407 3455 2503 3517 ad
2525 3455 2898 3518 matutinas

1692 3563 1887 3625 quam
1917 3541 2015 3604 ad
2049 3553 2339 3624 vesperas
2365 3543 2496 3605 erit
2521 3543 2893 3605 verul-ulus.

1695 3628 1836 3694 Ora
1883 3650 2003 3712 pro
2056 3631 2248 3694 nobis
2309 3631 2506 3693 beate
2569 3629 2893 3692 willelme.

1699 3723 1763 3794 (1'
1808 3718 1976 3780 Item
2021 3717 2210 3798 infra
2252 3727 2514 3780 octavas
2561 3737 2726 3780 suas
2773 3736 2898 3779 non

1695 3805 1942 3868 dicitur
1991 3804 2072 3868 de
2105 3805 2374 3868 domina
2392 3827 2416 3867 .·
2465 3825 2575 3867 nec
2598 3805 2684 3867 de
2723 3815 2899 3887 apos-

1697 3893 1846 3956 tolis
1868 3914 1892 3955 .·
1945 3913 2055 3955 nee:
2101 3891 2414 3956 dicantur
2459 3895 2768 3957 memorie
2795 3891 2901 3972 fe-

1701 3980 1912 4044 riales.
2033 3984 2098 4057 11
2180 3980 2640 4061 suprascripto
2723 3979 2906 4043 modo

2007 4142 2028 4171 ι
2141 4156 2152 4166 .

2007 4139 2321 4256 'C‘venfsszn
2359 4205 2498 4256 RN.

1984 4403 2022 4433 ¹0
2057 4372 2416 4468 reincipiuntur
2432 4419 2450 4451 .·
2485 4403 2694 4453 R.N.S.
