3117 4959
1433 249 1535 301 IN
1577 245 1850 301 FESTO
3003 0 3056 318 W

1006 360 1163 418 833

460 475 795 604 Beatus
826 487 981 532 vero
1010 465 1337 549 johannes
1370 463 1666 546 baptista

607 561 791 641 cujus
852 575 1027 618 nunc
1077 553 1437 617 festivitate
1498 552 1666 614 leta·

466 669 664 712 mur:
742 644 1014 709 celestia
1089 640 1345 705 mundo
1419 640 1668 722 gaudia

468 736 673 800 sterili
712 736 798 796 ab
844 740 1034 795 utero
1080 729 1281 792 hodie
1327 738 1522 791 natus
1571 729 1670 790 in-

464 825 670 887 vexit.
765 822 843 884 In
890 827 1153 883 tantum
1200 826 1423 880 autem
1472 817 1537 878 in
1586 835 1668 878 eo

470 909 775 993 specialis
854 905 1153 990 prefulsit
1229 904 1465 968 electio
1502 924 1516 967 :
1594 912 1669 966 ut

470 1009 628 1062 ante
682 1005 1038 1060 mereretur
1091 993 1493 1056 annunciare
1546 991 1668 1053 do-

472 1088 765 1150 minum:
814 1099 1015 1166 quam
1050 1081 1363 1144 nascendi
1394 1079 1670 1142 haberet

473 1176 781 1237 inicium:
828 1170 933 1235 vel
982 1170 1277 1251 linguam
1325 1188 1454 1250 que
1502 1187 1671 1228 nun·

474 1263 647 1326 ciare
679 1268 903 1343 posset
934 1258 1276 1339 acciperet.
1354 1256 1468 1317 Re.
1535 1255 1670 1318 De—

475 1351 733 1413 scendit
754 1347 1029 1429 angelus
1052 1345 1304 1408 domini
1325 1344 1411 1406 ad
1438 1341 1671 1405 zacha-

426 1435 433 1441 ’
476 1439 640 1502 riam
682 1437 949 1501 dicens:
997 1433 1221 1514 accipe
1270 1451 1545 1510 puerum
1603 1432 1668 1492 in

470 1534 811 1589 senectute
862 1532 992 1586 tua.
1088 1522 1178 1583 Et
1230 1517 1504 1581 habebit
1552 1538 1672 1581 no-

476 1634 630 1678 rnen
684 1613 1011 1694 johannes
1072 1608 1377 1689 baptista.
1471 1623 1517 1692 y
1567 1607 1674 1670 Ne

475 1703 713 1766 timeas
745 1699 1083 1763 zacharia:
1123 1696 1437 1778 quoniam
1464 1715 1678 1758 exau-

474 1793 617 1856 dita
648 1799 750 1852 est
780 1787 993 1851 oratio
1039 1796 1192 1849 tua:
1240 1793 1308 1846 et
1354 1782 1670 1846 elizabet¹

478 1898 651 1942 uxor
690 1887 806 1940 tua
851 1875 1063 1958 pariet
1106 1873 1226 1937 tibi
1260 1871 1485 1934 filium.
1583 1871 1674 1934 Et

476 1964 765 2029 habebit.
1334 1959 1545 2021 Lectio
1577 1958 1671 2040 τῇ.

674 2053 873 2133 nique
939 2048 1223 2112 elizabet
1292 2045 1405 2110 illa
1481 2057 1675 2110 vetus

637 2139 905 2202 mulier:
952 2145 1020 2200 et
1046 2155 1215 2198 nova
1240 2143 1493 2200 mater:
1539 2155 1673 2216 que

477 2236 633 2292 ante
674 2236 937 2308 partum
984 2243 1175 2287 suum
1209 2225 1291 2286 de
1324 2221 1525 2285 futuri
1556 2221 1672 2284 filii

478 2316 809 2380 letabatur
852 2313 1109 2376 officio:
1158 2310 1445 2374 venienti
1482 2310 1568 2374 ad
1602 2330 1673 2372 se

476 2403 673 2467 beate
722 2402 925 2466 marie
959 2400 1023 2463 in
1066 2400 1211 2481 ipso
1256 2398 1673 2461 salutationis

478 2512 750 2556 occursu
782 2490 891 2553 ait.
986 2487 1161 2551 Ecce
1203 2485 1465 2568 exquo²
1496 2485 1674 2549 sacta

478 2590 583 2644 est
616 2599 752 2642 vox
797 2576 1214 2640 salutationis
1260 2582 1371 2637 tue
1404 2575 1469 2636 in
1504 2574 1668 2636 auri-

477 2669 602 2731 bus
679 2667 841 2729 rneis
916 2661 1243 2727 exultavit
1320 2661 1533 2724 infans
1607 2663 1672 2724 in

476 2755 723 2838 gaudio
756 2754 821 2816 in
852 2761 1041 2816 utero
1076 2769 1240 2814 meo,
1330 2749 1445 2813 Re.
1538 2748 1676 2812 Ga-

478 2843 639 2908 briel
686 2842 964 2923 angelus
1014 2837 1321 2922 apparuit
1374 2836 1674 2900 zacharie

478 2932 746 2994 dicens:
798 2938 1105 2993 nascetur
1156 2926 1277 2989 tibi
1328 2924 1501 2989 filius
1553 2945 1672 2988 no-

479 3039 633 3083 men
708 3019 851 3101 ejus
920 3016 1250 3098 johannes
1310 3013 1670 3077 vocabitur.

481 3107 569 3172 Et
604 3106 793 3172 multi
840 3106 906 3169 in
956 3103 1301 3170 nativitate
1333 3101 1473 3183 ejus
1511 3121 1674 3183 gau-

475 3197 747 3260 debunt.
850 3211 897 3280 y
946 3193 1090 3256 Erit
1152 3191 1329 3254 enim
1391 3209 1674 3270 magnus

474 3304 700 3348 coram
733 3283 1006 3344 domino
1036 3281 1263 3344 vinum
1294 3285 1364 3340 et
1394 3279 1671 3340 siceram

477 3392 609 3436 non
672 3371 872 3434 bibet.
966 3368 1056 3430 Et
1116 3366 1326 3430 multi.
1428 3365 1670 3429 Gloria.

480 3461 569 3522 Et
626 3458 832 3520 multi.
925 3456 1011 3518 In
1070 3454 1137 3536 ij.
1202 3468 1507 3516 nocturno
1565 3461 1672 3516 αῆ.

479 3547 665 3612 Misit
706 3545 1017 3608 dominus
1064 3561 1335 3605 manum
1382 3561 1572 3603 suam
1606 3551 1673 3604 et

475 3635 696 3716 tetigit
728 3653 804 3695 os
852 3650 1115 3695 meum:
1160 3637 1227 3692 et
1274 3628 1670 3712 prophetam

474 3725 541 3786 in
588 3721 899 3804 gentibus
952 3718 1140 3782 dedit
1189 3737 1295 3780 me
1342 3716 1670 3780 dominuS.

458 3819 555 3894 pf.
633 3811 803 3875 Cum
838 3809 1227 3870 invocarem.
1294 3806 1425 3868 Αῆ.
1496 3805 1672 3869 Ecce

471 3899 625 3964 dedi
657 3898 859 3962 verba
892 3915 1041 3958 mea
1072 3894 1138 3957 in
1170 3913 1284 3958 ore
1317 3903 1471 3957 tuo:
1518 3913 1672 3956 ecce

469 3987 783 4052 constitui
816 3994 884 4049 te
916 4003 1115 4066 super
1155 3991 1390 4064 gentes
1427 3991 1495 4044 et
1527 4002 1672 4064 reg-

472 4099 573 4142 na.
636 4085 737 4159 pff.
784 4073 1009 4138 Verba
1042 4091 1205 4134 mea.
1252 4072 1385 4134 Αῆ.
1433 4069 1671 4132 Domi-

472 4187 594 4229 nus
616 4166 701 4227 ab
723 4173 910 4226 utero
927 4159 1188 4225 vocavit
1210 4179 1317 4222 me
1336 4159 1421 4221 de
1440 4167 1670 4222 ventre

473 4255 703 4317 matris
736 4272 880 4314 mee
914 4249 1293 4313 recordatus
1324 4255 1424 4309 est
1458 4247 1668 4308 nomi-

640 4439 652 4468 ¹
689 4435 929 4485 elizabeth
946 4434 1137 4498 passim
1163 4452 1174 4483 :
1214 4431 1352 4481 R.N.

1525 4432 1545 4460 ²
1581 4447 1640 4480 ex
1665 4447 1796 4496 quo:
1843 4431 1978 4482 RN.

2355 361 2507 418 834

1767 461 1870 525 nis
1905 463 2053 527 mei.
2131 474 2230 546 pf.
2327 466 2621 529 Domine
2665 463 2956 527 dominus

1769 560 2008 614 noster.
2101 569 2144 637 γ
2201 553 2501 616 Posuisti.
2601 552 2824 616 Lectio
2852 553 2956 634 iiij

1905 639 2017 702 uid
2066 649 2168 703 est
2216 640 2342 704 hoc
2391 640 2691 705 miraculi
2727 639 2957 704 fratres.

1767 817 2070 878 novitas:
2115 825 2192 878 ut
2252 816 2498 880 habere
2554 837 2626 879 se
2674 817 2741 878 in
2787 826 2960 878 utero

1768 903 2050 966 elizabet
2071 913 2422 968 testaretur
2441 905 2768 968 infantem
2799 925 2814 967 ε
2863 905 2962 985 qui

1769 991 2053 1053 necdum
2117 994 2548 1075 semetipsum
2626 993 2962 1055 sentiens:

1769 1078 2178 1142 dominicum
2221 1081 2364 1161 jam
2409 1082 2687 1144 sentiret
2727 1081 2966 1142 adven-

1768 1175 1914 1228 tum
1941 1167 1965 1230 ?
2056 1167 2230 1230 Vere
2261 1169 2562 1232 omnium
2585 1168 2693 1232 hic
2728 1168 2968 1231 beatis·

1769 1255 1976 1316 simus
2023 1256 2445 1336 parvulorum
2477 1259 2592 1339 qui
2627 1257 2808 1319 intra
2849 1257 2970 1318 vis-

1768 1363 1920 1404 cera
1963 1351 2260 1406 materna
2310 1344 2528 1408 adhuc
2576 1344 2969 1408 conclusus:

1770 1430 2004 1494 adesse
2052 1432 2451 1495 salvatorem
2503 1435 2742 1496 mundi
2795 1433 2968 1514 quod

1770 1519 2054 1582 necdum
2109 1539 2413 1583 sermone
2466 1530 2774 1603 poterat:
2831 1541 2974 1601 pro-

1770 1607 2035 1689 phetico
2112 1609 2343 1689 spiritu
2415 1610 2750 1672 revelavit.
2865 1609 2969 1670 Re.

1776 1695 1929 1776 Ipse
1960 1695 2201 1777 preibit
2233 1706 2390 1759 ante
2413 1696 2600 1759 illum
2637 1697 2704 1759 in
2737 1697 2970 1778 spiritu

1772 1793 1840 1845 et
1880 1783 2121 1847 virtute
2169 1782 2386 1866 helye.
2480 1785 2580 1849 Ut
2625 1794 2970 1848 convertat
3057 1817 3061 1864 5

1771 1872 1972 1933 corda
2019 1882 2284 1952 patrum
2329 1875 2395 1935 in
2435 1871 2603 1936 filios
2651 1881 2721 1936 et
2771 1873 2972 1936 incre·
3058 1911 3061 1992 Ι

1772 1957 1964 2022 dulos
2017 1961 2103 2024 ad
2159 1961 2580 2042 prudentiam
2639 1960 2970 2041 justorum
3058 1995 3061 2044 ÷

1772 2067 2003 2128 parare
2064 2047 2340 2111 domino
2395 2049 2660 2130 plebem
2725 2049 2974 2130 perfec·
3058 2111 3060 2116 .

1771 2143 1930 2198 tam.
2027 2151 2068 2220 y
2117 2136 2266 2198 Erit
2309 2137 2486 2199 enim
2539 2156 2834 2217 magnus
2867 2157 2973 2199 co-

1773 2241 1913 2284 ram
1981 2222 2299 2287 domino:
2365 2233 2433 2287 et
2498 2225 2972 2306 spiritusancto
3058 2227 3060 2232 ’

1770 2309 2144 2390 replebitur.
2212 2311 2309 2375 Ut
2341 2323 2702 2375 convertat.
2753 2315 2970 2377 Δίων.

1783 2397 2225 2534 Charissimi
2249 2421 2264 2464 :
2304 2399 2522 2463 nullus
2543 2402 2813 2482 ignorat
2834 2419 2970 2463 om-

1899 2507 2049 2549 nem
2084 2487 2430 2569 parvulum
2459 2497 2766 2552 materno
2791 2497 2972 2552 utero

1771 2574 2209 2656 prodeuntem
2247 2595 2262 2638 :
2339 2577 2510 2639 inter
2587 2575 2736 2658 ipsa
2817 2577 2974 2640 lucis

1773 2663 2052 2725 exordia
2112 2664 2342 2728 mestis
2401 2684 2808 2747 concrepare
2863 2685 2977 2728 va·
3061 2723 3063 2740 ἒ

1769 2749 2057 2832 gitibus:
2125 2751 2306 2814 solus
2370 2752 2665 2834 baptista
2717 2753 2976 2816 domini

1774 2837 1948 2901 ultra
1979 2838 2194 2920 legem
2221 2841 2636 2904 nascentium
2664 2842 2980 2904 nativita-
3060 2881 3063 2924 3

1770 2935 1908 2988 tem
1947 2946 2136 2990 suam
2184 2929 2482 3009 prevenit
2527 2929 2738 2992 letitie
2787 2929 2979 2993 exul·
3061 2929 3063 2974 ἕ

1771 3014 2044 3078 tatione.
2153 3015 2246 3079 Et
2301 3017 2410 3079 ut³
2461 3017 2687 3081 decuit
2743 3015 2980 3081 fratres

1772 3100 1898 3164 hoc
1933 3111 2003 3165 ut
2035 3104 2121 3166 de
2162 3105 2367 3166 sterili
2415 3113 2626 3168 matre
2675 3125 2979 3170 nascere-

1771 3199 1880 3253 tur
1954 3191 2067 3271 qui
2147 3192 2625 3256 fecunditatem
2702 3195 2984 3275 virginis

1773 3277 2142 3342 revelaret:
2217 3281 2530 3362 quatinus
2599 3282 2980 3346 mirabilem

1773 3375 2036 3446 partum
2064 3387 2078 3430 :
2111 3367 2499 3431 mirabiliter
2522 3378 2720 3432 natus
2753 3381 2984 3434 osten-

1771 3454 1973 3517 deret.
2089 3457 2202 3519 Re.
2315 3456 2620 3521 Elizabet
2674 3459 2986 3521 zacharie

1773 3561 2090 3624 magnum
2115 3545 2327 3607 virum
2349 3546 2578 3626 genuit
2603 3544 2981 3626 johannem

1773 3631 2132 3713 baptistam
2185 3652 2636 3713 precursorem
2699 3636 2981 3698 domini.

1771 3717 1905 3800 Qui
1947 3718 2122 3782 viam
2171 3721 2446 3783 domino
2492 3725 2880 3803 preparavit
2914 3725 2980 3786 in

1771 3807 2054 3869 heremO.
2147 3823 2193 3892 y
2241 3809 2396 3872 Fuit
2433 3809 2636 3873 homo
2671 3812 2984 3874 missusa

1770 3894 1941 3957 deo:
1988 3895 2092 3958 cui
2146 3915 2391 3959 nomen
2439 3907 2581 3960 erat
2623 3897 2981 3979 johannes.

1772 3981 1924 4064 Qui.
2641 3987 2864 4050 Lectio
2895 3987 2982 4070 ψ’.

1768 4072 1871 4203 l
1876 4070 2014 4133 llud
2061 4071 2264 4134 etiam
2314 4093 2517 4155 quam
2565 4076 2982 4157 stupendum

1876 4179 2213 4241 quamque
2265 4160 2746 4243 magnificum:
2797 4163 2984 4247 quod

1771 4246 2106 4310 zacharias
2160 4250 2466 4314 sacerdos
2527 4260 2723 4332 pater
2777 4251 2981 4316 futuri

1904 747 2035 808 que
2129 737 2469 792 tantorum
2575 729 2958 810 gaudiorum
3051 769 3059 1164 1

2153 4437 2172 4463 ⁸
2206 4449 2294 4497 pro
2323 4435 2437 4483 ‘ut’
2463 4449 2656 4499 quam:
2695 4437 2834 4486 R.N.
