3117 4959
1223 231 1286 287 S.
1337 225 1821 288 AUGUSTINJ
1854 227 2254 289 EPISCOPI.

1023 341 1184 397 309

491 465 644 511 eum
670 444 868 528 jussit
897 446 984 511 ad
1013 447 1290 512 domum
1325 467 1516 513 suam
1543 468 1560 513 t
1610 454 1687 512 ut

491 535 788 600 visitaret
799 535 1006 599 filiam
1025 554 1214 600 suam
1236 535 1683 600 infirmatam.¹

489 622 592 687 At
667 625 779 688 ubi
855 624 1186 706 ingressus
1245 632 1349 688 est
1407 625 1684 688 domum

492 731 642 774 cum
717 711 968 776 clericis
1036 714 1212 776 suis:
1281 713 1524 776 statim·
1570 713 1686 775 de-

493 798 718 864 functa
765 809 867 862 est
914 798 1150 882 puella.
1264 800 1359 864 Et
1411 801 1685 863 descen·

489 888 761 951 dentem
829 887 1214 970 increpabat
1273 907 1425 952 eum
1502 887 1687 950 rufus

491 977 804 1057 patricius
833 977 1062 1038 dicens
1108 994 1260 1039 cum
1309 975 1684 1057 lachrymis,

489 1064 720 1146 Atque
795 1065 1052 1127 utinam
1114 1064 1390 1126 domum
1462 1083 1683 1126 meam

488 1171 620 1214 non
663 1151 1044 1215 introisses:
1089 1152 1183 1215 dii
1233 1153 1412 1214 enim
1457 1152 1685 1233 magni

488 1239 812 1321 indignati
889 1248 1094 1303 sunt:
1185 1247 1256 1303 et
1331 1238 1686 1302 noluerunt

487 1327 690 1390 filiam
725 1347 944 1390 meam
977 1327 1248 1390 salvare.
1366 1326 1585 1390 Lectio
1614 1326 1684 1408 ij.

500 1415 678 1548 Cui
729 1414 964 1478 beatus
1010 1413 1440 1498 appollinaris
1489 1415 1683 1478 dixit.

617 1504 1042 1567 Fiducialiter
1101 1523 1228 1583 age
1287 1503 1538 1586 patrici.
1614 1511 1685 1565 et

478 1591 632 1673 jura
683 1592 843 1653 mihi
894 1611 1012 1672 per
1061 1591 1344 1654 salutem
1396 1591 1683 1654 cesaris:

486 1679 644 1761 quia
709 1681 1054 1761 permittes
1127 1678 1418 1759 puellam
1493 1679 1681 1760 sequi

484 1767 884 1830 salvatorem
915 1787 1108 1829 suum
1138 1788 1152 1830 :
1198 1775 1266 1829 et
1293 1765 1495 1829 modo
1527 1786 1683 1848 cog-

485 1875 719 1918 nosces
784 1857 1094 1917 virtutem
1155 1853 1410 1917 domini
1473 1854 1681 1917 nostri

483 1943 642 2024 Jesu
707 1943 971 2007 Christi.
1064 1942 1440 2024 Respondit
1501 1939 1683 2004 rusus

485 2031 814 2112 patricius,
910 2030 982 2096 Si
1036 2030 1262 2093 videro
1307 2049 1456 2092 eam
1499 2040 1683 2092 stan-

485 2126 622 2182 tem
673 2127 740 2181 et
791 2118 1174 2200 loquentem
1225 2117 1516 2180 laudabo
1564 2137 1683 2180 no-

487 2226 640 2270 men
672 2206 780 2268 dei
813 2207 987 2270 vivi:
1033 2218 1100 2268 et
1151 2225 1285 2268 non
1322 2205 1685 2286 prohibeo²

487 2293 777 2376 puellam
811 2293 998 2376 sequi
1039 2293 1437 2356 salvatorem
1467 2313 1681 2356 suum.

483 2383 676 2446 Tunc
751 2383 986 2445 beatus
1060 2380 1488 2463 appollinaris
1564 2401 1685 2461 pa-

487 2490 755 2552 rumper
806 2489 1002 2532 orans
1055 2469 1350 2550 respexit
1381 2469 1465 2531 ad
1499 2467 1681 2549 puel-

488 2559 624 2621 lam
665 2567 733 2620 et
783 2559 892 2622 ait.
983 2554 1163 2637 Quid
1207 2555 1441 2638 jaces?
1487 2575 1685 2637 surge

487 2644 800 2710 confitere
831 2643 1228 2708 salvatorem
1261 2654 1468 2707 tuum.
1531 2642 1685 2725 Que

487 2735 716 2798 statim
749 2733 1037 2798 surrexit
1065 2733 1309 2795 dicens
1393 2731 1685 2814 Magnus

487 2831 591 2886 est
637 2823 802 2886 deus
855 2839 1056 2904 quem
1103 2820 1398 2902 predicat
1453 2819 1687 2901 appol-

493 2911 718 2974 linaris
756 2911 822 2975 :³
865 2929 998 2972 non
1061 2917 1164 2973 est
1237 2906 1406 2970 alius
1467 2917 1690 2989 preter

488 3018 659 3063 eum.
1343 2995 1558 3058 Lectio
1590 2995 1685 3077 iij.

489 3084 930 3220 Baptizata
1001 3092 1106 3148 est
1179 3091 1402 3148 autem
1463 3083 1689 3163 puella

636 3194 787 3238 cum
839 3183 1025 3256 patre
1079 3192 1200 3236 suo
1247 3179 1316 3234 et
1362 3180 1576 3234 matre
1616 3179 1685 3234 et

491 3261 742 3326 familia
803 3261 1156 3343 promiscui
1211 3279 1415 3322 sexus
1464 3258 1687 3322 anime

491 3358 818 3413 trescente
877 3349 1110 3430 viginti
1159 3355 1511 3429 quattuor:
1566 3346 1685 3410 sed

493 3437 593 3500 et⁴
626 3436 817 3498 multi
865 3436 1110 3518 pagani
1156 3435 1578 3498 crediderunt
1618 3435 1686 3497 in

497 3523 850 3589 Christum.
955 3522 1169 3585 Rufus
1229 3523 1543 3603 patricius
1603 3521 1689 3585 ti-

495 3631 684 3676 mens
714 3629 1002 3674 cesarem
1054 3609 1310 3672 occulte
1363 3610 1687 3692 diligebat

491 3703 764 3764 beatum
798 3697 1292 3780 appollinarem.
1343 3697 1514 3760 Filia
1542 3698 1687 3778 ejus

493 3796 878 3854 consecrata
937 3794 1039 3849 est
1089 3785 1246 3866 Jesu
1300 3784 1564 3850 Christo
1618 3794 1688 3849 et

492 3877 853 3962 permansit
919 3874 1130 3978 yirgo.
1256 3874 1446 3936 Idem
1527 3894 1688 3937 vero

494 3966 673 4031 rufus
703 3964 1017 4047 patricius
1040 3971 1192 4044 post
1211 3962 1479 4044 aliquod
1511 3971 1685 4025 tem-

491 4076 617 4138 pus
670 4055 736 4117 in
799 4071 1100 4135 capuana
1161 4051 1427 4113 civitate
1489 4059 1687 4113 sexto

491 4143 813 4206 kalendas
859 4137 1253 4241 septembris
1284 4159 1404 4219 pro
1438 4136 1684 4201 Christi

491 4232 758 4295 nomine
819 4229 1104 4310 sumpsit
1157 4225 1546 4309 martyrium
1598 4226 1682 4288 ad

722 4366 735 4396 ¹
773 4363 1054 4413 infirmam:
1091 4363 1160 4412 N.

721 4433 742 4462 ²
773 4429 1088 4494 prohibebo:
1127 4428 1327 4478 R.N.S.

2312 341 2455 396 310

1786 446 2058 513 laudem
2152 447 2411 512 domini
2513 447 2719 512 nostri
2808 448 2935 530 Jesu

1789 537 2055 603 Christi.
2102 535 2421 604 Ceto-rade
2438 536 2760 599 communi
2780 538 2939 600 ειπὲω

1786 625 2105 706 martyris
2150 643 2297 687 cum
2342 623 2635 688 oratione
2701 624 2941 689 Adeste.

1787 722 1866 776 ut
1888 724 2105 794 supra.
2936 704 2951 718 ’

1791 806 1854 878 (Ι
1904 801 2142 866 Sancti
2188 799 2251 864 A
2262 797 2566 882 agustini
2604 798 2857 882 episcopi
2899 807 2949 862 ct

1786 889 2078 953 doctoriS.

1786 977 1913 1040 Ad
1956 988 2249 1058 vesperas
2290 985 2397 1041 ar‘i.
2504 973 2799 1039 Amavit.
2876 971 2952 1038 Et

1786 1075 1980 1128 cetere
2005 1074 2131 1128 an’e
2152 1086 2299 1128 cum
2314 1065 2600 1147 psalmis
2610 1062 2949 1146 ferialibus.

1792 1151 1941 1234 Cap.
2022 1153 2197 1216 Ecce
2228 1153 2553 1216 sacerdos
2616 1152 2727 1216 Re.
2786 1151 2953 1214 Miles

1791 1240 2052 1305 Christi.
2130 1241 2443 1321 Hymnus
2468 1241 2609 1304 Iste
2634 1239 2946 1304 consessor.

1787 1345 1836 1414 γ
1878 1328 2177 1393 Amavit.
2252 1330 2337 1392 In
2366 1349 2594 1411 evang.
2626 1337 2731 1391 aa.
2804 1329 2949 1392 Con-

1787 1416 1995 1479 fessor
2028 1417 2303 1480 domini.
2376 1426 2479 1498 pf.
2576 1416 2947 1498 Magnificat.

1786 1504 2145 1638 Adesto
2177 1503 2775 1587 supplicationibus
2804 1503 2949 1586 [070.

1952 1593 2195 1655 nostris
2218 1593 2649 1674 omnipotens
2670 1593 2861 1656 deus:
2896 1601 2949 1654 et

1786 1678 2029 1761 quibus
2042 1679 2353 1743 fiduciam
2374 1681 2705 1760 sperande
2722 1681 2948 1762 pietatis

1786 1766 2142 1850 indulges:
2242 1769 2697 1832 intercedente
2786 1769 2949 1832 beato

1784 1855 2172 1936 Augustino
2216 1857 2476 1920 conses3
2480 1876 2595 1920 ore
2628 1865 2747 1919 tuo
2784 1865 2949 1936 atque

1786 1942 2101 2026 pontifice
2160 1954 2475 2007 consuete
2540 1943 2948 2007 misericordie

1784 2033 2000 2094 tribue
2061 2030 2389 2112 benignus
2448 2032 2780 2096 effectum.
2858 2049 2949 2111 per

1786 2119 2151 2183 dominum.
2242 2119 2581 2182 Memoria
2642 2119 2724 2181 de
2770 2126 2949 2180 sancto

1784 2206 2075 2270 hermete.
2165 2207 2297 2272 Αῆ.
2396 2207 2535 2270 Hic
2566 2216 2673 2271 oet
2700 2227 2857 2270 vere.
2912 2221 2947 2290 y

1788 2294 2017 2358 Gloria
2046 2303 2117 2359 et
2146 2294 2413 2359 honore.
2744 2292 2949 2358 Oratio.

1786 2384 2059 2513 Deus
2112 2383 2226 2464 qui
2281 2383 2557 2447 beatum
2622 2381 2949 2446 hermetem

1942 2479 2303 2552 martyrem
2335 2479 2528 2536 tuum
2560 2471 2801 2534 virtute
2829 2487 2950 2532 con-

1786 2559 2033 2621 stantie
2062 2558 2129 2620 in
2150 2558 2461 2640 passione
2484 2558 2845 2622 roborasti:
2882 2575 2949 2618 ex

1788 2644 1929 2726 ejus
1962 2644 2155 2709 nobis
2196 2647 2575 2710 imitatione
2620 2647 2833 2710 tribue
2858 2663 2949 2725 pro

1788 2753 2013 2796 amore
2057 2742 2177 2797 tuo
2224 2754 2546 2816 prospera
2593 2733 2820 2798 mundi
2864 2731 2951 2793 de·

1788 2820 2077 2902 spicere:
2130 2830 2201 2886 et
2260 2822 2445 2885 nulla
2504 2821 2656 2903 ejus
2716 2821 2949 2886 adversa

1788 2909 2161 2974 formidare.
2206 2929 2327 2992 per
2354 2911 2729 2974 dominum.
2778 2909 2898 2972 Lec.
2904 2905 2948 2988 j.

1787 2997 2073 3129 Igitur
2144 2997 2383 3062 beatus
2444 2998 2839 3080 augustinus
2886 3013 2949 3056 ex

1897 3083 2235 3166 provincia
2314 3085 2639 3149 affricana
2728 3085 2951 3148 civitate
3006 3129 3008 3136 .

1787 3171 2214 3254 thagathensi
2259 3182 2443 3236 ortus
2488 3183 2639 3237 erat
2680 3194 2758 3236 ac
2788 3169 2953 3234 nutri-

1788 3269 1936 3324 tus:
1984 3261 2427 3344 omnibusque
2480 3259 2859 3327 liberalibus
2900 3258 2951 3319 li-

1789 3346 1946 3412 teris
1978 3349 2291 3412 eruditus,
2383 3349 2542 3432 Ipse
2590 3351 2795 3413 etiam
2834 3366 2949 3410 con-

1788 3437 2090 3517 sequenti
2109 3445 2411 3518 tempore
2428 3436 2513 3500 ad
2538 3437 2950 3502 mediolanum

1791 3525 2093 3606 pervenit
2136 3525 2525 3589 civitatem.
2574 3527 2693 3589 ubi
2726 3545 2767 3588 a
2794 3524 2949 3588 beato

1791 3611 2127 3675 ambrosio
2156 3611 2459 3693 ejusdem
2500 3613 2793 3676 civitatis
2816 3609 2949 3691 epis·

1792 3718 1963 3781 copo
1992 3699 2388 3764 catholicam
2420 3701 2725 3783 percepit
2754 3695 2947 3764 doctu·-

1790 3807 1965 3850 nam.
2016 3788 2261 3869 Sicque
2290 3797 2609 3869 percepta
2642 3789 2753 3852 dei
2780 3783 2947 3868 gratia

1792 3875 1876 3938 ad
1940 3874 2235 3938 affricam
2299 3877 2665 3941 remeabat.
2758 3875 2945 3954 Ibique

1790 3963 2075 4026 triennio
2130 3962 2397 4044 jejuniis
2458 3973 2527 4027 et
2582 3962 2943 4027 orationibus
3000 3995 3002 4018 ι

1790 4052 1919 4114 deo
1951 4051 2293 4115 serviebat.
2678 4048 2875 4115 Latio
2896 4044 2942 4126 1j.
2999 4019 3002 4104 l

1788 4142 2131 4270 Postea
2161 4160 2317 4202 vero
2363 4161 2403 4202 a
2450 4139 2703 4203 valerio
2733 4140 2941 4220 hyp0ss-
3000 4205 3002 4207 ,

1942 4248 2082 4290 ensi
2115 4227 2431 4309 episcopo
2450 4229 2935 4310 presbyteratum

2018 4365 2038 4392 ⁸
2076 4362 2355 4412 ‘et’addz
2394 4363 2601 4412 R.N.S.

2017 4430 2038 4459 ⁴
2076 4429 2359 4478 ‘et’om.t
2398 4427 2602 4479 R.N.S.
