3117 4959
936 244 1217 303 INDEX
1258 246 1820 307 ANTIPHONAR
1829 249 1968 307 UM.

734 352 891 410 845
2016 358 2172 414 846

197 470 458 537 Prophete
479 471 860 537 predicaverunt
880 470 1035 533 nasci,
1061 484 1145 534 49,
1173 471 1273 535 678
1504 474 1606 538 Qui
1629 482 1744 525 sunt
1764 474 1818 525 hi
1840 491 2094 526 sermones
2115 491 2258 541 quos,
2282 486 2384 539 413

193 540 442 604 Prophete
452 540 840 605 predicaverunt
858 540 1012 597 nasei,
1042 539 1141 602 236
1504 541 1606 604 Qui
1630 541 1836 591 verbum
1857 543 1940 591 dei
1963 542 2194 603 retinent,
2223 552 2320 606 252

195 606 461 670 Propicius
482 613 591 654 esto
612 604 829 669 peccatis
850 604 1046 664 nostris,
1073 604 1170 666 827
1508 607 1640 669 Quia
1661 608 1844 657 devotis
1865 608 2094 657 laudibus
2114 609 2210 667 tui,
2240 607 2337 669 726

195 672 413 735 Proprie
436 670 539 720 filio
562 686 663 720 non
688 671 925 735 pepercit,
952 682 1051 733 394
1188 714 1197 722 .
1504 672 1638 735 Quia
1659 673 1905 723 mirabilia
1929 673 2046 723 fecit
2067 674 2316 733 dominus,
2343 672 2438 736 851

194 737 575 801 Rvpterfidem
596 738 841 785 castitatis
849 738 1011 801 jussa,
1045 746 1134 799 191
1503 738 1638 801 Quia
1661 737 1826 789 vidisti
1848 756 1928 788 me
1951 740 2140 799 thoma,
2165 752 2268 800 440

196 803 415 867 Propter
436 802 835 866 insuperabilem,
869 811 961 865 105
1507 804 1640 864 Quia
1660 804 1840 853 vidisti
1858 821 1934 854 me
1953 806 2138 864 thoma,
2169 804 2263 855 128

198 869 415 933 Propter
434 884 559 932 syon
580 883 683 917 non
706 870 897 926 taceb0,
926 880 993 929 49
1504 868 1640 931 Quid
1663 878 1738 919 est
1762 870 1856 919 hoc
1879 872 2014 935 quod
2036 871 2177 930 dicit,
2202 880 2306 934 454

194 934 493 984 Prostmtus
513 940 583 983 est
601 934 897 993 semiss-imus,
932 932 1027 983 166
1502 934 1639 997 Quid
1664 935 1842 984 faciam
1864 936 1981 1001 quia
2003 936 2235 987 dominus
2255 952 2408 996 meus,
2435 934 2540 997 630

194 1000 429 1049 findens
446 1007 495 1049 et
512 1000 735 1063 vigilans
753 1000 911 1063 virgo,
942 1008 1038 1060 727
1502 999 1638 1063 Quid
1663 1000 1744 1051 hic
1766 1003 1908 1051 statis
1928 1011 2035 1052 tota
2057 1004 2154 1064 die,
2185 1002 2281 1066 238

196 1066 476 1115 Rudentes
494 1082 608 1115 vero
627 1071 941 1125 accesserunt,
969 1074 1034 1125 70
1502 1066 1638 1129 Quid
1662 1066 1859 1117 molesti
1881 1068 2000 1117 estis
2019 1069 2136 1118 huic
2157 1067 2369 1127 mulieri,
2397 1078 2497 1129 359

194 1132 473 1181 prudentes
492 1132 715 1195 virgines
734 1138 912 1195 aptate,
939 1130 1007 1191 64
1506 1132 1650 1192 Quid
1655 1134 1982 1196 peccatoribus
2003 1135 2150 1185 letius
2169 1136 2253 1184 vel
2255 1134 2432 1199 justis,
2461 1130 2561 1195 396

194 1197 410 1246 psallite
430 1204 683 1246 cantantes
700 1196 899 1245 domino
921 1212 1067 1254 nova,
1100 1204 1195 1257 179
1502 1198 1639 1261 Quid
1663 1198 1805 1247 vobis
1828 1200 2022 1249 videtur
2043 1200 2108 1249 de
2130 1200 2350 1259 Christo,
2377 1200 2475 1260 642

196 1264 407 1313 Psallite
429 1263 529 1312 deo
548 1270 719 1312 nostro
741 1262 956 1326 psallite,
989 1261 1075 1311 161
1502 1263 1722 1327 Quidam
1745 1272 1912 1315 autem
1931 1265 2070 1329 judei
2092 1266 2341 1325 dicebam,
2372 1264 2468 1328 356

194 1330 397 1378 Pudore
414 1330 534 1377 bono
554 1329 763 1393 repletus
782 1328 861 1377 dei
862 1328 1119 1393 famulus,
1153 1340 1249 1375 100
1505 1330 1738 1394 Quinque
1755 1337 1922 1380 autem
1945 1347 2006 1381 ex
2026 1332 2097 1381 eis
2116 1338 2264 1381 erant
2265 1332 2434 1395 satue,
2465 1339 2530 1390 70

196 1396 373 1444 Puelle
387 1396 605 1444 saltanti
622 1394 889 1458 imperavit
912 1400 1085 1452 mater,
1116 1403 1213 1455 519
1506 1396 1738 1459 Quinque
1749 1396 2016 1459 prudentes
2033 1398 2256 1461 virgines
2277 1402 2583 1454 accesserunt,
2609 1394 2677 1457 67

197 1461 333 1510 Puer
369 1460 519 1525 Jesus
560 1460 813 1510 crescebat
858 1467 911 1509 et
952 1458 1342 1519 confortabatur,
1502 1460 1630 1524 Quis
1651 1461 1786 1510 enim
1809 1460 1860 1509 in
1886 1460 2116 1511 omnibus
2137 1462 2262 1511 sicut
2285 1461 2452 1521 david,
2481 1470 2581 1525 559

271 1538 367 1589 134
1506 1526 1635 1586 Quas
1654 1542 1703 1575 es
1723 1534 1782 1575 tu
1873 1528 1898 1575 i
1915 1528 2116 1587 venisti,
2148 1540 2242 1589 193

196 1592 331 1641 Puer
349 1592 493 1656 Jesus
516 1590 822 1656 proficiebat,
852 1600 949 1652 207
1503 1590 1629 1653 Quis
1651 1607 1714 1641 ex
1736 1608 1800 1641 vo
1835 1592 1878 1641 is
1901 1602 2073 1657 arguet
2095 1608 2196 1652 me,
2223 1604 2321 1657 352

192 1658 341 1707 Puer
427 1659 451 1706 i
470 1665 623 1707 natus
643 1664 713 1707 est
732 1658 869 1706 nobis
880 1658 1171 1720 plusquam,
1202 1666 1301 1719 339
1502 1656 1630 1719 Quis
1651 1672 1713 1706 ex
1735 1658 1878 1707 vobis
1901 1658 2053 1708 homo
2074 1659 2162 1723 qui
2182 1658 2352 1717 habet,
2379 1658 2480 1707 622

196 1724 347 1773 Pueri
408 1724 667 1773 ebreorum
691 1723 939 1781 tollentes,
966 1722 1065 1785 366
1502 1722 1630 1785 Quis
1651 1722 1743 1772 scit
1767 1723 1810 1772 si
1832 1733 2163 1784 convertatur,
2193 1724 2307 1787 265,
2337 1722 2437 1786 289

198 1790 347 1839 Pueri
370 1788 671 1839 hebreorum
689 1789 1001 1847 vestimenta,
1030 1786 1128 1851 367
1505 1788 1615 1849 Quo
1635 1790 1854 1853 amplius
1868 1790 2186 1853 gentilitatis,
2215 1792 2314 1851 604

194 1855 423 1905 Pulchra
443 1871 489 1905 es
509 1862 557 1904 et
576 1854 895 1919 decorafilia,
920 1852 1021 1914 484
1504 1854 1614 1913 Quo
1715 1854 1932 1919 gredens
1952 1856 2060 1905 sine
2071 1856 2186 1919 filio
2197 1862 2362 1919 pater,
2388 1854 2481 1915 461

198 1921 515 1970 Pulchrior&
536 1928 649 1969 sunt
672 1920 803 1969 oculi
826 1920 949 1983 ejus,
978 1930 1077 1981 740
1501 1918 1585 1981 Qu
1675 1929 1840 1969 autem
1863 1920 2043 1970 cecidit
2066 1920 2120 1969 in
2143 1929 2340 1980 terram,
2369 1930 2468 1984 253

198 1986 479 2050 Purgantur
500 1986 741 2051 ydropici,
776 1985 906 2047 185n
1502 1984 1651 2045 Quod
1667 2002 1859 2050 cunque
1879 1988 2109 2063 ligaveras
2127 1994 2276 2051 super
2294 1993 2500 2045 terram,
2531 1992 2629 2048 355

196 2054 504 2117 Purgatur
522 2052 793 2116 hydropici,
822 2062 920 2115 303
1501 2050 1654 2113 Quod
1677 2052 1762 2099 uni
1783 2067 1844 2100 ex
1868 2052 2086 2101 minimis
2108 2052 2250 2112 meiS,
2278 2050 2376 2114 289

1504 2116 1746 2177 Quomodo
1753 2118 1850 2180 fiet
1869 2118 2009 2167 istud
2023 2119 2194 2183 angele
2212 2118 2308 2177 dei,
2336 2129 2434 2177 242

1482 2182 1750 2245 ,Quomodo
1771 2184 2119 2247 multiplicasti
2139 2191 2298 2243 mam,
2328 2182 2425 2233 218

202 2250 429 2311 QUAM
431 2249 649 2314 pulchra
672 2264 723 2298 es
742 2248 905 2298 amica
927 2262 1049 2306 mea,
1079 2246 1146 2295 80
1498 2246 1768 2310 Quondam
1791 2249 2138 2309 thesaurariae,
2171 2250 2302 2301 186n

200 2317 367 2377 Quam
382 2316 601 2379 pulchra
621 2331 669 2363 es
690 2322 737 2364 et
756 2330 909 2379 quam
929 2314 1117 2370 decora,
1143 2324 1239 2373 491
1503 2314 1764 2373 Quondam
1787 2316 2149 2376 thesaurarius,
2177 2326 2272 2378 297

198 2382 469 2443 Quandam
490 2388 721 2430 vexatam
742 2397 770 2429 o
791 2380 1003 2439 demone,
1032 2377 1131 2427 226
1499 2379 1752 2442 Quoniam
1775 2380 1828 2429 in
1852 2390 2077 2431 eternum
2103 2380 2458 2439 misericordia,
2483 2392 2586 2442 912

199 2448 414 2509 Quando
434 2454 655 2512 concepta
676 2454 746 2495 est
764 2448 922 2509 virgo,
956 2458 977 2494 1
990 2457 1087 2493 Ion
1497 2444 1750 2507 Quoniam
1774 2446 1827 2495 in
1849 2456 1900 2497 10
1923 2448 2129 2498 confidit
2152 2448 2334 2507 anima,
2364 2446 2464 2509 796

200 2514 413 2573 Quando
432 2520 557 2561 nata
578 2520 645 2562 est
664 2513 807 2575 virgo
827 2511 1173 2569 sacratissima,
1206 2519 1300 2572 537
1500 2510 1749 2570 Quoniam
1772 2513 2001 2576 nonfuit
2019 2515 2176 2573 dolus,
2209 2512 2304 2563 218

194 2580 415 2641 Quando
436 2587 581 2628 natus
604 2594 659 2627 es
678 2576 1009 2637 ineffabiliter,
1043 2587 1136 2638 143
1496 2576 1738 2639 Quotidie
1759 2578 1892 2642 apud
1917 2595 2008 2629 vos
2028 2595 2182 2640 eram,
2211 2589 2309 2643 374

194 2644 353 2708 Quasi
376 2660 504 2694 unus
523 2644 589 2693 de
610 2643 842 2709 paradisi,
876 2656 937 2691 10

196 2712 305 2772 Que
324 2718 391 2759 est
413 2711 509 2759 ista
528 2726 621 2775 que
640 2710 872 2767 ascendit,
968 2717 997 2771 5

194 2777 311 2841 Que
332 2775 511 2825 mulier
532 2776 721 2825 habens
742 2775 973 2839 dragmas
994 2774 1185 2833 decem,
1214 2772 1313 2821 622
1494 2772 1713 2822 RABBI
1736 2773 1848 2838 quis
1871 2774 2094 2839 peccavit
2117 2773 2199 2824 hic
2221 2780 2322 2831 aut,
2353 2784 2450 2835 339

197 2842 351 2903 Quem
374 2843 549 2890 dicunt
567 2842 785 2890 homines
803 2856 898 2890 esse
905 2840 1102 2904 filium,
1131 2848 1226 2902 345
1494 2838 1718 2901 Rapiunt
1763 2854 1794 2887 a
1846 2840 2013 2904 pugile
2069 2840 2150 2889 lex
2205 2848 2256 2889 01
2301 2839 2460 2889 hostis
2502 2838 2672 2888 lumen

192 2908 361 2972 Quem
384 2908 577 2957 vidistis
598 2916 821 2971 pastores
842 2905 1009 2965 dicite,
1036 2904 1102 2967 87
1560 2902 1709 2966 185n,
1734 2916 1832 2967 941

190 2974 473 3037 Querentes
494 2988 607 3023 eum
632 2980 815 3033 tenere,
845 2984 943 3034 309
1489 2968 1724 3033 Rapaunt
1745 2988 1778 3019 a
1791 2971 1968 3035 pugile
1987 2971 2069 3020 lex
2089 2978 2133 3019 et
2153 2970 2305 3019 hostis
2326 2971 2514 3031 lumen,
2543 2981 2644 3033 303

190 3039 401 3103 Querite
422 3038 683 3088 dominum
704 3040 842 3097 dum,
871 3049 936 3098 24
1492 3036 1680 3085 Rectos
1703 3036 1847 3085 decet
1869 3036 2188 3097 collaudatiO,
2216 3036 2314 3097 766

190 3105 401 3169 Qucrite
422 3120 541 3169 ergo
562 3104 779 3170 primum
800 3118 1023 3167 regnum,
1051 3101 1151 3165 638
1491 3100 1676 3150 Reddet
1696 3103 1812 3150 deus
1834 3104 2090 3152 mercedem
2113 3103 2338 3161 laborem,
2367 3101 2469 3165 630

191 3172 295 3235 Qui
310 3171 530 3220 celorum
543 3171 771 3220 contines
780 3170 985 3219 thronos
998 3167 1279 3231 etabySwS,
1294 3166 1396 3217 610
1494 3166 1714 3217 Reddite
1736 3183 1856 3232 ergo
1877 3184 1976 3233 que
1997 3176 2112 3217 sunt
2133 3166 2332 3227 cesariS,
2359 3168 2460 3229 649

195 3237 302 3298 Qui
320 3238 380 3286 de
401 3246 524 3300 rupe
536 3237 786 3301 prompsit
804 3251 1005 3300 aquam,
1034 3233 1132 3282 228
1494 3233 1916 3297 Redemptionem
1939 3234 2074 3283 misit
2097 3234 2208 3293 dns,
2235 3245 2298 3295 91

191 3302 295 3366 Qui
317 3304 381 3352 de
404 3310 535 3352 terra
556 3310 631 3352 est
652 3302 717 3351 de
741 3309 870 3351 terra
892 3300 1127 3365 loquitur,
1158 3297 1253 3361 138
1491 3300 1672 3363 Regali
1685 3316 1748 3348 ex
1759 3300 1989 3363 proganie
2011 3300 2180 3349 maria
2199 3306 2434 3361 concepta,
2469 3309 2489 3346 1
2502 3311 2521 3346 1
2531 3307 2602 3361 sn

190 3368 295 3433 Qui
318 3368 515 3418 habitas
536 3368 589 3417 in
612 3367 733 3417 celis
754 3366 1005 3425 miserere,
1031 3378 1131 3427 904
1490 3365 1672 3428 Regali
1687 3381 1750 3415 ex
1760 3366 1993 3429 progenie
2015 3367 2182 3415 maria
2201 3373 2386 3423 exorta,
2415 3374 2512 3427 542

190 3435 294 3497 Qui
318 3434 511 3484 habitat
534 3434 589 3483 in
612 3432 877 3497 adjutorio,
904 3432 996 3482 661
1494 3430 1660 3494 Reges
1682 3438 1808 3480 terre
1830 3439 1880 3480 et
1904 3446 2078 3481 omnes
2100 3431 2289 3497 populi,
2319 3440 2414 3495 335

191 3500 293 3564 Qui
316 3501 477 3564 major
498 3508 574 3549 est
596 3510 832 3557 vestrum,
860 3498 958 3561 306
1300 3530 1305 3533 -
1491 3496 1660 3560 Reges
1673 3496 1879 3547 Tharsis
1895 3504 1945 3547 01
1969 3497 2144 3557 insule,
2177 3498 2270 3561 163

195 3568 302 3629 Qui
322 3582 398 3616 me
418 3566 847 3631 consessusfteen't,
874 3576 941 3625 24
1490 3562 1641 3625 Reges
1661 3563 1896 3612 videbunt
1913 3569 1962 3613 et
1979 3570 2285 3627 consurgent,
2313 3572 2410 3628 335

194 3634 305 3693 Qui
324 3648 401 3681 me
416 3633 653 3709 dignatus
672 3638 743 3681 est
760 3632 823 3679 ab
844 3630 999 3689 omni,
1033 3640 1127 3691 193
1492 3628 1745 3691 Regnavit
1768 3630 2000 3679 dominus
2023 3630 2318 3696 precinctus,
2349 3641 2450 3693 750

190 3698 294 3762 Qui
316 3714 400 3748 me
421 3697 556 3747 misit
578 3712 773 3746 mecum
797 3703 888 3755 est,
918 3706 1015 3758 305
1488 3694 1752 3757 Regressus
1771 3696 2004 3745 luciames
2015 3698 2274 3761 presbyter,
2303 3708 2400 3758 447

188 3764 291 3828 Qui
318 3780 400 3813 1110
424 3778 597 3813 sanum
621 3762 737 3812 fecit
760 3762 862 3822 ille,
890 3770 1006 3825 295,
1491 3759 1715 3825 Reliquit
1738 3776 1852 3810 eum
1877 3768 2163 3826 temptator,
2191 3761 2284 3812 281

190 3831 302 3892 Qui
322 3830 453 3879 mihi
473 3830 731 3879 ministrat
753 3845 843 3889 me,
872 3840 938 3888 24
1491 3825 1694 3889 Repleti
1717 3835 1831 3876 sunt
1854 3842 2029 3877 omnes
2049 3828 2240 3892 spiritu,
2273 3836 2362 3889 501

186 3896 291 3960 Qui
316 3910 419 3945 non
440 3895 631 3960 colligit
653 3910 867 3954 mecum,
896 3905 993 3956 319
1487 3892 1718 3955 Reposita
1739 3899 1810 3941 est
1832 3894 1958 3941 milti
1979 3908 2154 3941 corona
2162 3892 2376 3956 justitie,
2407 3892 2498 3955 361

189 3963 300 4024 Qui
318 3962 424 4011 odit
441 3963 671 4011 animam
690 3977 835 4009 suam
858 3960 914 4007 in
936 3960 1035 4017 hoc,
1071 3968 1128 4019 17
1489 3957 1771 4021 Respexisti
1794 3957 2124 4007 humilitatem
2149 3973 2326 4017 meam,
2355 3958 2455 4019 908

186 4030 294 4090 Qui
312 4035 537 4091 operatus
557 4034 629 4077 est
638 4034 781 4091 petro
802 4027 861 4075 in
882 4026 1223 4090 apostolatum,
1253 4024 1351 4088 356
1488 4023 1703 4087 Respice
1726 4030 1776 4072 et
1797 4023 1976 4073 exaudi
1999 4038 2079 4072 me
2100 4023 2214 4082 dne,
2245 4034 2343 4083 740

182 4094 287 4157 Qui
312 4108 488 4158 pacem
512 4093 653 4157 ponit
678 4093 817 4152 finae,
846 4102 943 4155 529
1488 4089 1820 4153 Respondeas
1842 4096 2006 4137 autem
2030 4088 2236 4151 angelus
2257 4089 2400 4149 dixit,
2427 4089 2530 4150 406

186 4162 298 4222 Qui
308 4160 690 4224 persequebatur
694 4160 915 4223 justum,
942 4156 1011 4221 84
1485 4156 1794 4219 Respondens
1815 4162 1980 4203 autem
2001 4154 2179 4218 infans
2199 4171 2378 4215 coram,
2407 4156 2500 4217 691

181 4226 289 4291 Qui
312 4233 426 4289 post
450 4241 531 4274 me
554 4224 706 4284 venit,
738 4225 801 4288 36
1484 4221 1839 4284 Reponderunt
1847 4220 2116 4285 prudentes
2133 4220 2356 4277 dicentes.
2378 4233 2440 4283 72

185 4294 297 4353 Qui
319 4291 597 4358 raphaelem
620 4291 991 4355 archangelum,
1019 4301 1117 4353 223
1485 4288 1789 4350 Responsum
1809 4286 1991 4349 accepit
2006 4301 2200 4348 symeon
2227 4302 2278 4345 a,
2312 4284 2403 4335 182

185 4360 293 4421 Que
316 4360 463 4422 regni
480 4358 636 4407 claves
656 4364 703 4408 et
722 4372 913 4415 curam,
942 4369 1039 4417 204
1488 4353 1678 4401 Revela
1699 4353 1906 4402 domino
1928 4352 2060 4401 viam
2085 4360 2236 4411 tuam,
2270 4363 2364 4416 773

185 4426 297 4491 Qui
313 4425 543 4489 sequitur
561 4440 637 4474 me
658 4440 761 4474 non
780 4424 1021 4483 ambulat,
1050 4435 1117 4485 24
1489 4420 1756 4470 Revertere
1779 4418 1832 4469 in
1856 4427 2038 4471 terram
2054 4418 2194 4483 jude,
2227 4428 2318 4483 157
