3117 4959
837 254 941 308 IN
991 251 1295 307 VIGILIA
1350 247 1664 306 SANCTJ
1707 248 2150 321 JOHANNJS
2191 252 2302 307 BA
2309 253 2362 307 P
2372 254 2504 309 TIS
2511 254 2554 308 7
2559 253 2632 310 E.

1020 361 1177 418 329

486 481 896 547 dominicam.
984 479 1169 544 Idem
1221 499 1368 542 vero
1414 477 1569 540 ordo
1613 485 1688 539 ut

476 574 675 654 prius
709 571 788 633 de
826 578 1043 632 sancto
1064 565 1361 650 johanne
1403 565 1686 647 baptista

486 658 853 723 observetur
879 657 949 720 in
981 654 1216 739 vigilia
1259 655 1686 736 apostolorum

486 747 684 811 Petri
728 756 792 809 et
819 745 1059 826 pauli:
1108 753 1171 806 et
1212 742 1373 804 aliis
1430 740 1689 824 vigiliis

486 844 853 898 sanctorum
883 852 1004 914 que
1032 843 1158 914 pro
1188 829 1425 912 vig-ilia
1454 828 1686 892 haben-

488 933 604 986 tur
630 923 701 986 in
741 919 973 1003 quibus
998 920 1185 1001 festa
1229 919 1436 982 trium
1481 916 1685 980 lectio-

490 1031 648 1074 num
706 1010 1044 1074 evenerint.
1168 1010 1232 1084 1[
1294 1005 1401 1068 De
1449 1004 1686 1086 vig-ilia

489 1119 637 1162 vero
695 1096 1074 1160 nativitatis
1117 1093 1333 1157 sancti
1366 1090 1688 1176 johannis

490 1186 758 1269 baptiste
799 1185 907 1248 vel
941 1183 1369 1265 apostolorum
1404 1183 1587 1263 petri
1627 1189 1692 1246 et

472 1275 676 1358 pauli
763 1273 953 1355 infra
1042 1280 1335 1335 octavam
1412 1268 1690 1351 corporis

496 1360 748 1430 Christi
765 1360 1170 1442 contingente.
1194 1355 1475 1440 qualiter
1493 1376 1686 1439 agen-

488 1452 645 1516 dum
686 1449 783 1514 sit
823 1457 1137 1530 queratur
1162 1446 1232 1509 in
1265 1445 1526 1508 rubrica
1554 1465 1688 1507 cor-

476 1542 665 1623 poris
720 1535 983 1605 Christi.
1076 1535 1133 1600 S
1136 1535 1165 1598 i
1204 1532 1527 1597 dominica
1571 1553 1690 1614 que

490 1629 678 1710 infra
748 1634 1041 1689 octavam
1104 1623 1317 1685 sancti
1366 1619 1690 1704 joliannis

491 1717 678 1779 varie
702 1712 1016 1796 contingit
1041 1732 1085 1775 a
1106 1712 1285 1792 festo
1313 1710 1644 1772 vacaverit
1665 1731 1688 1771 .-

470 1806 615 1889 fiat
637 1801 982 1867 servitium
1005 1799 1086 1863 de
1110 1797 1436 1862 dominica
1462 1805 1532 1859 et
1560 1817 1687 1859 me-

488 1893 597 1955 die
623 1892 909 1955 lectiones
936 1888 1017 1952 de
1056 1895 1273 1951 sancto
1297 1885 1594 1968 johanne
1627 1893 1692 1948 et

490 1981 802 2044 memoria
831 1977 911 2040 de
936 1976 1161 2040 eodem.
1233 1983 1297 2036 et
1326 1973 1395 2036 in
1426 1971 1690 2036 sabbato

488 2069 589 2131 ad
609 2077 899 2148 vesperas
941 2063 1292 2145 antiphona
1338 2060 1688 2124 Elizabeth

486 2177 631 2220 cum
677 2153 960 2236 psalmis
1003 2150 1375 2233 ferialibus.
1482 2159 1545 2212 et
1601 2149 1696 2211 ad

488 2243 797 2309 secundas
854 2249 1145 2321 vesperas
1216 2237 1559 2318 antiphone
1629 2247 1694 2300 et

476 2331 731 2414 psalmi
776 2327 1201 2393 dominicales.
1293 2325 1430 2388 nisi
1471 2325 1543 2388 in
1589 2325 1688 2388 vi-

477 2420 661 2502 gilia
689 2417 1112 2500 apostolorum
1134 2415 1428 2478 evenerit.
1502 2413 1603 2476 Et
1628 2412 1695 2476 si

492 2508 731 2591 vigilia
778 2505 1201 2589 apostolorum
1252 2502 1321 2565 in
1365 2501 1689 2564 dominica

488 2596 782 2661 evenerit.
884 2593 1027 2678 fiat
1079 2590 1389 2655 similiter
1444 2589 1525 2654 de
1577 2589 1686 2652 do-

492 2684 751 2749 minica.
869 2692 931 2746 et
998 2679 1200 2744 medie
1267 2677 1555 2742 lectiones
1613 2677 1694 2740 de

491 2783 709 2838 sancto
751 2772 923 2835 leone
948 2779 1141 2852 papa.
1231 2765 1559 2831 Memoria
1593 2776 1690 2828 ta-

493 2883 639 2926 men
667 2859 809 2945 fiat
856 2857 937 2922 de
978 2865 1196 2921 sancto
1227 2852 1520 2938 johanne
1545 2875 1570 2916 .·
1631 2863 1694 2917 et

494 2952 697 3015 missa
717 2948 800 3012 de
826 2945 1063 3030 vig-ilia
1087 2944 1156 3007 in
1172 2941 1461 3024 capitale.
1521 2941 1688 3005 Item

493 3038 681 3121 infra
738 3046 1027 3100 octavam
1085 3030 1298 3096 sancti
1358 3029 1694 3104 Johameis

494 3126 767 3209 baptiste
818 3123 917 3206 fit
983 3119 1329 3185 servicium
1387 3116 1468 3180 de
1511 3117 1694 3199 festo

495 3216 699 3279 trium
770 3211 1105 3278 lectionum
1176 3228 1320 3271 cum
1381 3204 1698 3288 regimine

492 3303 672 3366 chori
727 3309 791 3364 et
843 3319 989 3362 cum
1034 3295 1293 3380 psalmo
1339 3293 1441 3357 Te
1490 3296 1689 3357 deum

494 3390 863 3455 laudamus.
939 3395 1201 3467 propter
1232 3393 1527 3446 octavam
1557 3381 1698 3445 nisi

496 3479 567 3542 in
582 3479 761 3560 sesto
788 3474 1000 3538 sancti
1019 3473 1214 3535 leonis
1234 3480 1399 3552 pape
1425 3470 1540 3534 ubi
1567 3491 1690 3533 non

493 3566 740 3631 dicitur
764 3561 1067 3646 psalmus
1095 3560 1195 3623 Te
1226 3559 1444 3622 deum.
1498 3569 1691 3640 prop-

496 3665 596 3718 ter
632 3651 935 3736 vigiliam
978 3657 1042 3712 et
1084 3647 1180 3712 ibi
1218 3645 1468 3708 dicitur
1506 3647 1691 3710 Invi-

496 3741 809 3806 tatorium
851 3738 934 3803 ab
965 3756 1091 3800 uno
1115 3759 1139 3800 .·
1184 3755 1293 3798 nec
1335 3743 1545 3796 tamen
1591 3733 1694 3798 di·

492 3839 732 3895 cuntur
771 3825 1075 3892 memorie
1102 3822 1401 3906 feriales.
1490 3823 1694 3905 Infra

494 3930 785 3985 octavam
830 3914 1253 3998 apostolorum
1291 3932 1416 3974 non
1447 3910 1694 3974 dicetur

492 4009 574 4073 de
616 4008 834 4090 aliquo
863 4005 1043 4087 sesto
1095 4002 1303 4065 trium
1356 4000 1692 4064 lectionum

495 4097 632 4161 nisi
656 4097 736 4160 de
761 4091 1015 4159 octava¹
1048 4089 1263 4154 sancti
1295 4087 1642 4164 Johannis.

499 4191 563 4265 1[
608 4185 771 4248 Item
802 4182 990 4264 infra
1020 4191 1311 4243 octavam
1340 4177 1554 4240 sancti
1582 4177 1694 4258 jo-

493 4273 731 4337 hannis
760 4292 885 4334 non
910 4270 1008 4354 fit
1031 4267 1379 4331 servicium
1413 4274 1692 4327 mortuo-

494 4381 643 4424 rum
674 4361 743 4424 in
774 4358 1100 4422 communi
1120 4379 1143 4418 .·
1188 4354 1272 4417 ab
1309 4353 1692 4416 ebdomada-

860 4481 877 4512 ⁸
910 4479 1091 4529 octavis
1106 4493 1122 4525 .·
1158 4476 1229 4528 Μ

2297 363 2456 418 880

1787 477 1889 540 rio
1920 486 2134 541 tamen
2163 479 2423 544 dicetur.
2516 480 2657 543 Nec
2687 480 2990 544 dicuntur

1787 567 2086 629 memorie
2115 578 2398 631 consuete
2431 568 2588 631 Non
2629 570 2882 632 dicitur
2917 571 2990 633 de

1783 663 2004 716 sancto
2055 655 2332 718 wilelmo
2383 657 2492 719 vel
2534 656 2618 719 de
2663 660 2728 723 A
2721 659 2992 738 postolis

1785 737 1904 803 ‘sed
1943 741 2025 805 de
2069 743 2352 808 domina.
2443 744 2648 824 Infra
2699 755 2994 808 octavam

1788 849 1937 892 vero
1971 831 2401 912 apostolorum
2448 852 2644 914 neque
2669 832 2752 896 de
2777 844 2995 898 sancto

1787 917 2068 980 wilelmo
2099 939 2296 1002 neque
2327 920 2409 982 de
2431 921 2701 984 domina
2729 922 2994 985 dicetur.

1787 1005 1953 1068 Item
1987 1005 2176 1087 infra
2205 1017 2494 1071 octavam
2524 1009 2996 1092 sanctijoltan—

1789 1093 1896 1155 nis
1951 1093 2175 1158 diebus
2225 1096 2448 1158 vacuis
2487 1096 2586 1178 fit
2639 1098 2724 1159 de
2779 1109 2996 1160 sancto

1742 1211 1746 1216 ’
1793 1179 2116 1255 Jolcaunc.
2209 1183 2298 1248 Si
2338 1205 2487 1248 vero
2531 1195 2758 1248 octave
2781 1207 2904 1249 sue
2931 1187 2994 1250 in

1787 1269 2112 1332 dominica
2135 1272 2463 1334 evenerint
2481 1296 2503 1334 .·
2528 1273 2626 1355 fit
2644 1274 2996 1336 servicium

1787 1356 1868 1419 de
1893 1357 2240 1439 apostolis:
2283 1370 2346 1422 et
2375 1360 2580 1423 medie
2596 1361 2898 1424 lectiones
2925 1363 2999 1425 de

1785 1455 2005 1509 sancto
2029 1446 2347 1518 Johanne.
2401 1447 2566 1510 Item
2584 1449 2652 1511 si
2669 1449 2998 1513 dominica

1787 1553 1909 1615 que
1965 1533 2154 1615 iufra
2215 1545 2474 1598 octavas
2535 1537 2996 1617 Apostolorum

1789 1621 1976 1684 varie
1999 1623 2314 1704 contingit
2341 1645 2385 1686 a
2399 1625 2580 1706 festo
2614 1627 2956 1690 vacaverit
2973 1650 2995 1690 .·

1790 1718 1992 1772 totum
2035 1711 2384 1774 servicium
2413 1713 2555 1795 fiat
2579 1713 2662 1776 de
2691 1715 2994 1794 apostolis

1785 1817 1932 1860 cum
1985 1819 2208 1861 novem
2260 1799 2635 1864 lectionibus
2687 1803 2876 1866 nihil
2923 1803 2995 1866 de

1786 1885 2129 1950 dominica.
2196 1891 2260 1965 1[
2301 1887 2390 1950 Si
2417 1909 2564 1951 vero
2582 1889 2656 1951 in
2679 1890 2794 1952 die
2817 1911 2990 1954 sanc·
3065 1927 3067 1958 ι

1787 1982 2001 2036 torum
2029 1973 2360 2048 Joltannis
2377 1985 2444 2040 et
2453 1977 2656 2058 pauli
2667 1978 2990 2042 dominica

1785 2062 2068 2124 evenerit
2088 2086 2112 2126 .·
2147 2064 2288 2146 fiat
2341 2065 2688 2128 servicium
2749 2067 2836 2131 de
2887 2067 2986 2131 do-

1789 2149 2032 2213 minica
2057 2171 2080 2212 .·
2153 2160 2217 2213 et
2287 2152 2494 2216 medie
2563 2153 2858 2218 lectiones
2915 2155 2988 2218 de

1789 2238 2187 2319 martyribus
2211 2262 2235 2302 .·
2277 2250 2340 2302 et
2373 2239 2512 2322 fiat
2557 2244 2874 2306 memoria
2915 2243 2986 2306 de

1787 2337 2007 2389 sancto
2048 2325 2358 2399 Johanue
2397 2328 2678 2410 baptista
2703 2354 2727 2394 .·
2774 2341 2844 2394 et
2880 2331 2977 2395 illo

1789 2434 1961 2477 anno
2061 2417 2321 2478 omnino
2415 2419 2980 2500 pretermittantur

1787 2503 2132 2585 antiphone
2157 2523 2271 2566 sue
2293 2517 2489 2587 super
2511 2505 2856 2570 laudibus²
2883 2529 2984 2572 na·
3063 2525 3065 2580 j

1791 2601 2006 2653 tamen
2040 2591 2109 2654 in
2137 2592 2344 2673 sestis
2385 2594 2664 2658 istorum
2705 2597 2817 2659 vel
2849 2617 2981 2661 con·
3061 2617 3065 2644 ⁵

1787 2678 2112 2742 similium
2187 2680 2434 2745 dicitur
2500 2684 2811 2763 psalmus
2887 2685 2984 2749 Te

1789 2769 1991 2830 deum
2040 2767 2405 2833 laudamus,
2483 2771 2621 2834 nisi
2649 2771 2882 2853 suern
2919 2773 2988 2837 ob

1780 2855 2080 2937 gratiam
2110 2857 2486 2938 aliquarum
2525 2868 2906 2924 octavarum
2931 2873 2989 2924 et

1789 2943 2100 3008 similiter
2125 2944 2206 3007 de
2231 2945 2675 3010 consimilibus
2699 2948 2985 3012 habenti·
3056 2991 3059 2998 -

1793 3030 1912 3094 bus
1971 3032 2278 3114 proprias
2348 3034 2572 3098 laudes
2635 3047 2702 3099 et
2773 3048 2982 3101 cetera.

1797 3123 1861 3197 1[
1907 3120 1990 3182 In
2008 3120 2183 3201 sesto
2211 3121 2425 3184 sancti
2472 3123 2813 3196 Johannis
2840 3125 2984 3208 bap·

1793 3207 1957 3272 tiste.
2045 3208 2172 3272 Ad
2193 3220 2484 3290 vesperas
2511 3213 2888 3295 antiphona.
3055 3231 3057 3234 ⁴

1946 3317 1994 3358 x
2026 3305 2214 3359 utero
2259 3301 2619 3364 senectutis
2651 3310 2720 3364 et
2751 3303 2988 3366 sterilis
3053 3297 3055 3370 ᾗ

1941 3383 2266 3464 johannes
2299 3396 2494 3449 natus
2526 3397 2629 3451 est
2649 3410 2988 3471 precursor

1794 3473 2064 3536 domini.
2165 3473 2434 3538 Psalmi
2457 3477 2755 3558 feriales.
2859 3481 2986 3543 Αἱ.

1798 3561 1952 3642 Ipse
1983 3560 2223 3643 preibit
2253 3571 2410 3626 ante
2443 3563 2630 3628 illum
2657 3567 2895 3649 spiritu
2923 3579 2984 3632 et

1793 3649 2034 3713 virtute
2067 3648 2238 3712 helie
2269 3670 2500 3732 parare
2547 3653 2828 3720 domino
2857 3657 2983 3741 ple·
3047 3721 3049 3724 Α

1794 3736 1948 3800 bem
1983 3737 2362 3819 perfectam.
2405 3741 2540 3805 Αῆ.
2591 3742 2782 3807 Inter
2803 3755 2982 3808 natos

1797 3825 2143 3889 mulierum
2221 3847 2354 3890 non
2430 3833 2721 3894 surrexit
2787 3832 2986 3915 major

1789 3913 2084 3995 johanne
2115 3914 2424 3997 baptista.
2493 3919 2628 3982 An'.
2697 3919 2810 3984 Tu
2839 3943 2986 4005 puer

1795 4001 2121 4084 propheta
2239 4003 2540 4068 altissimi
2656 4011 2986 4074 vocaberis

1795 4092 2038 4173 preibis
2114 4099 2272 4154 ante
2345 4093 2697 4159 dominum
2769 4119 2984 4180 parare

1793 4181 1936 4242 vias
1967 4179 2125 4261 ejus·
2210 4180 2344 4244 Αῆ.
2429 4181 2778 4248 Nazareus
2809 4207 2982 4250 voca-

1795 4268 1973 4331 bitur
2009 4287 2173 4350 puer
2202 4268 2326 4332 iste
2355 4269 2584 4333 vinum
2617 4281 2690 4337 et
2719 4275 2980 4339 siceram

1793 4375 1928 4419 non
1977 4357 2164 4420 bibet
2211 4365 2278 4420 et
2327 4376 2526 4420 omne
2575 4361 2980 4428 immundum

2264 4481 2286 4510 ²
2315 4479 2482 4530 laudes
2499 4496 2517 4530 .·
2553 4482 2624 4534 Ν.
