3117 4959
851 238 913 295 S.
961 238 1313 294 VILELMI
1348 237 2008 298 ARCHJEPJSCOPJ.

708 347 867 403 299

213 452 629 520 archilevitam
661 453 829 517 adeo
852 453 1252 516 commovit:
1299 459 1373 516 ut

213 545 367 606 inter
420 543 732 624 eligentes
798 543 1121 606 excitavit
1176 542 1373 604 disci-

212 632 417 694 dium:
482 629 955 693 thesaurarium
1016 649 1057 691 a
1118 630 1376 692 seniore

213 729 385 800 parte
440 718 718 780 electum
772 718 1157 800 impediens,
1256 716 1373 780 Re.

214 807 321 868 Vir
356 807 437 868 ad
472 805 572 869 sui
616 804 895 886 gloriam
944 806 1114 868 redit
1163 803 1375 884 inglo-

213 896 371 957 rius:
446 894 540 958 Ut
626 893 945 974 unguenti
1034 893 1375 955 vasculum

214 981 548 1044 mundetur
597 980 663 1044 in
695 981 946 1043 melius,
988 996 1035 1064 γ
1083 979 1379 1061 Lachry-

212 1089 447 1133 marum
480 1068 741 1132 lavacro
760 1068 1056 1150 purgatis
1079 1069 1379 1149 personis

210 1157 519 1222 confertur
564 1157 880 1219 divinitus
932 1175 1171 1220 munus
1222 1175 1377 1218 unc-

208 1245 403 1308 tionis,
499 1245 596 1310 Ut
628 1245 965 1324 unguenti.
1040 1243 1253 1307 Lectio
1280 1244 1379 1324 iij.

208 1333 705 1466 suspenditur
720 1352 879 1413 ergo
900 1333 1247 1413 negocium
1268 1331 1379 1394 ad¹

323 1421 679 1502 apostolice
710 1420 887 1483 sedis
910 1437 1197 1484 examen
1229 1439 1381 1496 pro-

208 1518 510 1572 vocatum.
635 1508 786 1571 Lite
855 1529 1013 1570 vero
1074 1508 1139 1570 in
1202 1507 1379 1570 curia

208 1616 459 1659 romana
488 1598 613 1660 sub
658 1594 1023 1676 apostolice
1052 1593 1229 1657 sedis
1258 1615 1383 1656 ex-

206 1685 407 1748 amine
474 1685 703 1747 debito
764 1693 976 1746 marte
1035 1691 1377 1746 currente:

207 1772 355 1834 nihil
384 1773 723 1836 inventum
765 1771 1152 1835 videbatur:
1199 1770 1379 1852 quod

203 1858 331 1938 ejus
422 1859 997 1923 confirmationem
1108 1858 1381 1923 deberet

205 1947 511 2030 elongare.
606 1948 855 2012 Verum
886 1966 1187 2009 summus
1212 1966 1381 2028 pon-

204 2035 357 2098 tifex
404 2037 727 2118 eugenius
774 2035 1217 2098 sanctimonia
1270 2055 1380 2097 ve-

203 2123 494 2186 nerabilis
570 2123 1007 2187 cisterciensis
1084 2122 1383 2186 ordinis:

201 2210 561 2292 ingenuus:
628 2231 761 2274 non
821 2211 985 2274 vitio
1051 2230 1381 2292 persone.
1366 2231 1380 2247 ·

198 2299 302 2361 sed
356 2319 473 2381 pro
527 2320 651 2362 sue
697 2298 1058 2364 voluntatis
1112 2299 1383 2362 arbitrio

198 2387 364 2466 quod
410 2388 555 2450 vim
606 2387 769 2467 legis
819 2387 1149 2449 obtinuit:
1214 2386 1383 2450 elec-

196 2476 429 2538 tionem
492 2475 642 2557 ejus
702 2476 1033 2540 cassavit:
1110 2482 1178 2537 et
1238 2473 1383 2538 zelo

196 2572 376 2643 prout
427 2565 835 2645 presumitur
884 2563 997 2644 pio
1042 2562 1381 2626 henricum

196 2651 541 2716 murdach²
567 2651 843 2735 predicti
866 2650 1115 2714 ordinis
1144 2651 1383 2731 proba-

194 2738 506 2802 tissimum
591 2739 1077 2820 professorem:
1151 2738 1383 2802 ebora—

193 2827 391 2890 censis
419 2827 703 2892 ecclesie
746 2827 1075 2891 ordinavit
1120 2827 1185 2889 in
1232 2847 1383 2908 pas-

194 2921 409 2979 torem.
487 2915 607 2978 Re.
686 2915 1082 2978 Laceratum
1114 2914 1379 2978 exulem

196 3003 507 3066 morsibus
592 3003 950 3084 malignis:
1029 3001 1171 3066 Nec
1237 3002 1379 3068 falx

132 3130 141 3137 ·
195 3089 425 3172 frangit
476 3092 665 3154 odii:
728 3111 849 3154 nec
910 3090 1131 3154 livoris
1192 3091 1379 3172 ignis,

304 3179 557 3244 Probat
630 3178 805 3247 hunc
879 3178 1151 3241 exilium
1212 3179 1382 3243 sicut

236 3286 414 3346 yems
447 3267 753 3334 laurum:
802 3271 865 3333 in
900 3266 1163 3329 fornace
1194 3269 1382 3348 poni-

194 3360 326 3418 tur:
374 3375 621 3437 purum
672 3359 816 3421 exit
877 3375 1127 3418 aurum.
1219 3355 1379 3419 Nec.

200 3439 425 3508 Gloria.
553 3443 711 3508 Nec.
799 3445 886 3508 In
948 3443 1015 3525 ij.
1079 3451 1383 3507 nocturno

195 3530 557 3611 antiphona.
641 3533 745 3596 Ne
760 3530 1238 3636 ‘sampsonem⁸
1266 3532 1383 3595 da-

198 3615 319 3680 lida
369 3620 579 3685 faciat
639 3623 890 3703 perire:
951 3618 1057 3682 hic
1117 3637 1383 3682 carnem

196 3705 437 3785 spiritui
470 3710 658 3790 cogit
686 3708 971 3773 obedire.
1032 3716 1131 3788 ps,
1210 3707 1391 3770 Cum

196 3792 583 3861 invocarem.
644 3797 777 3860 An.
849 3797 1111 3878 Agrum
1145 3796 1386 3858 mentis

196 3885 473 3948 seminat
527 3887 845 3948 sementis
894 3885 1255 3948 virtutum:
1317 3889 1389 3945 et

198 3973 419 4035 mundi
506 3972 777 4035 delicias
866 3971 1118 4055 spernit
1204 3970 1388 4034 velut

196 4054 421 4123 lutum.
513 4067 621 4142 pf.
708 4059 933 4123 Verba
994 4078 1159 4122 mea.
1251 4059 1385 4122 Αῆ.

197 4143 299 4210 Ne
372 4157 677 4212 recentes
735 4146 991 4211 flosculi
1066 4148 1385 4210 virtutum

197 4245 646 4300 marcescant:
692 4235 814 4299 hos
860 4236 1177 4318 scripture
1216 4235 1389 4298 rivu-

295 4379 309 4407 ¹
350 4378 510 4440 ‘ergo
533 4389 646 4438 neg.
676 4373 892 4425 ad’om.
926 4391 939 4423 ε
978 4373 1118 4424 RN.

295 4443 315 4474 ⁴
347 4441 553 4490 rivulis:
586 4441 695 4492 NS.

327 4521 497 4573 vol..
544 4525 618 4577 11.

1256 4374 1277 4404 ⁸
1310 4371 1584 4424 murdathe
1619 4369 1762 4419 R.N.

1262 4442 1283 4471 ⁸
1316 4436 1745 4504 wyntionensem:
1783 4435 1923 4485 ΚΝ.

1991 351 2154 408 300

1476 451 1614 516 lus⁴
1645 454 1872 538 irrigat
1904 465 1978 520 ut
2002 467 2314 522 crescant.
2367 469 2466 541 pff.
2537 461 2676 525 Do-

1480 543 1659 605 mine
1677 544 1987 609 dominus
2013 555 2251 611 noster.
2316 565 2364 630 γ
2407 547 2672 649 Justum

1477 629 1764 694 deduxit
1795 633 2122 697 dominus

1645 722 1948 782 enenosis
2018 723 2290 785 tandem
2351 722 2674 788 wilelmus

1644 808 2132 872 detrahentium
2158 811 2483 875 morsibus
2505 813 2674 876 lace-

1478 902 1660 957 ratus
1705 897 2097 976 patientiam
2143 896 2376 962 habuit
2418 920 2538 981 pro
2569 921 2675 964 so-

1478 979 1678 1044 latio:
1727 982 2038 1046 biformes
2057 995 2332 1048 eventus
2366 998 2674 1051 constan-

1477 1069 1574 1132 tia
1603 1089 1918 1153 superans
1950 1073 2297 1136 uniformi:
2345 1086 2417 1137 ut
2439 1078 2676 1139 merito

1478 1156 1608 1219 dici
1642 1159 1884 1238 poterit
1915 1160 2001 1223 de
2031 1180 2112 1223 eo
2144 1161 2302 1224 illud
2338 1164 2674 1244 propheti-

1477 1263 1674 1308 cum:
1725 1245 1912 1310 Sicut
1941 1248 2212 1311 tenebre
2249 1249 2434 1329 ejus:
2481 1253 2576 1314 ita
2607 1261 2674 1316 et

1480 1329 1706 1395 lumen
1771 1333 1932 1414 ejus,
2050 1336 2299 1400 Verum
2375 1340 2532 1420 quia
2609 1341 2675 1402 in

1482 1421 1664 1482 omni
1697 1421 1961 1485 fortuna
2004 1424 2365 1504 prudenter
2393 1425 2479 1488 ad
2512 1430 2679 1489 ami-

1484 1527 1636 1571 cum
1686 1508 2076 1575 festinatur:
2129 1512 2215 1574 ad
2266 1517 2678 1594 wyntonien-

1484 1597 1668 1659 sem⁶
1720 1598 2106 1679 episcopum
2167 1599 2504 1663 henricum
2560 1623 2678 1683 pa-

1482 1683 1733 1746 truum⁶
1752 1704 1946 1747 suum
1961 1685 2347 1750 festinanter
2366 1692 2642 1753 accessit
2661 1711 2674 1753 :

1483 1770 1596 1834 ubi
1629 1791 1748 1852 per
1777 1775 2198 1854 septennium
2231 1776 2296 1837 in
2327 1777 2676 1857 cujusdam

1484 1861 1730 1923 mansit
1741 1859 2095 1924 solitudine
2111 1883 2124 1925 ε
2145 1865 2418 1945 cupiens
2430 1864 2678 1928 ibidem

1481 1945 1984 2011 commissorum
2034 1969 2301 2013 suorum
2352 1953 2681 2034 penitudi-

1481 2054 1634 2097 nem
1667 2055 1932 2116 gerere:
1979 2046 2047 2100 et
2073 2038 2334 2103 ultrices
2357 2060 2678 2122 penarum

1484 2122 1790 2187 flammas
1851 2124 2314 2190 lachrimarum
2377 2128 2682 2192 ubertate

1484 2211 1890 2292 restringere.
1981 2213 2096 2277 Re.
2193 2215 2436 2278 Factus
2481 2216 2680 2297 jacob

1483 2297 1715 2400 vigilat
1737 2307 1934 2362 extra
1951 2319 2150 2383 supra
2172 2321 2488 2384 gregem:
2537 2305 2600 2368 N
2607 2324 2680 2367 ec

1487 2387 1703 2450 minus
1753 2387 2025 2452 interius
2070 2409 2300 2470 regum
2353 2393 2530 2472 sapit
2585 2413 2682 2454 re·

1484 2494 1658 2554 gem.
1721 2491 1768 2560 y
1801 2475 2067 2539 Marthe
2091 2478 2456 2541 ministerio
2478 2500 2684 2562 copu-

1484 2561 1578 2625 lat
1611 2564 1888 2626 mariam
1935 2564 2211 2628 rachelis
2258 2567 2680 2649 amplexibus

1485 2649 1720 2713 fruitur
1749 2661 1902 2732 post
1934 2651 2133 2733 lyam.
2224 2653 2286 2716 N
2292 2675 2368 2718 ec
2399 2656 2632 2719 minus.

1484 2739 1793 2870 Mors
1845 2741 2020 2802 enim
2080 2740 2268 2821 cujus
2325 2741 2560 2824 [Lectio
2620 2764 2680 2808 v.

1685 2828 2014 2890 sententia
2045 2828 2130 2891 ad
2162 2829 2348 2910 paria
2378 2829 2678 2910 judican-

1482 2921 1593 2976 tur
1665 2914 1850 2976 dives
1911 2922 1979 2978 et
2038 2934 2339 2997 pauper:
2415 2919 2481 2980 in
2544 2938 2678 2981 uno

1482 3000 1854 3084 eodemque
1901 3001 2010 3065 die
2062 3021 2326 3067 summo
2379 3007 2676 3086 pontifici

1483 3089 1816 3170 eugenio:
1892 3097 1962 3152 et
2041 3089 2465 3172 archipresuli
2557 3114 2677 3157 suo

1480 3175 1750 3239 henrico
1792 3177 1998 3240 vitam
2047 3178 2368 3242 violenter
2395 3181 2678 3266 abrupit.

1484 3264 1636 3347 Que
1666 3265 1936 3346 quidem
1973 3267 2204 3347 spiritu
2235 3277 2468 3332 sancto
2502 3290 2679 3334 reve-

1484 3350 1708 3417 lante:
1755 3353 1951 3416 beato
1995 3354 2280 3418 wilelmo
2324 3367 2477 3421 sunt
2510 3359 2676 3422 indi-

1486 3449 1651 3504 cata.
1747 3441 1947 3506 Unde
1987 3443 2268 3507 accidit:
2314 3447 2494 3526 quod
2526 3467 2678 3510 cum

1488 3529 1776 3610 quedam
1810 3529 2086 3593 calcaria
2107 3533 2465 3597 venerabili
2495 3555 2674 3616 wyn-

1488 3617 1772 3679 toniensi
1816 3617 2131 3700 episcopo
2161 3618 2437 3684 fuissent
2470 3632 2684 3686 trans-

1490 3705 1734 3768 missa:
1781 3724 1896 3767 eav
1951 3705 2196 3770 obtulit
2268 3707 2372 3772 dei
2447 3709 2681 3774 electo.

1492 3792 1754 3875 Quibus
1813 3793 2124 3875 inspectis
2173 3794 2240 3857 in
2302 3796 2424 3860 hec
2483 3798 2686 3861 verba

1491 3880 1808 3962 prorupit.
1951 3881 2272 3962 Nunquid
2349 3890 2419 3946 et
2498 3887 2690 3948 vobis

1490 3977 1683 4050 pater
1729 3967 2093 4032 revelatum
2146 3979 2287 4032 est:
2352 3972 2534 4053 quod
2585 3973 2688 4036 his

1494 4056 1730 4119 diebus
1800 4055 2111 4119 dominus
2186 4057 2272 4119 ad
2343 4061 2686 4139 equitandi

1494 4144 1788 4207 laborem
1821 4162 1932 4208 me
1953 4144 2229 4207 vocavit.
2324 4144 2415 4209 Et
2434 4149 2694 4229 aperuit

1496 4232 1840 4316 episcopo:
1873 4231 2158 4314 qualiter
2173 4232 2449 4314 predicti
2471 4248 2692 4317 patres

2046 4371 2067 4399 ⁸
2100 4385 2362 4422 sansonem
2388 4393 2400 4424 :
2437 4377 2497 4426 R.
2511 4377 2560 4428 S.

2053 4439 2076 4470 ⁸
2105 4447 2486 4504 compatruum:
2523 4444 2663 4494 RN.

2376 4524 2424 4571 X
