3117 4959
701 199 766 256 S.
803 200 1138 258 FELICIS
1167 201 1288 256 ET
1319 199 1719 256 ADAUCTJ.

871 319 889 332 ·
1095 309 1231 364 521

665 439 708 482 n
739 418 974 483 diebus
1007 417 1404 483 dioclitiani¹
1435 426 1506 482 et
1537 417 1755 482 maxi-

665 508 868 570 miani
929 508 1400 589 imperatorum
1453 508 1755 589 proposi-

557 605 706 658 tum
759 605 863 658 est
913 595 979 658 in
1027 595 1437 677 principibus
1467 603 1536 657 et
1568 614 1755 675 mag-

560 683 827 747 natibus
862 704 878 746 :
969 693 1044 746 ut
1121 683 1405 746 liberos²
1477 681 1753 745 deificos

557 779 1033 852 extorquerent
1081 771 1168 834 de
1223 771 1528 833 manibus
1578 771 1751 850 epis-

556 877 874 940 coporum
997 866 1068 922 et
1191 857 1747 940 presbyterorum.

555 946 750 1009 Tunc
825 947 1266 1027 magnilianus
1339 953 1603 1009 curator
1657 946 1749 1008 ad

495 1075 518 1096 .
555 1054 628 1096 se
669 1034 938 1116 perduci
977 1033 1176 1114 jussit
1203 1032 1463 1096 felicem
1493 1032 1749 1115 episco-

555 1141 756 1204 pum:
820 1123 923 1185 cui
977 1123 1072 1184 ita
1122 1121 1342 1184 dixit:
1395 1121 1506 1183 Da
1553 1119 1749 1182 nobis
1828 1121 2129 1201 fessortk.

553 1209 756 1272 libros
785 1208 891 1272 vel
923 1208 1310 1271 membrana
1352 1227 1522 1288 quos
1557 1207 1747 1270 deifi-

555 1317 668 1360 cos
699 1297 916 1360 dicitis
945 1317 960 1360 :
1005 1305 1080 1360 ut
1104 1297 1360 1378 possint
1385 1295 1520 1376 igni
1551 1295 1747 1358 tradi.

557 1385 751 1450 Felix
778 1386 1130 1467 episcopus
1160 1384 1520 1464 respondit.
1600 1383 1745 1446 Ha-

551 1473 680 1537 beo
725 1473 1035 1555 quidem:
1083 1472 1202 1534 sed
1250 1490 1382 1535 non
1429 1491 1577 1533 sum
1625 1471 1743 1534 da-

551 1570 752 1624 turus,
833 1561 1072 1623 Melius
1103 1568 1203 1623 est
1234 1559 1562 1640 meipsum
1588 1558 1743 1639 igne

549 1651 739 1712 aduri
770 1669 970 1731 quam
1001 1647 1356 1729 scripturas
1386 1645 1675 1710 deificas,

567 1739 842 1867 Tunc
875 1734 1202 1817 prefectus
1231 1735 1498 1817 pretorii
1535 1733 1635 1816 [L.
1670 1734 1737 1814 ξιξ

713 1833 866 1906 post
895 1823 1106 1886 multa
1123 1821 1446 1902 supplicia
1468 1822 1741 1884 beatum

545 1911 804 1975 felicem
878 1910 1308 1992 episcopum⁸
1379 1928 1512 1971 una
1586 1929 1739 1972 cum

544 1999 796 2062 clericis
843 2001 978 2062 suis
1029 1998 1255 2080 gladio
1299 1997 1741 2060 animadverti

547 2087 854 2169 precepit.
947 2086 1228 2168 Cunque
1269 2085 1621 2147 duceretur
1648 2085 1734 2147 ad

545 2175 870 2256 passionis
961 2173 1180 2237 locum
1215 2193 1230 2236 :
1320 2171 1500 2234 clara
1572 2191 1737 2236 voce

542 2262 736 2325 dixit.
829 2261 1014 2324 Deus
1073 2261 1318 2341 gratias
1379 2279 1508 2341 ago
1568 2259 1734 2323 tibi:

544 2349 1028 2432 quinquaginta
1077 2357 1146 2411 et
1195 2369 1318 2410 sex
1367 2367 1577 2410 annos
1606 2347 1734 2410 vir-

542 2437 892 2519 ginitatem
913 2456 1131 2500 meam
1153 2435 1510 2498 custodivi:
1535 2455 1734 2498 evan—

540 2523 754 2606 gelica
797 2524 1088 2588 servavi:
1135 2523 1336 2587 fidem
1383 2531 1450 2586 et
1495 2524 1734 2587 verita-

539 2613 714 2675 tem⁴
775 2611 1152 2696 predicavi:
1227 2618 1296 2674 et
1370 2629 1546 2673 nunc
1612 2617 1735 2692 p‘ro

540 2702 808 2764 nomine
851 2709 969 2763 tuo
1013 2698 1332 2763 cervicem
1365 2697 1559 2760 flecto
1598 2718 1733 2761 una

537 2809 691 2852 cum
737 2789 989 2851 clericis
1042 2787 1206 2850 meis
1239 2787 1324 2848 ad
1368 2785 1728 2849 victimam.

541 2875 632 2939 Et
661 2876 784 2941 hec
823 2876 1089 2940 dicens:
1135 2894 1267 2937 una
1294 2891 1448 2936 cum
1479 2872 1731 2938 clericis

536 2965 670 3026 suis
709 2984 826 3046 per
871 2961 1260 3044 martyrium
1307 2961 1611 3024 transivit
1642 2963 1729 3025 ad

537 3051 902 3116 dominum.
1387 3048 1601 3111 Lectio
1632 3048 1727 3131 iij.

534 3141 834 3272 Huic
909 3138 1113 3202 etiam
1175 3135 1346 3200 felici
1413 3137 1728 3219 episcopo

730 3247 880 3290 cum
913 3227 996 3288 ad
1045 3224 1577 3290 decolliandum⁵
1606 3225 1727 3287 du-

533 3323 834 3377 ceretur:
909 3314 1140 3376 obvius
1233 3312 1356 3375 fuit
1449 3311 1724 3393 quidam

533 3399 965 3464 christianus:
1012 3401 1308 3481 quicum
1351 3419 1422 3462 se
1467 3398 1726 3463 christi-

531 3507 734 3550 anum
811 3485 1265 3569 profiteretur:
1347 3506 1508 3549 mox
1570 3508 1723 3551 cum

531 3576 768 3638 eodem
793 3575 981 3638 felice
1005 3575 1319 3656 episcopo
1342 3575 1723 3640 decollatur.

535 3663 756 3745 Hujus
788 3682 1032 3726 nomen
1055 3661 1392 3725 christiani
1417 3663 1725 3743 ignoran-

529 3761 630 3816 tes
674 3774 690 3817 ε
737 3754 1093 3816 adauctum
1144 3770 1297 3813 eum
1348 3751 1724 3831 appellave-

527 3850 722 3906 runt:
763 3861 845 3904 eo
876 3839 1056 3921 quod
1086 3847 1317 3901 sancto
1349 3838 1520 3902 felici
1551 3840 1724 3922 epis-

529 3950 700 4012 copo
760 3937 994 3993 auctus
1070 3927 1156 3990 sit
1234 3926 1319 3989 ad
1389 3946 1723 3992 coronam.

534 4018 794 4082 Horum
828 4018 1027 4100 igitur
1063 4025 1441 4079 sanctorum
1475 4024 1722 4098 marty-

627 4179 641 4208 ¹
676 4176 1011 4228 diocleciani:
1049 4176 1110 4224 R.
1124 4175 1174 4224 S.
1249 4171 1576 4222 diocletiani:
1612 4173 1680 4222 N.

623 4247 645 4274 ²
676 4245 866 4292 libros:
903 4240 1101 4293 R.N.S.

622 4309 643 4340 ⁸
682 4309 865 4372 ‘episc.
885 4307 898 4331 ’
925 4323 1022 4356 om.
1050 4325 1063 4355 ε
1101 4305 1227 4356 R.S.

622 4378 642 4405 ⁴
673 4373 1006 4436 virginitatem
1033 4391 1045 4421 ε
1083 4371 1134 4422 S.

2056 202 2121 256 S.
2160 202 2216 256 A
2222 195 2370 258 IDA
2377 205 2479 259 NI
2505 205 2726 262 EPISC
2728 207 2840 264 01³1.

2366 313 2521 368 322

1852 437 1999 482 rum
2030 421 2337 502 precibus
2378 422 2556 486 bona
2582 422 2752 488 nobis
2772 437 2935 490 cuncta

1852 509 2251 589 proveniant
2280 531 2294 573 :
2340 510 2445 574 hic
2488 519 2557 575 et
2598 512 2659 574 in
2686 512 2939 576 celestibus

1850 615 1971 676 per
1997 616 2153 660 eum
2200 598 2315 679 qui
2368 599 2528 662 vivit
2576 607 2640 662 et
2683 609 2865 682 regnat
2898 602 2942 664 in

1850 684 2077 746 secula
2151 684 2542 749 seculorum.
2670 687 2848 750 Cetera
2896 689 2949 749 de

1843 772 2172 834 communi
2200 774 2639 854 plurimorum
2666 784 2946 854 martyrum
2990 761 2992 828 ἶ

1842 879 1991 920 cum
2064 861 2355 924 oratione
2424 862 2831 943 Majestatem.
2900 873 2949 924 ut

1842 957 2060 1026 supra.

1848 1037 1914 1110 π
1962 1033 2201 1098 Sancti
2238 1035 2507 1100 Aidani
2528 1037 2947 1119 episcopiam·

2746 1126 2907 1188 Lectio
2908 1129 2950 1207 j.

1858 1211 2096 1341 Cum
2158 1231 2316 1274 vero
2376 1213 2695 1276 oswaldus
2752 1235 2947 1294 regnum

1982 1298 2415 1380 suscepisset:
2450 1301 2630 1364 misit
2650 1301 2728 1364 ad
2748 1302 2950 1381 majores

1846 1393 2009 1447 natu
2059 1395 2471 1451 scottorum:
2518 1397 2739 1470 petens
2780 1399 2838 1452 ut
2870 1388 2948 1450 sibi

1848 1472 2223 1536 mitteretur
2252 1475 2549 1539 antistes.
2638 1477 2820 1558 Cujus
2848 1477 2949 1538 doc·

1840 1559 2017 1623 trina
2094 1581 2259 1642 gens
2334 1562 2682 1644 anglorum
2744 1565 2948 1646 suscipe-

1842 1656 1942 1709 ret
2002 1646 2157 1712 fidei
2214 1660 2648 1714 sacramenta.
2748 1651 2949 1730 Accepit

1841 1735 2019 1798 enim
2040 1735 2355 1799 aidanum
2382 1739 2752 1819 pontificem
2768 1757 2949 1801 summe

1841 1825 2371 1888 mansuetudinis
2426 1826 2689 1890 virum:
2744 1827 2875 1889 dans
2912 1827 2949 1888 ei

1840 1910 2063 1974 locum
2104 1911 2171 1973 in
2219 1912 2435 1975 insula
2468 1913 2949 1977 lindisfarnensi‘:

1840 1999 1954 2061 ubi
2018 1999 2197 2062 idem
2274 2001 2631 2084 episcopus
2692 2003 2950 2065 ecclesiam

1839 2085 2193 2150 edificavit.
2724 2090 2891 2152 Lectio
2908 2089 2951 2170 ᾔ.

1854 2175 2294 2303 Translato
2368 2176 2579 2258 igitur
2664 2179 2741 2240 ad
2802 2178 2947 2240 celum

1999 2263 2335 2327 oswaldo:
2410 2266 2705 2346 suscepit
2746 2266 2948 2328 oswinus

1833 2346 2036 2411 frater
2107 2349 2251 2431 ejus
2326 2353 2517 2432 regni
2578 2351 2948 2434 gubernacula.

1836 2435 2044 2500 Dedit
2110 2439 2312 2500 etiarn
2374 2441 2667 2503 oswinus
2720 2443 2949 2522 episeopo
2988 2467 2990 2506 ÷

1835 2524 2080 2588 aidano
2138 2545 2385 2607 equum
2464 2548 2669 2609 quem
2738 2527 2990 2616 equitare3

1832 2610 2067 2674 solitus
2115 2623 2257 2676 erat
2306 2615 2419 2695 qui
2476 2636 2687 2697 parvo
2734 2625 2950 2696 tempore
2988 2617 2990 2638 ³

1833 2698 2180 2780 interjecto
2209 2701 2464 2765 dictum
2494 2723 2741 2786 equum
2757 2700 2951 2786 pauperi

1832 2787 2200 2869 erogabat.⁷
2322 2789 2479 2853 Hoc
2546 2811 2695 2855 cum
2752 2792 2950 2854 relatum

1832 2883 2007 2937 esset
2106 2877 2241 2958 regi
2336 2877 2617 2942 dicebat
2704 2880 2952 2962 episcopo.
2987 2853 2990 2926 3

1832 2961 2016 3025 Num
2076 2984 2286 3045 equos
2346 2965 2619 3030 viliores
2670 2967 2990 3030 habemus:¹

1830 3050 1941 3131 qui
1977 3052 2379 3133 pauperibus
2422 3055 2806 3117 sufficerent.
2877 3051 2951 3117 cui

1830 3138 2197 3220 episcopus,
2292 3140 2475 3203 Num
2511 3143 2637 3206 tibi
2662 3143 2953 3206 chariores

1830 3223 2002 3289 filius
2064 3228 2217 3307 equi
2264 3248 2278 3290 z
2354 3247 2565 3310 quam
2632 3230 2795 3293 filius
2842 3227 2953 3292 dei?

1834 3313 1989 3376 Hiis
2018 3315 2265 3377 auditis
2306 3318 2557 3381 corruit
2608 3339 2728 3383 rex
2770 3318 2988 3402 veniam3

1827 3400 2250 3483 postulando,
2698 3407 2881 3470 Lectio
2900 3401 2956 3482 isj.
2986 3403 2988 3412 '

1844 3488 2119 3620 Tunc
2174 3491 2529 3575 episcopus
2587 3516 2803 3579 regem
2844 3494 2957 3556 leva·

1990 3577 2149 3641 vit:
2242 3588 2312 3641 et
2383 3586 2764 3648 astantibus
2826 3579 2955 3644 dixit.

1827 3662 1983 3728 Scio
2044 3665 2201 3747 quia
2256 3687 2389 3730 non
2454 3673 2678 3737 multo
2736 3681 2957 3752 tempore

1820 3752 2111 3816 victurus
2144 3763 2245 3818 est
2276 3775 2413 3818 rex.
2478 3758 2835 3843 Nunquam
2856 3765 2955 3820 ante

1824 3840 1947 3902 hec
1994 3841 2131 3903 vidi
2182 3841 2501 3908 humilem
2536 3869 2781 3931 regem.
2856 3845 2953 3909 Non

1824 3929 2005 3990 enirn
2055 3930 2260 4011 digna
2308 3941 2410 3994 est
2454 3934 2583 4000 hec
2631 3958 2789 4019 gens
2814 3934 2951 3998 talem

1823 4016 2069 4080 habere
2101 4029 2445 4084 rectorem.
2542 4025 2693 4090 Nec
2726 4020 2951 4088 multo⁵z

1921 4176 1941 4203 ⁸
1975 4174 2325 4224 decollandum
2352 4195 2365 4226 :
2395 4144 2464 4228 ‘R.
2476 4180 2544 4231 N.
2556 4181 2609 4231 S.

1919 4241 1942 4268 ⁸
1972 4241 2354 4293 lindiffernensi:
2389 4245 2515 4298 R.S.
2538 4247 2888 4300 lindissemensi:
2906 4239 2945 4291 N-

1922 4309 1941 4334 ⁷
1975 4306 2197 4370 erogavit
2218 4326 2230 4356 :
2267 4308 2333 4358 N.

1922 4375 1941 4402 ⁸
1976 4373 2109 4421 mulo
2123 4387 2142 4420 .·
2175 4373 2244 4422 JV.
