3117 4959
1140 215 1246 269 IN
1284 213 1553 269 FESTO
1601 214 1974 271 NOMINIS
2021 214 2254 287 JESU.

986 320 1129 375 779

416 424 549 485 all'a
573 424 719 483 all’a.
804 426 853 500 Ϋ
898 425 976 484 Et
1028 424 1421 501 magnifioebo
1468 442 1610 485 eum

417 500 481 562 in
508 502 685 562 laude
708 503 845 561 all'a
868 504 1016 563 all'a.
1103 505 1152 578 Ῠ
1195 502 1463 563 Benedic
1486 502 1614 563 ani·

418 599 519 641 ma
570 600 705 641 mea
756 582 1021 642 domino.
1102 582 1207 641 Re.
1278 584 1359 641 Et
1410 580 1616 641 omnia

419 677 539 737 que
590 659 743 719 intra
796 678 891 719 me
946 670 1083 719 sunt
1134 659 1365 719 nomini
1406 672 1615 720 sancto

418 739 563 815 ejus,
654 740 787 798 Οἷα.
892 740 1060 798 Deus
1113 737 1217 814 qui
1268 738 1616 815 gloriosissi-

419 834 601 875 mum.
658 818 769 876 Ad
783 824 1005 877 sextam
1046 821 1143 877 ar‘e.
1203 816 1610 877 Benedicam.¹

420 894 675 955 Defecit.

428 973 661 1080 Omne
689 974 1092 1052 quodcunque
1128 972 1319 1035 facitis
1346 973 1409 1033 in
1434 976 1618 1034 verbo

520 1063 625 1111 aut
672 1051 733 1111 in
780 1072 1001 1129 opere:
1042 1053 1245 1115 omnia
1270 1052 1333 1111 in
1372 1052 1618 1114 nomine

420 1127 653 1191 domini
714 1130 899 1191 nostri
951 1133 1101 1208 Jesu
1154 1131 1375 1193 Christi
1441 1130 1620 1191 facite

420 1207 635 1299 gratias
686 1221 930 1287 agentes
982 1211 1101 1271 deo
1168 1222 1231 1271 et
1298 1210 1447 1287 patri
1512 1229 1620 1286 per

421 1306 635 1365 lpsum.
736 1290 843 1348 Re.
916 1288 1181 1351 Benedic
1231 1290 1434 1349 anima
1484 1308 1622 1349 mea

300 1421 319 1430 -
422 1365 671 1427 domino
698 1368 865 1427 All’a.
896 1368 1161 1445 alleluya.
1220 1369 1271 1443 7
1314 1370 1391 1427 Et
1418 1386 1624 1428 omma

424 1464 543 1523 que
596 1444 749 1506 intra
799 1464 897 1506 me
951 1457 1087 1506 sunt
1132 1446 1365 1506 nomini
1410 1457 1622 1507 sancto

422 1526 572 1601 eiua.
652 1526 942 1601 Alleluya.
1027 1526 1078 1601 Ῠ
1120 1527 1263 1585 Non
1300 1525 1477 1585 nobis
1517 1525 1626 1585 do-

422 1602 585 1667 mine
628 1621 751 1663 non
790 1603 985 1664 nobis.
1065 1604 1171 1663 Re.
1214 1604 1337 1663 Sed
1390 1600 1624 1663 nomini

424 1691 533 1743 tuo
584 1682 665 1742 da
727 1681 993 1759 gloriam.
1076 1682 1186 1741 Ad
1244 1702 1455 1741 nonam
1518 1684 1622 1743 αῇ.

423 1762 702 1837 Juvenes.
770 1761 867 1837 pff.
914 1758 1257 1821 Mirabilia²

428 1838 935 1945 Denunciamus
958 1849 1158 1898 autem
1202 1838 1373 1901 vobis
1417 1839 1624 1898 fratres

548 1916 611 1976 in
666 1916 909 1977 nomine
960 1916 1193 1978 domini
1244 1916 1431 1977 nostri
1476 1918 1624 1993 Jesu

428 1993 649 2057 Christi
676 2007 745 2055 ut
786 1994 1141 2056 subtrahatis
1183 2014 1291 2055 vos
1332 1996 1412 2054 ab
1458 1994 1625 2055 omni

426 2074 601 2134 fratre
640 2074 983 2135 ambulante
1024 2074 1359 2134 inordinate
1401 2084 1463 2134 et
1498 2092 1624 2133 non

428 2152 760 2229 secundum
788 2152 1165 2213 traditionem
1182 2172 1361 2229 quam
1382 2171 1626 2229 accepe-

428 2241 568 2290 runt
591 2250 629 2290 a
654 2230 843 2291 nobis.
887 2232 989 2290 Re.
1013 2233 1071 2291 N
1075 2250 1155 2291 on
1174 2230 1350 2292 nobis
1378 2230 1626 2291 domine

428 2326 553 2369 non
580 2308 755 2369 nobis
775 2310 927 2369 All'a
951 2312 1099 2369 all’a.
1171 2310 1222 2385 Ῠ
1248 2310 1371 2369 Sed
1396 2308 1626 2369 nomini

429 2398 534 2447 tuo
578 2388 657 2447 da
696 2387 960 2465 gloriam.
1042 2388 1212 2448 All’a.
1299 2389 1346 2466 Ῠ
1388 2388 1475 2449 Sit
1516 2408 1622 2449 no-

930 2515 1187 2581 ¹ps.:N.

2229 320 2388 376 780

1710 443 1854 485 men
1881 422 2112 485 domini
2151 425 2298 500 Jesu
2325 422 2736 483 benedictum.
2819 424 2912 481 Re.

1711 505 1808 563 Ex
1847 504 1964 563 hoc
2005 522 2182 563 nunc.
2275 504 2500 563 Oratim
2588 503 2764 561 Deus
2803 500 2916 577 qui.

1711 583 1822 640 Ad
1838 583 2114 641 secundas
2149 591 2412 655 vesperas
2447 582 2552 641 αῗι.
2621 582 2920 639 Vocamm

1711 672 1820 721 est.
1923 662 2158 719 Psalmi
2187 660 2452 736 fm'aloe.
2565 660 2920 735 Capitulum.

1713 738 2014 799 Omnibus
2077 738 2198 815 qui.
2321 740 2426 798 Re.
2511 739 2660 798 Hec
2725 751 2926 797 autem

1711 817 1948 894 scripta.
2032 819 2314 892 fflmnus
2354 818 2602 877 Exultet
2657 836 2923 901 corpore.

1714 899 1769 972 Ῡ
1809 895 2024 957 Omnis
2068 908 2236 956 terra.
2319 902 2416 955 αῆ.
2465 896 2786 971 Exurgens
2827 915 2928 954 au·

1713 986 1838 1034 tem
1861 976 2076 1051 joseph
2103 994 2143 1034 a
2169 994 2384 1035 somno
2410 974 2554 1033 fecit
2595 976 2758 1033 sicut
2803 994 2929 1051 pre-

1713 1063 1952 1129 ceperat
1986 1054 2045 1113 ei
2087 1055 2333 1130 angelus
2375 1052 2610 1114 domini
2655 1066 2719 1113 et
2759 1073 2930 1113 acce·

1713 1131 1804 1207 pit
1841 1134 2160 1209 conjugem
2199 1152 2370 1192 suam
2409 1143 2474 1192 et
2497 1150 2628 1191 non
2671 1150 2930 1207 eognos-

1716 1211 1893 1269 cebat
1919 1230 2058 1270 eam
2100 1212 2299 1272 donec
2345 1208 2579 1287 peperit
2607 1209 2806 1269 filium
2835 1230 2933 1269 su·

1717 1308 1820 1348 um
1847 1288 2308 1365 primogenitum
2334 1303 2398 1350 et
2425 1288 2665 1348 vocavit
2705 1307 2934 1349 nomen

1718 1369 1846 1443 ejus
1899 1370 2107 1443 Jesum
2161 1370 2310 1427 all’a.
2406 1370 2500 1444 pi.
2551 1366 2932 1443 Magnificat.

1725 1446 1934 1507 Oratio
2001 1448 2170 1506 Deus
2236 1445 2340 1522 qui
2411 1444 2934 1523 gloriosissimum.

1719 1524 2011 1584 Memoria
2035 1526 2107 1583 de
2127 1532 2324 1584 sancto
2335 1532 2518 1601 paro.
2567 1526 2674 1585 afa.
2721 1526 2936 1584 Petrus

1717 1603 1801 1662 ad
1853 1622 1920 1663 se
1972 1622 2255 1663 reversus
2341 1605 2392 1679 7
2434 1606 2534 1663 Tu
2575 1623 2646 1664 es
2707 1614 2938 1679 petrus.

1728 1682 1864 1740 oio.
1938 1683 2105 1741 Deus
2172 1680 2278 1757 qui
2344 1680 2590 1741 beatum
2673 1695 2936 1757 petrum.

1719 1760 2010 1818 Memoria
2053 1760 2124 1818 de
2161 1762 2374 1819 sancte}
2413 1762 2795 1835 martyribus.
2839 1765 2940 1819 αἶα.

1722 1837 2004 1897 Gaudent
2025 1837 2088 1897 in
2109 1837 2267 1898 celis.
2313 1840 2364 1914 Ῡ
2393 1840 2744 1899 Euxultent.
2801 1840 2940 1899 oia

1721 1919 1950 2023 Deus
1995 1916 2100 1993 qui
2141 1936 2256 1976 nos
2297 1936 2500 1977 annua
2543 1916 2710 1977 beati
2737 1916 2946 1977 cinaei

1843 1994 2112 2071 martyris
2159 1996 2280 2055 tui:
2335 1994 2768 2071 sociorumque
2813 1998 2946 2072 ejus

1723 2071 2078 2133 solennitate
2133 2074 2416 2133 letifioes:
2467 2076 2750 2134 concede
2807 2094 2946 2151 pro·

1723 2150 1913 2228 picius
1941 2164 2006 2212 ut
2032 2171 2286 2228 quorum
2313 2152 2594 2212 natalicia
2631 2152 2902 2213 colimus
2929 2176 2944 2212 ε

1725 2230 2002 2290 virtutem
2030 2250 2272 2307 quoque
2293 2230 2588 2307 passionis
2617 2230 2948 2292 imitemur.

1727 2311 1840 2369 Per
1867 2308 2192 2371 dominum.

2126 2515 2148 2546 ²
2183 2516 2304 2581 Cap.
2328 2532 2346 2565 .·
2379 2516 2451 2566 JV.
