3117 4959
882 241 945 296 S.
1006 240 1592 298 WILLEBRORDI
1640 241 1837 296 EPIS
1837 241 1887 298 C
1885 241 2036 298 01²1.

752 346 901 402 675

203 452 542 518 firmatum
575 453 1039 518 benedictione
1078 454 1275 518 donis
1304 455 1403 519 di·

204 551 425 607 tatum
497 542 563 604 in
634 561 805 624 opus
864 541 1189 624 evangelii
1226 565 1241 606 :
1317 543 1403 607 ad

206 631 477 714 propria
534 630 790 695 remisit
849 631 937 694 ad
1007 631 1357 714 pippinum
1380 630 1399 668 ¹

210 720 452 784 ducem
483 716 877 783 francorum.
1056 719 1275 782 Lectio
1306 719 1402 803 iij.

350 807 595 888 ontigit
712 807 1061 890 pippinum
1162 806 1403 870 ducem

350 893 723 958 francorum
782 895 1016 964 obire:
1061 903 1131 958 et
1190 896 1403 958 filium

209 982 355 1065 ejus
400 982 703 1046 karolum
752 983 819 1046 in
866 1001 1146 1065 regnum
1194 984 1403 1067 patris

206 1071 577 1136 succedere.
669 1069 803 1152 Qui
866 1071 1111 1135 multas
1170 1081 1405 1154 gentes

206 1159 531 1241 adjiciens
563 1177 769 1242 regno
813 1157 1231 1224 francorum:
1279 1158 1405 1224 sre-

205 1250 379 1312 siam
410 1248 613 1311 etiam
644 1246 908 1311 devicto
948 1247 1249 1312 radbodo
1280 1247 1405 1312 sibi

204 1334 605 1418 subjugavit.
698 1335 855 1418 Qua
884 1336 950 1399 in
982 1345 1183 1418 gente
1213 1356 1407 1400 sanc-

205 1434 319 1490 tus
364 1423 815 1488 willebrordus
858 1424 1235 1507 predicator
1284 1445 1407 1506 po-

206 1514 381 1576 situs
426 1520 567 1576 est:
613 1521 683 1576 et
730 1513 799 1575 in
847 1511 1121 1576 castello
1170 1511 1406 1594 trajec-

204 1602 383 1665 tensi
443 1601 794 1683 episcopus
860 1600 1209 1682 delegatus
1284 1609 1403 1666 est.

208 1690 483 1772 Quique
514 1688 695 1751 illam
730 1698 999 1770 gentem
1048 1687 1135 1754 ad
1183 1688 1407 1754 Chris-

205 1787 357 1841 tum
387 1777 731 1840 convertit.
823 1776 1067 1860 Sicque
1096 1797 1307 1840 senex
1336 1787 1406 1841 et

204 1865 450 1950 plenus
496 1864 789 1928 dierum:
836 1875 1075 1930 octavo
1106 1865 1254 1928 idus
1286 1885 1408 1930 no-

204 1953 503 2018 vembris
536 1953 849 2035 migravit
898 1953 985 2016 ad
1036 1953 1405 2018 dominum.

214 2042 440 2109 Cetera
468 2041 549 2104 de
573 2040 901 2105 communi
940 2042 1142 2106 unius
1168 2063 1277 2106 con
1267 2043 1409 2124 fes-

203 2129 385 2194 soris
410 2139 475 2192 et
486 2129 833 2212 pontificis.

210 2224 280 2297 (Ι
328 2217 718 2282 Sanctorum
792 2227 1161 2300 martyrum
1219 2227 1405 2300 quat-

206 2316 363 2370 tuor
388 2313 845 2371 coronatorum.
1158 2306 1407 2372 Oratio.

204 2397 551 2528 presta
581 2413 943 2476 quesumus
980 2393 1407 2477 omnipotens

218 2529 225 2536 ·
372 2482 537 2546 deus
585 2491 661 2545 ut
709 2483 821 2564 qui
866 2481 1192 2564 gloriosos
1237 2503 1409 2546 mar-

205 2581 395 2653 tyres
424 2580 575 2633 tuos
620 2570 999 2634 claudium:
1046 2571 1409 2635 nichostra-

204 2669 403 2724 tum:
478 2658 1071 2742 symphorianum:
1138 2660 1409 2723 castori-

209 2768 379 2812 um:
424 2756 629 2829 atque
689 2747 1088 2829 simplicium
1125 2768 1139 2811 :
1206 2747 1408 2812 sortes

210 2837 281 2900 in
314 2856 436 2899 sua
465 2834 879 2900 consessione
922 2836 1357 2918 cognovimus
1392 2856 1408 2901 ε

210 2925 361 3006 pios
380 2924 559 3006 apud
579 2933 647 2986 te
666 2924 734 2986 in
753 2933 979 2988 nostra
998 2925 1409 2988 intercessio-

210 3033 298 3075 ne
318 3013 697 3076 sentiamuS.
722 3033 840 3094 per
857 3012 1220 3076 dominum.
1262 3013 1338 3076 L.
1342 3013 1406 3095 j.

206 3103 364 3233 ln
414 3100 649 3164 diebus
698 3101 865 3164 illis:
914 3101 1409 3165 Dioclicianus²

322 3189 685 3271 imperator
714 3189 875 3251 dum
923 3207 1157 3252 omnes
1201 3188 1409 3253 artifi-

210 3297 326 3340 ces
372 3277 739 3341 metallicos
785 3285 1262 3359 congregaret:
1310 3278 1409 3341 in-

208 3365 397 3430 venit
446 3366 617 3428 inter
668 3385 782 3428 eos
829 3363 1135 3429 homines
1166 3385 1408 3448 magne

209 3453 449 3538 peritie
508 3453 667 3517 artis
716 3454 1024 3518 nomine:
1072 3452 1407 3518 claudium

212 3551 285 3607 et
316 3541 795 3605 nichostratum
814 3564 829 3606 :
848 3542 1373 3625 simphorianum
1394 3564 1409 3608 ε

210 3631 621 3694 castorium:
666 3631 779 3712 qui
828 3640 1018 3696 erant
1072 3629 1409 3695 christiani

210 3717 552 3784 occulte³2
597 3726 668 3782 et
695 3719 1013 3801 quicquid
1045 3719 1205 3783 artis
1250 3739 1409 3802 ope·

210 3807 533 3871 rabantur
562 3807 628 3870 in
661 3805 1041 3889 sculptura:
1090 3807 1155 3871 in
1197 3809 1411 3871 nomi-

211 3915 300 3959 ne
402 3895 564 3976 Jesu
657 3895 904 3960 Christi
998 3895 1411 3977 sculpebant.

212 3983 601 4067 Simplicius
631 3993 855 4047 autem
885 4005 899 4048 :
933 3985 1045 4066 qui
1079 3992 1222 4048 erat
1250 4005 1413 4066 gen-

208 4072 390 4136 tilis:
438 4091 829 4154 quecunque
891 4072 1215 4137 faciebat:
1276 4092 1409 4137 non

208 4171 355 4225 erat
374 4161 397 4198 ⁴
452 4161 933 4226 convenientia.
1055 4161 1193 4228 Sed
1255 4181 1413 4226 con-

414 4371 425 4400 ¹
464 4371 723 4468 pipinum:
762 4371 811 4486 St.
875 4437 907 4487 ς

662 4452 779 4486 eran
825 4455 835 4486 :
875 4475 922 4487 ..

1152 4375 1171 4404 ²
1206 4372 1555 4424 Dioclccianus
1582 4391 1593 4423 :
1627 4373 1708 4424 W.
1721 4373 1780 4422 R.
1793 4372 1844 4422 S.

2022 348 2170 404 676

1504 473 1732 519 versus
1773 455 1878 519 .ad
1941 453 2322 520 Christum:
2411 452 2742 536 perfecte·

1505 563 1660 607 eum
1694 563 1800 606 ars
1831 543 2250 625 sequebatur.
2383 541 2600 604 Lectio
2629 542 2700 625 ᾔ.

1506 631 1996 763 Lampadius
2067 649 2228 694 vero
2323 630 2629 694 tribunus
2679 650 2702 695 z

1644 739 1734 782 ex
1755 727 2073 802 precepto
2102 717 2474 783 diocliciani
2499 717 2700 800 jussit

1506 816 1776 872 sanctos
1806 807 1914 871 dei
1945 825 2168 872 coram
2198 827 2270 870 se
2304 806 2702 889 presentari:

1508 895 1770 978 Quibus
1829 895 2057 961 dixit:
2103 895 2360 959 Audite
2421 914 2572 958 me:
2631 904 2701 959 et

1506 993 1724 1047 estote
1754 984 1886 1047 cari
1917 983 2113 1048 amici
2152 983 2474 1047 nobilium
2525 983 2702 1066 prin-

1507 1073 1734 1153 cipum
1769 1093 1784 1137 :
1831 1081 1900 1136 et
1929 1072 2206 1136 adorate
2235 1071 2438 1135 deum
2469 1070 2698 1136 solem.

1510 1159 2028 1242 Responderunt
2066 1161 2317 1225 sancti:
2373 1161 2516 1224 Nos
2565 1180 2700 1223 non

1510 1249 1924 1330 pavescimus
1949 1255 2229 1312 terrores
2247 1257 2502 1312 vestros
2529 1269 2545 1312 :
2578 1268 2700 1311 nec

1510 1336 1859 1400 blandiciis
1891 1337 2292 1418 frangimur:
2335 1335 2454 1400 sed
2489 1337 2702 1418 magis

1509 1425 1824 1488 timemus
1854 1432 2188 1488 tormenta
2218 1432 2463 1488 eterna.
2509 1425 2702 1487 Tunc

1508 1511 1715 1576 iratus
1741 1513 2114 1594 lampadius
2137 1512 2478 1576 tribunus:
2505 1511 2706 1593 jussit

1510 1621 1625 1664 eos
1657 1601 2034 1683 expoliatos
2057 1600 2516 1684 scorpionibus
2535 1600 2700 1664 cedi.

1513 1689 1596 1752 In
1625 1690 1862 1752 eadem
1912 1696 2136 1752 autem
2191 1689 2356 1752 hora
2403 1697 2705 1771 arreptus

1508 1787 1612 1841 est
1655 1777 2029 1860 lampadius
2071 1777 2374 1841 tribunus
2404 1796 2447 1839 a
2476 1775 2708 1840 demo-

1510 1866 1624 1929 nio
1675 1875 1745 1930 et
1806 1866 2184 1948 discerpens
2242 1884 2316 1928 se
2375 1863 2707 1947 expiravit

1510 1956 1752 2018 sedens
1782 1956 1850 2018 in
1879 1953 2192 2018 tribunali
2223 1973 2360 2018 su0.
2437 1953 2574 2018 Lcc.
2609 1951 2706 2034 iij.

1510 2045 1791 2176 Hoc
1833 2041 2109 2106 audiens
2153 2043 2514 2124 imperator
2564 2040 2708 2104 dio-

1710 2130 2026 2194 clicianus
2081 2151 2098 2196 :
2183 2129 2380 2212 jussit
2455 2128 2706 2194 loculos

1512 2218 1864 2301 plumbeos
1893 2218 2072 2283 fieri:
2119 2227 2188 2282 et
2233 2227 2502 2282 sanctos
2532 2219 2706 2281 viros

1512 2307 1802 2373 includi:
1850 2316 1918 2370 et
1979 2307 2210 2389 projici
2271 2308 2339 2370 in
2415 2305 2708 2372 fluvium.

1512 2395 1705 2459 Tunc
1736 2395 2016 2460 nicerius
2039 2397 2064 2434 ⁶
2094 2396 2365 2478 quidam
2397 2403 2707 2478 togatus:

1512 2483 1628 2566 qui
1689 2485 2027 2548 assidebat
2087 2484 2475 2566 lampadio:
2551 2481 2710 2547 fecit

1510 2572 1692 2654 quod
1741 2571 2028 2653 jusserat
2079 2571 2526 2637 dioclicianuS.
2617 2571 2711 2634 Et

1511 2659 1669 2725 fecit
1699 2658 1952 2725 loculos
1984 2660 2375 2743 plumbeos:
2423 2666 2492 2722 et
2519 2660 2708 2722 vivos

1510 2748 1580 2811 in
1627 2768 1742 2811 eos
1803 2758 2068 2811 sanctos
2128 2748 2236 2810 dei
2281 2745 2592 2810 inclusit:
2640 2755 2708 2810 et

1511 2836 1929 2919 precipitavit
1958 2836 2024 2899 in
2059 2834 2461 2918 profundum
2507 2833 2706 2898 fluvii.

1513 2924 1802 2990 Sanctus
1850 2944 2008 2988 vero
2056 2923 2302 2987 cirillus
2353 2923 2707 3006 episcopus

1510 3013 1639 3076 hoc
1713 3012 1989 3075 audiens
2065 3011 2226 3075 dum
2303 3011 2372 3074 in
2445 3029 2706 3074 carcere

1510 3110 1730 3165 esset:
1777 3099 2017 3164 afflixit
2076 3120 2198 3164 se:
2275 3109 2343 3164 et
2401 3099 2708 3163 transivit

1510 3190 1597 3254 ad
1629 3189 1992 3254 dominum.
2087 3188 2318 3254 Sancti
2347 3207 2505 3251 vero
2537 3207 2709 3250 mar-

1510 3287 1694 3360 tyres
1748 3278 1924 3360 passi
1975 3286 2132 3340 sunt
2177 3284 2376 3341 sexto
2406 3275 2554 3338 idus
2585 3295 2708 3337 no-

1509 3366 1819 3431 vembris,
1911 3365 2153 3430 Postea
2203 3385 2360 3429 vero
2391 3372 2709 3447 quattuor

1511 3453 1924 3519 cornicularii
2004 3473 2156 3519 cum
2232 3452 2705 3517 simulachrum

1512 3543 1784 3626 asclepii
1862 3542 2115 3608 nollent
2204 3543 2480 3607 adorare
2570 3541 2706 3606 ictu

1514 3631 2012 3714 plumbatarum
2091 3630 2492 3696 defecerunt.
2617 3629 2710 3694 Et

1514 3729 1670 3803 post
1690 3720 2136 3803 quadraginta
2167 3721 2310 3784 dies
2340 3740 2383 3783 a
2411 3717 2707 3803 quodam

1516 3807 1875 3872 christiano
1935 3808 2334 3872 nichodemo
2387 3807 2708 3871 nomine:

1516 3898 1586 3960 in
1647 3895 1879 3961 loculis
1938 3896 2268 3981 plumbeis
2343 3895 2429 3959 de
2504 3893 2710 3957 fluvio

1516 3985 1716 4049 levati
1748 3993 1905 4048 sunt
1934 3984 2213 4068 predicti
2247 3992 2608 4066 martyres:
2640 3991 2709 4045 et

1516 4074 1586 4136 in
1644 4073 1851 4136 domo
1911 4093 2032 4136 sua
2103 4073 2304 4154 positi
2347 4090 2362 4134 :
2427 4070 2513 4134 ad
2567 4069 2710 4132 lau·

1516 4161 1672 4225 dem
1718 4160 1975 4225 domini
2008 4160 2216 4224 nostri
2245 4160 2406 4243 Jesu
2441 4156 2708 4226 Christi.

2131 4374 2152 4402 ⁸
2185 4370 2366 4421 occulti
2392 4389 2404 4421 :
2441 4370 2506 4420 R.

1761 4441 1781 4471 ⁸
1815 4437 2030 4490 nicecius
2051 4456 2063 4489 ε
2087 4439 2168 4488 W.
2181 4439 2240 4488 R.
2253 4437 2302 4488 S.
