3117 4959
894 247 955 300 S.
1004 241 1453 338 ’JQJJANNJS
1496 243 1936 298 BAPTJSTE.

700 353 855 408 335

189 455 503 539 prophete.
597 458 749 538 quia
780 456 903 520 hoc
923 459 1140 540 ipsum
1172 458 1353 541 quod

188 545 518 626 gerebatur
569 547 803 627 angelo
862 545 1159 628 loquenti
1222 567 1355 610 non

185 632 485 696 credidit:
532 635 687 696 usus
734 635 1061 715 loquentis
1094 635 1355 698 amisit:

186 721 379 784 donec
456 723 889 802 promissione
971 723 1355 804 completa:

186 818 361 870 natus
380 811 527 871 novi
554 809 841 873 hominis
862 831 1057 891 preco
1083 821 1355 891 paterne

184 895 386 977 lingue
471 898 735 960 vincula
810 900 1135 961 reseravit.
1258 899 1356 964 Os

185 986 343 1046 enim
411 986 591 1066 quod
654 986 927 1067 angelus
989 987 1355 1051 clauserat:

183 1073 518 1152 promissus
548 1073 637 1137 ab
666 1073 906 1156 angelo
940 1074 1121 1144 filius,
1153 1095 1355 1137 reser-

182 1161 317 1222 avit.
405 1161 955 1242 Benignissimus¹
990 1171 1218 1244 pastor
1258 1165 1355 1225 in-

182 1249 452 1334 quirat²z
528 1260 603 1312 ut
676 1252 847 1314 sicut
916 1253 1001 1314 de
1064 1251 1353 1332 baptiste

182 1337 409 1398 domini
440 1337 639 1400 hodie
662 1339 1007 1402 nativitate
1033 1339 1353 1403 letamur:

184 1423 263 1487 ita
290 1424 370 1486 de
412 1425 517 1487 dei
568 1428 774 1489 nostri
826 1427 1353 1490 reconsiliatione

179 1513 605 1591 gaudeamus:
653 1515 757 1577 cui
803 1514 1015 1577 honor
1045 1524 1113 1577 et
1141 1515 1354 1597 gloria

181 1600 239 1661 in
266 1601 475 1664 secula
506 1601 897 1666 seculorum.
954 1623 1167 1666 amen.
1238 1603 1352 1667 Re.

182 1686 537 1752 Innuebant
568 1692 741 1773 patri
766 1691 909 1773 ejus
933 1711 1134 1772 quem
1154 1691 1353 1754 vellet

177 1777 371 1838 vocari
403 1798 553 1840 eum
590 1788 659 1842 et
690 1778 1034 1861 postulans
1074 1779 1353 1861 pugilla-

180 1882 299 1925 rem
354 1867 617 1947 scripsit
676 1868 923 1930 dicenS.
1012 1868 1353 1948 Johannes

177 1962 263 2014 est
292 1973 527 2016 nomen
550 1955 709 2035 ejus,
802 1971 849 2041 γ
894 1955 1223 2037 Apertum
1252 1965 1353 2018 est

178 2059 242 2101 os
264 2040 549 2104 zacharie
572 2054 643 2107 et
663 2045 1081 2125 prophetavit
1108 2045 1349 2107 dicens,

175 2125 504 2207 Johannes.
630 2131 871 2194 Gloria.
991 2131 1348 2213 JohanneS.

175 2214 246 2276 In
274 2224 451 2280 terttv
479 2229 787 2282 nocturno
816 2229 920 2283 ati.
1017 2220 1243 2282 Posuit
1274 2240 1347 2282 os

176 2323 373 2366 meum
426 2307 741 2370 dominus
802 2308 988 2389 quasi
1050 2307 1347 2388 gladium

176 2401 419 2456 acutum
472 2396 541 2457 in
608 2396 844 2458 umbra
920 2415 1156 2458 manus
1232 2416 1349 2458 sue

174 2483 443 2558 protexit
506 2503 632 2546 me.
735 2492 831 2564 pff.
931 2484 1007 2546 In
1073 2485 1349 2548 domino

174 2567 427 2634 confido,
518 2572 657 2634 Ανῖ.
751 2573 1073 2634 Formans
1120 2592 1227 2634 me
1258 2593 1345 2634 ex

175 2664 340 2718 utero
396 2678 662 2722 servum
722 2659 847 2722 sibi
909 2659 1219 2722 dominus
1279 2661 1346 2722 in

175 2742 365 2807 lucem
423 2748 770 2829 gentium:
848 2757 921 2810 ut
982 2749 1108 2810 sim
1170 2748 1347 2810 salus

176 2830 297 2910 ejus
326 2833 409 2896 ab
432 2837 755 2899 extremis
778 2845 964 2899 terre.
1026 2845 1125 2916 pr.
1208 2836 1346 2898 Do-

178 2919 332 2982 mine
360 2919 505 3003 quis
536 2923 888 2986 habitabit.
935 2924 1067 2987 Aa.
1125 2925 1347 3005 Reges

176 3007 468 3073 videbunt
488 3020 557 3074 et
568 3021 967 3092 consurgent
988 3011 1346 3093 principes:

177 3103 233 3157 et
296 3097 667 3162 adorabunt
739 3100 1084 3163 dominum
1145 3101 1344 3162 deum

176 3189 381 3248 tuum:
447 3189 562 3268 qui
618 3187 819 3269 elegit
866 3197 951 3250 te.
1030 3196 1130 3269 pf.
1221 3188 1349 3250 Bo·-

179 3288 317 3335 num
372 3284 471 3338 est
532 3275 849 3339 confiteri.
974 3293 1017 3359 γ
1094 3275 1348 3357 Magna

180 3367 279 3422 est.
708 3364 1087 3427 Secundum
1118 3365 1346 3426 lucam.

180 3447 307 3575 ln
334 3449 444 3513 illo
466 3461 809 3533 tempore:
852 3449 1193 3514 Elisabeth
1227 3453 1348 3512 im-

268 3536 509 3618 pletum
544 3549 647 3602 est
692 3548 957 3621 tempus
1006 3540 1347 3620 pariendi:

181 3629 237 3682 et
288 3629 537 3708 peperit
590 3627 817 3699 filium.
934 3626 1023 3688 Et
1079 3627 1347 3708 reliqua.

187 3709 413 3776 Omelia
459 3715 846 3778 venerabilis
898 3715 1043 3778 bede
1086 3715 1347 3796 presby-

184 3799 301 3862 teri.
987 3803 1205 3865 Lectio
1235 3803 1347 3884 vg'j.

181 3887 653 4014 precursoris
690 3890 943 3953 domini
992 3890 1347 3953 nativitas:

311 3977 471 4041 sicut
486 3979 785 4041 lectionis
806 3978 1184 4058 evangelice
1198 3999 1347 4060 pro-

181 4060 265 4122 dit
292 4062 593 4130 historia:
643 4067 852 4129 multa
884 4066 1346 4128 miraculorum

182 4149 559 4217 sublimitate
602 4154 923 4236 refulget:
969 4155 1126 4236 quia
1156 4155 1349 4216 nimi-

184 4255 307 4300 rum
352 4241 626 4306 decebat
674 4252 748 4306 ut
798 4242 906 4305 ille
955 4263 1091 4324 quo
1138 4241 1351 4324 major

487 4404 501 4434 ¹
543 4403 719 4468 ‘ergo'
742 4403 840 4452 add
869 4422 879 4452 :
918 4403 1053 4454 R.N.

1970 353 2127 409 336

1458 461 1632 524 inter
1662 468 1856 523 natos
1890 459 2238 524 mulierum
2286 478 2485 523 nemo
2517 480 2657 522 sur-

1459 551 1634 613 rexit
1663 568 1678 610 :
1728 547 1978 628 majore
2007 567 2124 631 pre
2145 550 2379 610 ceteris
2411 549 2656 610 sanctis

1458 639 1523 700 in
1546 639 1692 720 ipso
1717 657 1878 699 mox
1904 645 2052 699 ortu
2076 637 2394 699 virtutum
2421 635 2656 718 jubare

1456 727 1860 789 claresceret.
1925 725 2128 790 Unde
2161 726 2397 787 merito
2419 732 2656 787 sancta

1455 834 1576 896 per
1604 813 1832 877 orbem
1865 814 2180 876 ecclesia:
2212 831 2342 892 que
2367 822 2469 875 tot
2495 812 2651 875 bea-

1454 911 1676 966 torum
1711 911 2078 981 martyrum
2111 900 2416 962 victorias
2445 922 2459 963 :
2507 901 2652 982 qui-

1456 991 1579 1053 bus
1613 993 1978 1070 ingressum
2015 989 2196 1070 regni
2221 988 2481 1051 celestis
2516 1008 2651 1050 me-

1456 1098 1642 1141 ruere
1683 1077 2059 1159 frequentat
2085 1099 2098 1140 :
2129 1075 2326 1156 hujus
2358 1084 2649 1139 tantum-

1454 1168 1660 1228 modo
1735 1175 1886 1246 post
1962 1165 2370 1228 dominicum
2447 1165 2648 1227 etiarn

1454 1255 1820 1317 nativitatis
1871 1254 2051 1316 diem
2105 1252 2436 1316 celebrare
2496 1271 2651 1314 con-

1452 1345 1681 1406 suevit.
1777 1343 1890 1404 Re.
1986 1342 2162 1404 Ecce
2215 1341 2525 1402 constitui
2582 1350 2647 1401 te

1452 1431 1651 1493 hodie
1683 1450 1881 1510 super
1911 1440 2144 1510 gentes
2175 1437 2242 1491 et
2275 1448 2474 1508 super
2506 1447 2649 1508 reg-

1455 1538 1541 1581 na
1589 1519 1750 1580 dicit
1799 1519 2124 1580 dominuS.
2221 1515 2318 1579 Ut
2371 1515 2652 1578 evellas:

1454 1617 1521 1668 et
1598 1608 1898 1669 destruas
1935 1627 1948 1667 :
2040 1614 2107 1666 et
2189 1602 2455 1666 edifices
2491 1625 2504 1666 :
2583 1611 2650 1665 et

1453 1695 1717 1777 plantes
1779 1694 1844 1756 in
1909 1693 2175 1754 nomine
2241 1691 2511 1753 domini.
2604 1706 2650 1775 y

1453 1781 1844 1864 Antequam
1876 1781 2093 1843 exires
2125 1781 2210 1842 de
2241 1778 2438 1841 vulva
2461 1797 2653 1840 sanc-

1455 1870 1698 1933 tificavi
1779 1879 1896 1932 te:
1972 1879 2040 1930 et
2119 1865 2512 1950 prophetam
2581 1868 2646 1928 in

1452 1959 1764 2039 gentibus
1817 1958 1972 2019 dedi
2021 1966 2103 2019 te.
2205 1956 2300 2019 Ut
2360 1954 2646 2018 evellas:

1452 2057 1521 2108 et
1597 2047 1898 2108 destruas
1935 2067 1948 2108 :
2026 2054 2094 2107 et
2173 2042 2438 2106 edifices
2475 2064 2488 2106 :
2581 2051 2648 2105 et

1455 2135 1714 2215 plantes
1734 2135 1799 2196 in
1823 2133 2090 2196 nomine
2110 2131 2380 2194 domini.
2407 2131 2482 2194 L.
2508 2130 2646 2212 vig'j.

1597 2242 1707 2284 ure
1740 2222 1938 2303 igitur
1969 2222 2310 2302 utriusque
2335 2219 2648 2282 nativitas

1449 2223 1852 2396 Jsumma
1883 2309 2234 2371 devotione
2278 2305 2651 2370 celebratur

1450 2400 1568 2460 sed
1601 2401 1668 2460 in
1701 2399 1874 2461 illius
1923 2407 2244 2477 tanquam
2284 2397 2349 2458 in
2401 2395 2644 2459 Christi

1449 2486 1794 2548 salvatoris
1854 2486 2129 2548 mundi:
2207 2494 2528 2565 tanquam
2580 2483 2644 2544 in

1450 2575 1606 2636 solis
1639 2574 1900 2655 justicie
1933 2581 2171 2635 exortu
2214 2571 2398 2634 omni
2436 2589 2647 2652 popu-

1450 2662 1515 2724 lo
1567 2663 1888 2744 gaudium
1943 2659 2450 2741 evangelizatur.
2564 2658 2642 2720 In

1448 2751 1644 2830 hujus
1675 2760 1898 2812 autem
1933 2758 2252 2829 tanquam
2287 2748 2350 2809 in
2385 2765 2648 2827 precur-

1448 2839 1613 2901 soris
1639 2837 1890 2901 domini
1917 2858 1930 2898 :
1958 2837 2022 2898 in
2049 2835 2216 2898 servi
2241 2835 2349 2896 dei
2374 2833 2604 2896 eximii
2630 2854 2644 2896 :

1450 2927 1515 2988 in
1572 2925 1836 2988 lucerne
1885 2923 2177 2986 ardentis
2235 2931 2306 2984 et
2368 2921 2646 2983 lucentis

1450 3013 1642 3076 multi
1717 3011 2004 3098 gayisuri
2078 3029 2222 3072 esse
2297 3007 2644 3070 nativitate

1448 3110 1915 3163 memorantur.
2024 3097 2138 3161 Re.
2252 3097 2641 3177 Priusquam

1446 3197 1515 3251 te
1546 3189 1900 3251 formarem
1949 3186 2014 3248 in
2061 3194 2248 3248 utero
2289 3185 2443 3246 novi
2474 3193 2544 3246 te
2575 3193 2644 3246 et

1448 3287 1809 3358 antequam
1843 3276 2060 3338 exires
2092 3274 2177 3336 de
2195 3281 2422 3335 ventre
2453 3291 2644 3334 sanc-

1448 3365 1692 3428 tificavi
1754 3375 1836 3427 te.
1960 3362 2051 3426 Et
2118 3359 2512 3443 prophetam
2575 3360 2642 3422 in

1447 3452 1759 3534 gentibus
1797 3451 1952 3516 dedi
1999 3459 2084 3513 te.
2173 3465 2217 3536 γ
2269 3449 2444 3512 Ecce
2490 3448 2645 3512 dedi

1447 3542 1651 3604 verba
1690 3561 1838 3603 mea
1871 3539 1937 3601 in
1968 3559 2080 3601 ore
2127 3547 2245 3600 tuo
2291 3557 2442 3600 ecee
2490 3557 2647 3600 con-

1448 3629 1632 3691 stitui
1684 3638 1750 3691 te
1806 3647 2002 3710 super
2048 3635 2281 3708 gentes
2332 3636 2398 3688 et
2451 3644 2650 3706 super

1450 3735 1670 3796 regna.
1767 3716 1872 3778 Et.
2313 3713 2524 3775 Lectio
2555 3713 2647 3774 ix.

1450 3806 1547 3935 l
1556 3806 1734 3885 gitur
1764 3812 2032 3866 sanctus
2059 3800 2384 3882 johannes
2418 3820 2652 3881 pecca-

1556 3903 1777 3956 torum
1853 3891 2192 3953 consorcia
2259 3888 2650 3950 declinans:

1450 3981 1537 4042 ab
1560 3981 1744 4042 omni
1778 3999 1912 4060 quo
1943 3975 2248 4040 inebriari
2283 3984 2502 4056 potest
2535 3975 2652 4037 ab·

1450 4069 1760 4131 stinebat.
1885 4066 2190 4129 Christus
2265 4083 2420 4124 vero
2484 4063 2655 4124 inter

1451 4165 1832 4238 peccatores
1909 4170 2349 4215 conversans:
2420 4169 2656 4231 pecca-

1450 4247 1499 4307 ti
1579 4243 1796 4306 omnis
1885 4239 2199 4303 immunis
2274 4239 2654 4321 permansit.

1450 4407 1469 4434 ²
1502 4419 1595 4468 pro
1624 4401 1870 4467 ‘inquirat
1887 4401 1900 4425 '
1922 4401 2044 4450 deus
2067 4399 2308 4449 concedat
2334 4417 2346 4449 ς
2385 4400 2443 4448 R.
2455 4398 2506 4448 N
2509 4435 2521 4450 .
