3117 4959
757 243 817 299 S.
865 243 921 300 A
934 242 1043 299 UG
1049 242 1154 299 US
1156 243 1211 298 Τ
1204 241 1345 299 ΙΝῙ
1381 243 1437 298 A
1444 243 1843 300 RCHIEPIS
1845 245 1894 301 C
1893 243 2042 303 OPJ.

683 349 833 406 287

170 461 423 520 vocatur
479 453 789 519 teneland
842 455 1041 538 jussit
1099 475 1339 540 augus-

168 543 365 606 tinum
400 562 551 606 cum
600 544 792 608 sociis
838 545 925 609 ad
974 565 1169 610 suum
1219 545 1343 610 ibi-

168 631 309 694 dem
367 631 670 695 advenire
731 630 1149 716 colloquium.
1239 633 1341 697 At

168 717 253 780 illi
281 717 497 782 divina
542 721 786 784 virtute
832 721 1074 803 prediti
1120 721 1339 785 venie-

166 805 315 869 bant
342 825 599 870 crucem
631 827 753 889 pro
780 806 1031 871 vexillo
1056 808 1340 872 serentes

166 901 551 974 argenteam.
580 905 649 957 et
678 896 1061 978 ymaginem
1085 897 1339 960 domini

164 979 489 1043 salvatoris
547 982 617 1046 in
680 983 911 1046 tabula
982 983 1337 1066 depictam.

160 1067 550 1150 letaniasque
611 1079 963 1134 canentes:
1039 1091 1159 1154 pro
1218 1091 1341 1135 sua

160 1154 342 1218 simul
372 1164 439 1220 et
467 1177 697 1220 eorum
722 1167 993 1241 propter
1021 1178 1189 1242 quos
1220 1160 1337 1222 ad-

160 1251 456 1307 venerant
514 1245 731 1309 salute
777 1255 1007 1310 eterna
1063 1246 1339 1311 domino

160 1330 623 1412 supplicabant.
676 1331 691 1342 ⁹
994 1333 1213 1398 Lectio
1241 1334 1339 1416 iij.

293 1438 401 1482 um
433 1429 661 1482 autem
708 1420 793 1483 ad
835 1420 1201 1503 jussionem
1239 1442 1341 1485 re-

292 1507 389 1588 gis
417 1509 813 1590 aug-ustinus
861 1517 931 1572 et
980 1511 1141 1574 socii
1194 1509 1339 1592 ejus

162 1592 499 1657 residentes
551 1596 832 1659 verbum
892 1597 952 1659 ei
1004 1597 1139 1661 vite
1208 1619 1341 1662 una

161 1700 297 1744 cum
345 1683 659 1746 omnibus
706 1683 849 1765 ejus
894 1685 1008 1767 qui
1063 1684 1342 1749 aderant

161 1769 492 1832 comitibus
516 1770 966 1853 predicarent:
998 1774 1341 1856 respondit

160 1854 279 1918 illi¹
324 1857 568 1922 dicens.
666 1857 897 1923 Pulcra
940 1869 1097 1924 sunt
1140 1861 1343 1925 verba

160 1952 219 2006 et
247 1947 570 2025 promissa
617 1966 753 2029 que
801 1949 1109 2012 asseritis.
1201 1948 1339 2013 Sed

160 2033 301 2112 quia
350 2053 523 2096 nova
575 2042 736 2098 sunt
783 2044 852 2098 et
902 2036 1154 2100 incerta
1206 2055 1339 2100 non

161 2119 271 2181 hiis
325 2141 601 2202 possum
664 2141 1005 2201 assensum
1052 2124 1343 2188 tribuere

162 2205 385 2271 relictis
445 2208 543 2271 eis
593 2229 728 2291 que
789 2218 980 2274 tanto
1040 2219 1345 2294 tempore

162 2313 295 2358 cum
338 2297 519 2359 omni
566 2296 917 2379 anglorum
961 2307 1163 2380 gente
1208 2319 1347 2362 ser-

159 2381 307 2446 vavi.
394 2383 655 2448 Verum
685 2383 843 2467 quia
870 2385 957 2448 de
986 2385 1184 2469 longe
1214 2386 1343 2450 huc

158 2471 463 2551 peregrini
495 2472 789 2536 venistis
820 2481 891 2535 et
918 2493 999 2537 ea
1029 2493 1159 2556 que
1188 2495 1347 2538 vera

158 2565 217 2619 et
243 2557 493 2640 optima
524 2559 897 2623 credebatis
928 2561 1119 2624 nobis
1157 2582 1345 2625 com-

158 2647 473 2711 municare
521 2646 991 2713 desiderastis:
1036 2669 1168 2732 que
1209 2651 1345 2713 vic-

156 2733 241 2794 tui
267 2743 483 2798 vestro
514 2743 681 2799 sunt
710 2737 1075 2801 necessaria
1116 2737 1345 2800 minis-

157 2828 312 2884 trare
368 2841 683 2886 curamus
736 2842 859 2886 nec
918 2824 1343 2906 prohibemus

158 2909 300 2989 quin
350 2929 591 2973 omnes
640 2931 807 2991 quos
855 2913 1135 2994 potestis
1186 2911 1342 2976 fidei

160 3006 354 3060 vestre
397 2998 741 3081 religionis
786 3000 1192 3081 predicando
1232 3021 1343 3064 so-

146 3083 341 3148 ,cietis

160 3173 434 3300 Dedit
464 3193 633 3256 ergo
663 3195 785 3239 rex
816 3175 1195 3240 adelbertus
1227 3197 1343 3239 au-

298 3261 571 3342 gustino
618 3271 685 3325 et
732 3264 928 3327 sociis
956 3264 1102 3346 ejus
1155 3283 1342 3327 man-

163 3346 395 3412 sionem
456 3350 525 3412 in
592 3350 857 3416 civitate
917 3350 1343 3414 dorvernensi

164 3452 275 3513 que
315 3436 577 3520 anglice
622 3438 1099 3520 cantuaribyris
1130 3439 1344 3502 nomi-

165 3531 352 3587 natur.
444 3526 687 3588 Fertur
730 3534 983 3590 autem·
1017 3527 1175 3608 quia
1228 3547 1345 3608 ap-

164 3612 667 3693 propinquantes
712 3614 962 3677 civitati
1008 3634 1193 3677 more
1224 3633 1345 3678 suo

166 3715 301 3760 cum
355 3713 555 3764 cruce
611 3710 842 3765 sancta
901 3709 969 3765 et
1028 3702 1345 3784 ymagine

168 3787 371 3866 magni
420 3787 595 3870 regis
644 3789 893 3852 domini
940 3790 1145 3852 nostri
1182 3790 1341 3870 Jesu

168 3870 435 3939 Christi:
482 3877 657 3940 hanc
703 3877 1018 3940 letaniam
1050 3896 1346 3940 consona

164 3979 309 4024 voce
368 3961 882 4028 modularentur.
1009 3965 1343 4046 Depreca-

165 4065 299 4114 mur
324 4058 389 4113 te
430 4051 705 4115 domine
750 4053 817 4114 in
863 4053 1044 4115 omni
1092 4051 1341 4115 miseri-

162 4136 368 4200 cordia
426 4147 594 4202 tua:
649 4147 724 4203 ut
781 4139 1113 4203 auferatur
1165 4139 1343 4203 furor

164 4229 302 4286 tuus
330 4234 397 4290 et
428 4226 525 4289 ira
571 4235 688 4291 tua
732 4246 773 4290 a
818 4227 1085 4291 civitate
1118 4228 1244 4292 ista
1274 4237 1343 4291 et

256 4372 271 4400 ¹
304 4371 423 4422 ille:
460 4371 662 4422 R.N.S.

461 4441 479 4468 ⁴
512 4438 615 4488 ibi:
651 4439 790 4488 R.N.

1144 4376 1163 4405 ²
1194 4367 1555 4436 cantuaribyris
1577 4388 1590 4420 ε
1628 4371 1692 4422 R.
1703 4369 1768 4420 N.

1959 353 2116 408 288

1443 457 1529 522 de
1580 459 1786 522 domo
1836 466 2066 523 sancta
2113 465 2272 522 tua:
2337 457 2652 539 quoniam

1445 548 1880 628 peccavimus
2343 546 2558 609 Lectio
2588 567 2645 610 v.

1444 635 1699 764 Erat
1757 641 1982 698 autem
2044 652 2250 717 prope
2301 634 2642 698 civitatem

1596 742 1726 803 que
1757 720 2212 785 cantuaribiris
2231 721 2256 757 ²
2283 721 2525 784 dicitur
2555 721 2642 786 ad

1444 809 1767 873 orientem
1843 809 2119 872 ecclesia
2215 809 2282 871 in
2387 808 2640 872 honore

1444 896 1656 960 sancti
1719 897 1984 960 martini
2043 897 2411 977 antiquitus
2463 896 2642 960 facta

1444 984 1510 1046 in
1542 1005 1678 1065 qua
1716 993 1984 1048 sanctus
2014 984 2406 1065 augustinus
2436 993 2505 1048 et
2535 1004 2642 1048 so-

1440 1071 1522 1136 cii
1577 1071 1720 1153 ejus
1766 1073 1984 1155 primo
2042 1073 2390 1134 convenire
2451 1091 2640 1134 orare

1443 1159 1680 1222 missas
1727 1159 1940 1223 facere
1986 1159 2324 1240 predicare
2369 1168 2437 1221 et
2467 1159 2635 1242 bap-

1441 1247 1646 1311 tizare
1675 1255 2032 1330 ceperunt:
2077 1247 2290 1310 donec
2342 1266 2497 1328 rege
2549 1247 2637 1310 ad

1442 1332 1647 1398 fidem
1695 1354 2014 1398 converso
2061 1335 2380 1416 majorem
2416 1334 2637 1416 predi-

1442 1421 1640 1485 candi
1685 1430 1755 1486 et
1798 1420 2106 1485 ecclesias
2151 1421 2515 1486 fabricandi
2563 1421 2640 1483 li-

1438 1510 1727 1573 centiam
1805 1510 2194 1591 acciperent.
2347 1509 2448 1573 At
2523 1508 2637 1572 ubi

1442 1617 1565 1660 rex
1615 1597 1787 1660 inter
1837 1597 2002 1660 alios
2063 1595 2430 1659 delectatus
2501 1597 2643 1660 vita

1444 1684 1882 1748 mundissima
1928 1691 2306 1747 sanctorum
2365 1684 2642 1747 credens

1441 1772 1822 1854 baptizatus
1881 1781 2038 1834 est:
2112 1791 2344 1855 cepere
2418 1769 2641 1853 plures

1442 1859 1741 1942 quotidie
1792 1858 1878 1922 ad
1931 1858 2334 1924 audiendum
2364 1859 2642 1922 verbum

1443 1947 1552 2010 dei
1586 1946 1955 2011 confluere:
2001 1967 2078 2010 ac
2125 1947 2353 2010 relicto
2381 1947 2646 2029 gentili-

1444 2034 1606 2098 tatis
1681 2035 1808 2098 ritu
1854 2055 1870 2098 :
1948 2035 2188 2097 unitati
2265 2055 2338 2098 se
2412 2044 2643 2098 sancte

1448 2121 1693 2188 Christi
1770 2119 2046 2186 ecclesie
2133 2122 2462 2184 credendo
2537 2142 2643 2185 so-

1444 2210 1636 2273 ciare.
2315 2209 2528 2273 Lectio
2557 2210 2642 2292 “U'-

1444 2299 1784 2430 Interea
1813 2305 2081 2360 sanctus
2111 2298 2501 2380 augustinus
2531 2316 2644 2359 ve-

1558 2385 1658 2448 nit
1688 2384 1898 2448 arelas
1930 2393 1997 2448 et
2029 2384 2115 2448 ab
2147 2382 2644 2467 archiepiscopo

1447 2471 1748 2553 ejusdem
1796 2473 2084 2536 civitatis
2136 2471 2389 2534 etherio
2443 2471 2646 2552 juxta

1447 2569 1831 2642 preceptum
1855 2560 2064 2624 sancti
2085 2559 2406 2642 gregorii³
2434 2558 2643 2621 archi-

1447 2649 1797 2731 episcopus
1843 2649 2024 2730 genti
2071 2645 2418 2730 anglorum
2469 2646 2646 2708 ordi-

1448 2744 1645 2799 natus
1667 2744 1784 2798 est.
1835 2735 2098 2798 Deinde
2131 2735 2196 2797 in
2229 2734 2495 2797 civitate
2515 2752 2646 2815 que

1446 2823 1929 2904 cantuaribyris
1958 2823 2198 2888 dicitur
2227 2820 2408 2902 regio
2439 2820 2645 2884 fultus

1446 2910 1876 2973 amminiculo
1923 2910 2332 2991 recuperavit
2380 2907 2646 2972 ecclesi-

1445 3018 1555 3061 am
1591 3018 1608 3061 :
1654 3017 1858 3080 quam
1899 2997 2012 3059 ubi
2036 2997 2059 3035 ⁴
2106 2997 2384 3077 antiquo
2429 3015 2646 3058 roma-

1446 3105 1683 3148 norum
1733 3103 1932 3166 opere
1963 3084 2208 3148 factam
2240 3082 2439 3146 fuisse
2471 3083 2644 3146 didi-

1446 3181 1665 3236 cerat:
1710 3173 1824 3236 et⁶
1853 3191 2002 3235 eam
2034 3171 2101 3234 in
2134 3171 2401 3234 nomine
2430 3171 2641 3233 sancti

1446 3259 1795 3324 salvatoris
1869 3260 2154 3323 sacravit
2234 3267 2437 3340 atque
2519 3258 2646 3322 ibi-

1447 3349 1604 3411 dem
1636 3348 1760 3411 sibi
1792 3347 2270 3411 habitationem
2304 3345 2536 3409 statuit
2575 3355 2646 3408 et

1447 3436 1702 3500 cunctis
1733 3434 2218 3498 successoribus
2249 3435 2398 3498 suis,
2457 3434 2644 3497 Fecit

1447 3523 1652 3586 etiam
1715 3523 2189 3586 monasterium
2251 3541 2382 3585 non
2446 3521 2644 3604 longe

1446 3611 1534 3674 ab
1595 3610 1741 3693 ipsa
1800 3613 2109 3675 civitate:
2177 3612 2245 3672 in
2306 3630 2440 3691 quo
2501 3609 2644 3690 ejus

1446 3698 1716 3761 hortatu
1747 3698 2092 3763 adelberth
2132 3718 2250 3761 rex
2296 3696 2640 3760 ecclesiam

1447 3787 1662 3849 sancti
1707 3786 1878 3868 petri
1925 3794 1994 3850 et
2042 3785 2220 3870 pauli
2252 3783 2644 3847 construxit.

1451 3873 1676 3957 Quam
1721 3894 1869 3937 non·
1903 3875 2044 3957 ipse
2091 3873 2480 3954 augustinus
2525 3870 2644 3932 sed

1450 3981 1790 4024 successor
1833 3961 1978 4043 ejus
2023 3960 2383 4023 laurentius
2415 3977 2650 4020 conse-

1449 4049 1654 4112 cravit
1685 4049 1771 4112 ad
1817 4049 2084 4112 laudem
2133 4045 2386 4109 domini
2436 4043 2646 4107 nostri

1446 4136 1605 4216 Jesu
1670 4137 1932 4200 Christi.
2051 4135 2208 4197 Tres
2265 4132 2492 4194 ultime
2531 4131 2650 4193 lec·

1443 4225 1653 4288 tiones
1723 4225 1804 4287 de
1864 4221 2252 4303 expositione
2323 4219 2653 4300 evangelii

1931 4425 1936 4430 ⁸
2108 4369 2128 4400 ⁸
2161 4367 2350 4434 georgii
2377 4383 2389 4416 ι
2426 4367 2480 4416 S.

1921 4438 1942 4466 ⁸
1973 4449 2064 4484 ec:
2102 4434 2162 4485 R.
