<?xml version="1.0" encoding="UTF-8"?>
<!DOCTYPE html PUBLIC "-//W3C//DTD XHTML 1.0 Transitional//EN"
    "http://www.w3.org/TR/xhtml1/DTD/xhtml1-transitional.dtd">
<html xmlns="http://www.w3.org/1999/xhtml" xml:lang="en" lang="en">
 <head>
  <title>
</title>
<meta http-equiv="Content-Type" content="text/html;charset=utf-8" />
  <meta name='ocr-system' content='tesseract 3.04.00' />
  <meta name='ocr-capabilities' content='ocr_page ocr_carea ocr_par ocr_line ocrx_word'/>
</head>
<body>
  <div class='ocr_page' id='page_1' title='image "breviariumadusu03yorkgoog_0035.png"; bbox 0 0 3117 4959; ppageno 0'>
   <div class='ocr_carea' id='block_1_1' title="bbox 1541 234 1970 291">
    <p class='ocr_par' dir='ltr' id='par_1_1' title="bbox 1541 234 1970 291">
     <span class='ocr_line' id='line_1_1' title="bbox 1541 234 1970 291; baseline -0.007 0"><span class='ocrx_word' id='word_1_1' title='bbox 1541 234 1593 291; x_wconf 83' lang='lat' dir='ltr'>C</span> <span class='ocrx_word' id='word_1_2' title='bbox 1593 234 1794 290; x_wconf 83' lang='lat' dir='ltr'>OMM</span> <span class='ocrx_word' id='word_1_3' title='bbox 1800 234 1970 289; x_wconf 84' lang='lat' dir='ltr'>UNE</span> 
     </span>
    </p>
   </div>
   <div class='ocr_carea' id='block_1_2' title="bbox 1007 346 1088 401">
    <p class='ocr_par' dir='ltr' id='par_1_2' title="bbox 1007 346 1088 401">
     <span class='ocr_line' id='line_1_2' title="bbox 1007 346 1088 401; baseline -0.012 0"><span class='ocrx_word' id='word_1_4' title='bbox 1007 346 1088 401; x_wconf 76' lang='lat'>31</span> 
     </span>
    </p>
   </div>
   <div class='ocr_carea' id='block_1_3' title="bbox 389 449 1677 4405">
    <p class='ocr_par' dir='ltr' id='par_1_3' title="bbox 389 449 1677 4405">
     <span class='ocr_line' id='line_1_3' title="bbox 467 449 1671 533; baseline -0.003 -17"><span class='ocrx_word' id='word_1_5' title='bbox 467 450 1034 519; x_wconf 71' lang='lat' dir='ltr'><strong>intercedentibus</strong></span> <span class='ocrx_word' id='word_1_6' title='bbox 1107 457 1542 533; x_wconf 85' lang='lat' dir='ltr'>expectemus</span> <span class='ocrx_word' id='word_1_7' title='bbox 1561 449 1581 487; x_wconf 88' lang='lat'>¹</span> <span class='ocrx_word' id='word_1_8' title='bbox 1628 468 1671 513; x_wconf 91' lang='lat' dir='ltr'>a</span> 
     </span>
     <span class='ocr_line' id='line_1_4' title="bbox 457 534 1676 621; baseline -0.003 -18"><span class='ocrx_word' id='word_1_9' title='bbox 457 534 750 604; x_wconf 80' lang='lat' dir='ltr'>&#39;domino</span> <span class='ocrx_word' id='word_1_10' title='bbox 780 539 1142 611; x_wconf 83' lang='lat' dir='ltr'>beneficia:</span> <span class='ocrx_word' id='word_1_11' title='bbox 1185 548 1259 601; x_wconf 89' lang='lat' dir='ltr'>ut</span> <span class='ocrx_word' id='word_1_12' title='bbox 1292 540 1470 621; x_wconf 86' lang='lat' dir='ltr'>ipsos</span> <span class='ocrx_word' id='word_1_13' title='bbox 1502 558 1676 600; x_wconf 86' lang='lat' dir='ltr'>mar-</span> 
     </span>
     <span class='ocr_line' id='line_1_5' title="bbox 468 628 1673 711; baseline -0.004 -19"><span class='ocrx_word' id='word_1_14' title='bbox 468 637 654 711; x_wconf 88' lang='lat' dir='ltr'>tyres</span> <span class='ocrx_word' id='word_1_15' title='bbox 739 628 1064 691; x_wconf 88' lang='lat' dir='ltr'>imitando</span> <span class='ocrx_word' id='word_1_16' title='bbox 1160 636 1673 690; x_wconf 86' lang='lat' dir='ltr'>contemnamus</span> 
     </span>
     <span class='ocr_line' id='line_1_6' title="bbox 470 716 1672 800; baseline -0.003 -21"><span class='ocrx_word' id='word_1_17' title='bbox 470 717 905 800; x_wconf 90' lang='lat' dir='ltr'>temporalia:</span> <span class='ocrx_word' id='word_1_18' title='bbox 955 724 1032 779; x_wconf 89' lang='lat' dir='ltr'>ut</span> <span class='ocrx_word' id='word_1_19' title='bbox 1084 716 1379 797; x_wconf 91' lang='lat' dir='ltr'>accipere</span> <span class='ocrx_word' id='word_1_20' title='bbox 1423 734 1672 777; x_wconf 87' lang='lat' dir='ltr'>merea-</span> 
     </span>
     <span class='ocr_line' id='line_1_7' title="bbox 475 802 1673 884; baseline -0.003 -17"><span class='ocrx_word' id='word_1_21' title='bbox 475 825 624 867; x_wconf 88' lang='lat' dir='ltr'>mur</span> <span class='ocrx_word' id='word_1_22' title='bbox 710 804 997 868; x_wconf 83' lang='lat' dir='ltr'>celestia.</span> <span class='ocrx_word' id='word_1_23' title='bbox 1095 804 1208 867; x_wconf 86' lang='lat' dir='ltr'>Re.</span> <span class='ocrx_word' id='word_1_24' title='bbox 1325 802 1673 884; x_wconf 88' lang='lat' dir='ltr'>Justorum</span> 
     </span>
     <span class='ocr_line' id='line_1_8' title="bbox 474 889 1676 973; baseline -0.003 -18"><span class='ocrx_word' id='word_1_25' title='bbox 474 894 714 957; x_wconf 88' lang='lat' dir='ltr'>anime.</span> <span class='ocrx_word' id='word_1_26' title='bbox 789 902 866 955; x_wconf 83' lang='lat' dir='ltr'>ut</span> <span class='ocrx_word' id='word_1_27' title='bbox 903 901 1106 973; x_wconf 82' lang='lat' dir='ltr'>supra</span> <span class='ocrx_word' id='word_1_28' title='bbox 1151 892 1222 953; x_wconf 88' lang='lat' dir='ltr'>in</span> <span class='ocrx_word' id='word_1_29' title='bbox 1259 889 1510 973; x_wconf 82' lang='lat' dir='ltr'>primis</span> <span class='ocrx_word' id='word_1_30' title='bbox 1539 910 1676 953; x_wconf 84' lang='lat' dir='ltr'>ves-</span> 
     </span>
     <span class='ocr_line' id='line_1_9' title="bbox 458 979 1671 1062; baseline -0.003 -19"><span class='ocrx_word' id='word_1_31' title='bbox 458 980 661 1062; x_wconf 73' lang='lat' dir='ltr'>periS.</span> <span class='ocrx_word' id='word_1_32' title='bbox 757 980 842 1043; x_wconf 84' lang='lat' dir='ltr'>In</span> <span class='ocrx_word' id='word_1_33' title='bbox 903 979 1171 1043; x_wconf 85' lang='lat' dir='ltr'>secundo</span> <span class='ocrx_word' id='word_1_34' title='bbox 1219 988 1521 1042; x_wconf 83' lang='lat' dir='ltr'>nocturno</span> <span class='ocrx_word' id='word_1_35' title='bbox 1566 998 1671 1041; x_wconf 86' lang='lat' dir='ltr'>an.</span> 
     </span>
     <span class='ocr_line' id='line_1_10' title="bbox 476 1067 1677 1133; baseline -0.003 -1"><span class='ocrx_word' id='word_1_36' title='bbox 476 1069 684 1133; x_wconf 87' lang='lat' dir='ltr'>Scuto</span> <span class='ocrx_word' id='word_1_37' title='bbox 715 1068 888 1131; x_wconf 85' lang='lat' dir='ltr'>bone</span> <span class='ocrx_word' id='word_1_38' title='bbox 919 1067 1281 1131; x_wconf 87' lang='lat' dir='ltr'>voluntatis</span> <span class='ocrx_word' id='word_1_39' title='bbox 1329 1076 1443 1129; x_wconf 91' lang='lat' dir='ltr'>tue</span> <span class='ocrx_word' id='word_1_40' title='bbox 1491 1086 1677 1129; x_wconf 90' lang='lat' dir='ltr'>coro-</span> 
     </span>
     <span class='ocr_line' id='line_1_11' title="bbox 473 1156 1672 1236; baseline -0.001 -18"><span class='ocrx_word' id='word_1_41' title='bbox 473 1158 646 1219; x_wconf 89' lang='lat' dir='ltr'>nasti</span> <span class='ocrx_word' id='word_1_42' title='bbox 670 1176 785 1219; x_wconf 91' lang='lat' dir='ltr'>eos</span> <span class='ocrx_word' id='word_1_43' title='bbox 806 1156 1089 1219; x_wconf 87' lang='lat' dir='ltr'>domine.</span> <span class='ocrx_word' id='word_1_44' title='bbox 1126 1164 1226 1236; x_wconf 65' lang='lat' dir='ltr'>pf.</span> <span class='ocrx_word' id='word_1_45' title='bbox 1261 1156 1483 1218; x_wconf 87' lang='lat' dir='ltr'>Verba</span> <span class='ocrx_word' id='word_1_46' title='bbox 1507 1174 1672 1217; x_wconf 88' lang='lat' dir='ltr'>mea.</span> 
     </span>
     <span class='ocr_line' id='line_1_12' title="bbox 472 1242 1674 1323; baseline -0.002 -15"><span class='ocrx_word' id='word_1_47' title='bbox 472 1244 607 1307; x_wconf 76' lang='grc' dir='ltr'>Αῆ.</span> <span class='ocrx_word' id='word_1_48' title='bbox 675 1244 756 1307; x_wconf 91' lang='lat' dir='ltr'>In</span> <span class='ocrx_word' id='word_1_49' title='bbox 803 1244 1106 1308; x_wconf 90' lang='lat' dir='ltr'>universa</span> <span class='ocrx_word' id='word_1_50' title='bbox 1139 1252 1310 1305; x_wconf 90' lang='lat' dir='ltr'>terra</span> <span class='ocrx_word' id='word_1_51' title='bbox 1351 1242 1562 1323; x_wconf 91' lang='lat' dir='ltr'>gloria</span> <span class='ocrx_word' id='word_1_52' title='bbox 1607 1250 1674 1305; x_wconf 90' lang='lat' dir='ltr'>et</span> 
     </span>
     <span class='ocr_line' id='line_1_13' title="bbox 471 1330 1673 1412; baseline -0.001 -19"><span class='ocrx_word' id='word_1_53' title='bbox 471 1330 724 1395; x_wconf 88' lang='lat' dir='ltr'>honore</span> <span class='ocrx_word' id='word_1_54' title='bbox 747 1331 1075 1395; x_wconf 83' lang='lat' dir='ltr'>coronasti</span> <span class='ocrx_word' id='word_1_55' title='bbox 1095 1350 1226 1393; x_wconf 77' lang='lat' dir='ltr'>eoS.</span> <span class='ocrx_word' id='word_1_56' title='bbox 1258 1339 1358 1412; x_wconf 61' lang='lat' dir='ltr'>pff.</span> <span class='ocrx_word' id='word_1_57' title='bbox 1381 1331 1673 1393; x_wconf 88' lang='lat' dir='ltr'>Domine</span> 
     </span>
     <span class='ocr_line' id='line_1_14' title="bbox 471 1418 1673 1499; baseline -0.002 -17"><span class='ocrx_word' id='word_1_58' title='bbox 471 1420 783 1483; x_wconf 91' lang='lat' dir='ltr'>dominus</span> <span class='ocrx_word' id='word_1_59' title='bbox 819 1430 1056 1483; x_wconf 89' lang='lat' dir='ltr'>noster.</span> <span class='ocrx_word' id='word_1_60' title='bbox 1102 1420 1235 1483; x_wconf 77' lang='grc' dir='ltr'>Αῆ.</span> <span class='ocrx_word' id='word_1_61' title='bbox 1271 1418 1534 1483; x_wconf 89' lang='lat' dir='ltr'>Sanctis</span> <span class='ocrx_word' id='word_1_62' title='bbox 1558 1418 1673 1499; x_wconf 89' lang='lat' dir='ltr'>qui</span> 
     </span>
     <span class='ocr_line' id='line_1_15' title="bbox 471 1506 1673 1588; baseline -0.002 -18"><span class='ocrx_word' id='word_1_63' title='bbox 471 1518 629 1571; x_wconf 87' lang='lat' dir='ltr'>sunt</span> <span class='ocrx_word' id='word_1_64' title='bbox 689 1508 756 1572; x_wconf 92' lang='lat' dir='ltr'>in</span> <span class='ocrx_word' id='word_1_65' title='bbox 831 1516 1007 1571; x_wconf 87' lang='lat' dir='ltr'>terra</span> <span class='ocrx_word' id='word_1_66' title='bbox 1082 1507 1224 1588; x_wconf 90' lang='lat' dir='ltr'>ejus</span> <span class='ocrx_word' id='word_1_67' title='bbox 1300 1506 1673 1570; x_wconf 87' lang='lat' dir='ltr'>mirificavit</span> 
     </span>
     <span class='ocr_line' id='line_1_16' title="bbox 471 1594 1675 1659; baseline -0.002 0"><span class='ocrx_word' id='word_1_68' title='bbox 471 1616 705 1659; x_wconf 85' lang='lat' dir='ltr'>omnes</span> <span class='ocrx_word' id='word_1_69' title='bbox 779 1594 1162 1659; x_wconf 89' lang='lat' dir='ltr'>voluntates</span> <span class='ocrx_word' id='word_1_70' title='bbox 1242 1614 1424 1658; x_wconf 90' lang='lat' dir='ltr'>meas</span> <span class='ocrx_word' id='word_1_71' title='bbox 1500 1594 1675 1657; x_wconf 89' lang='lat' dir='ltr'>inter</span> 
     </span>
     <span class='ocr_line' id='line_1_17' title="bbox 471 1682 1671 1769; baseline -0.003 -22"><span class='ocrx_word' id='word_1_72' title='bbox 471 1684 632 1748; x_wconf 78' lang='lat' dir='ltr'>illos,</span> <span class='ocrx_word' id='word_1_73' title='bbox 667 1694 768 1767; x_wconf 64' lang='lat' dir='ltr'>pf.</span> <span class='ocrx_word' id='word_1_74' title='bbox 814 1684 1152 1749; x_wconf 88' lang='lat' dir='ltr'>Conserva</span> <span class='ocrx_word' id='word_1_75' title='bbox 1190 1704 1314 1747; x_wconf 90' lang='lat' dir='ltr'>me.</span> <span class='ocrx_word' id='word_1_76' title='bbox 1389 1698 1438 1769; x_wconf 70' lang='grc' dir='ltr'>γ</span> <span class='ocrx_word' id='word_1_77' title='bbox 1471 1682 1671 1745; x_wconf 90' lang='lat' dir='ltr'>Leta-</span> 
     </span>
     <span class='ocr_line' id='line_1_18' title="bbox 389 1770 1665 1851; baseline -0.003 -15"><span class='ocrx_word' id='word_1_78' title='bbox 389 1792 394 1797; x_wconf 92' lang='grc'><em>·</em></span> <span class='ocrx_word' id='word_1_79' title='bbox 473 1774 635 1836; x_wconf 91' lang='lat' dir='ltr'>mini</span> <span class='ocrx_word' id='word_1_80' title='bbox 662 1772 726 1835; x_wconf 90' lang='lat' dir='ltr'>in</span> <span class='ocrx_word' id='word_1_81' title='bbox 759 1772 1034 1835; x_wconf 89' lang='lat' dir='ltr'>domino</span> <span class='ocrx_word' id='word_1_82' title='bbox 1057 1781 1124 1835; x_wconf 90' lang='lat' dir='ltr'>et</span> <span class='ocrx_word' id='word_1_83' title='bbox 1156 1770 1458 1834; x_wconf 87' lang='lat' dir='ltr'>exultate</span> <span class='ocrx_word' id='word_1_84' title='bbox 1483 1770 1665 1851; x_wconf 88' lang='lat' dir='ltr'>justi.</span> 
     </span>
     <span class='ocr_line' id='line_1_19' title="bbox 475 1859 1669 1962; baseline -0.002 -40"><span class='ocrx_word' id='word_1_85' title='bbox 475 1860 564 1923; x_wconf 91' lang='lat' dir='ltr'>Et</span> <span class='ocrx_word' id='word_1_86' title='bbox 594 1859 981 1962; x_wconf 79' lang='lat' dir='ltr'>gloriamini</span> <span class='ocrx_word' id='word_1_87' title='bbox 999 1880 1232 1923; x_wconf 89' lang='lat' dir='ltr'>omnes</span> <span class='ocrx_word' id='word_1_88' title='bbox 1263 1859 1422 1921; x_wconf 90' lang='lat' dir='ltr'>recti</span> <span class='ocrx_word' id='word_1_89' title='bbox 1455 1859 1669 1922; x_wconf 88' lang='lat' dir='ltr'>corde.</span> 
     </span>
     <span class='ocr_line' id='line_1_20' title="bbox 468 1946 1668 2080; baseline -0.001 -70"><span class='ocrx_word' id='word_1_90' title='bbox 468 1948 683 2080; x_wconf 73' lang='lat' dir='ltr'>Ab</span> <span class='ocrx_word' id='word_1_91' title='bbox 743 1948 903 2028; x_wconf 90' lang='lat' dir='ltr'>ipsis</span> <span class='ocrx_word' id='word_1_92' title='bbox 965 1948 1190 2029; x_wconf 87' lang='lat' dir='ltr'>itaque</span> <span class='ocrx_word' id='word_1_93' title='bbox 1265 1946 1510 2029; x_wconf 81' lang='lat' dir='ltr'>[Lectio</span> <span class='ocrx_word' id='word_1_94' title='bbox 1545 1946 1668 2027; x_wconf 77' lang='lat' dir='ltr'>iiij.</span> 
     </span>
     <span class='ocr_line' id='line_1_21' title="bbox 637 2034 1672 2115; baseline -0.002 -18"><span class='ocrx_word' id='word_1_95' title='bbox 637 2044 1015 2099; x_wconf 88' lang='lat' dir='ltr'>sanctorum</span> <span class='ocrx_word' id='word_1_96' title='bbox 1061 2043 1429 2115; x_wconf 88' lang='lat' dir='ltr'>martyrum</span> <span class='ocrx_word' id='word_1_97' title='bbox 1460 2034 1528 2096; x_wconf 91' lang='lat' dir='ltr'>in</span> <span class='ocrx_word' id='word_1_98' title='bbox 1559 2054 1672 2096; x_wconf 90' lang='lat' dir='ltr'>ve-</span> 
     </span>
     <span class='ocr_line' id='line_1_22' title="bbox 469 2121 1671 2203; baseline -0.002 -18"><span class='ocrx_word' id='word_1_99' title='bbox 469 2123 663 2186; x_wconf 87' lang='lat' dir='ltr'>ritate</span> <span class='ocrx_word' id='word_1_100' title='bbox 738 2122 1115 2186; x_wconf 85' lang='lat' dir='ltr'>festivitatis</span> <span class='ocrx_word' id='word_1_101' title='bbox 1186 2121 1434 2203; x_wconf 89' lang='lat' dir='ltr'>gaudia</span> <span class='ocrx_word' id='word_1_102' title='bbox 1503 2121 1671 2184; x_wconf 84' lang='lat' dir='ltr'>cele-</span> 
     </span>
     <span class='ocr_line' id='line_1_23' title="bbox 466 2208 1672 2293; baseline -0.002 -18"><span class='ocrx_word' id='word_1_103' title='bbox 466 2210 784 2275; x_wconf 88' lang='lat' dir='ltr'>brantur·</span> <span class='ocrx_word' id='word_1_104' title='bbox 769 2259 785 2277; x_wconf 89' lang='lat'><strong>.</strong></span> <span class='ocrx_word' id='word_1_105' title='bbox 831 2212 944 2293; x_wconf 91' lang='lat' dir='ltr'>qui</span> <span class='ocrx_word' id='word_1_106' title='bbox 1004 2212 1296 2291; x_wconf 90' lang='lat' dir='ltr'>ipsorum</span> <span class='ocrx_word' id='word_1_107' title='bbox 1357 2208 1672 2291; x_wconf 87' lang='lat' dir='ltr'>exempla</span> 
     </span>
     <span class='ocr_line' id='line_1_24' title="bbox 469 2298 1670 2381; baseline -0.003 -19"><span class='ocrx_word' id='word_1_108' title='bbox 469 2309 852 2381; x_wconf 90' lang='lat' dir='ltr'>sequuntur.</span> <span class='ocrx_word' id='word_1_109' title='bbox 975 2298 1423 2363; x_wconf 89' lang='lat' dir='ltr'>Solennitates</span> <span class='ocrx_word' id='word_1_110' title='bbox 1509 2317 1670 2379; x_wconf 91' lang='lat' dir='ltr'>ergo</span> 
     </span>
     <span class='ocr_line' id='line_1_25' title="bbox 471 2387 1669 2451; baseline -0.002 -2"><span class='ocrx_word' id='word_1_111' title='bbox 471 2388 730 2451; x_wconf 89' lang='lat' dir='ltr'>illorum</span> <span class='ocrx_word' id='word_1_112' title='bbox 764 2387 1264 2450; x_wconf 88' lang='lat' dir='ltr'>exhortationes</span> <span class='ocrx_word' id='word_1_113' title='bbox 1309 2394 1463 2449; x_wconf 91' lang='lat' dir='ltr'>sunt</span> <span class='ocrx_word' id='word_1_114' title='bbox 1496 2405 1669 2447; x_wconf 90' lang='lat' dir='ltr'>mar·-</span> 
     </span>
     <span class='ocr_line' id='line_1_26' title="bbox 469 2473 1667 2556; baseline -0.003 -16"><span class='ocrx_word' id='word_1_115' title='bbox 469 2476 810 2556; x_wconf 88' lang='lat' dir='ltr'>tyriorum.</span> <span class='ocrx_word' id='word_1_116' title='bbox 903 2475 1135 2556; x_wconf 88' lang='lat' dir='ltr'>Atque</span> <span class='ocrx_word' id='word_1_117' title='bbox 1211 2473 1360 2536; x_wconf 87' lang='lat' dir='ltr'>ideo</span> <span class='ocrx_word' id='word_1_118' title='bbox 1423 2474 1667 2537; x_wconf 90' lang='lat' dir='ltr'>imitari</span> 
     </span>
     <span class='ocr_line' id='line_1_27' title="bbox 469 2561 1668 2645; baseline -0.002 -19"><span class='ocrx_word' id='word_1_119' title='bbox 469 2583 604 2627; x_wconf 92' lang='lat' dir='ltr'>non</span> <span class='ocrx_word' id='word_1_120' title='bbox 637 2564 900 2645; x_wconf 89' lang='lat' dir='ltr'>pigeat:</span> <span class='ocrx_word' id='word_1_121' title='bbox 955 2562 1133 2643; x_wconf 89' lang='lat' dir='ltr'>quod</span> <span class='ocrx_word' id='word_1_122' title='bbox 1177 2561 1508 2625; x_wconf 90' lang='lat' dir='ltr'>celebrare</span> <span class='ocrx_word' id='word_1_123' title='bbox 1554 2562 1668 2624; x_wconf 91' lang='lat' dir='ltr'>de·-</span> 
     </span>
     <span class='ocr_line' id='line_1_28' title="bbox 469 2651 1668 2731; baseline -0.003 -16"><span class='ocrx_word' id='word_1_124' title='bbox 469 2652 688 2715; x_wconf 84' lang='lat' dir='ltr'>lectat.</span> <span class='ocrx_word' id='word_1_125' title='bbox 765 2651 876 2715; x_wconf 87' lang='lat' dir='ltr'>Re.</span> <span class='ocrx_word' id='word_1_126' title='bbox 912 2651 1362 2714; x_wconf 87' lang='lat' dir='ltr'>Tradiderunt</span> <span class='ocrx_word' id='word_1_127' title='bbox 1391 2670 1668 2731; x_wconf 84' lang='lat' dir='ltr'>corpora</span> 
     </span>
     <span class='ocr_line' id='line_1_29' title="bbox 469 2738 1666 2821; baseline -0.001 -19"><span class='ocrx_word' id='word_1_128' title='bbox 469 2759 592 2802; x_wconf 90' lang='lat' dir='ltr'>sua</span> <span class='ocrx_word' id='word_1_129' title='bbox 637 2749 905 2821; x_wconf 90' lang='lat' dir='ltr'>propter</span> <span class='ocrx_word' id='word_1_130' title='bbox 934 2739 1135 2801; x_wconf 90' lang='lat' dir='ltr'>deum</span> <span class='ocrx_word' id='word_1_131' title='bbox 1183 2738 1270 2801; x_wconf 92' lang='lat' dir='ltr'>ad</span> <span class='ocrx_word' id='word_1_132' title='bbox 1324 2738 1666 2819; x_wconf 89' lang='lat' dir='ltr'>supplicia.</span> 
     </span>
     <span class='ocr_line' id='line_1_30' title="bbox 472 2826 1668 2890; baseline -0.001 0"><span class='ocrx_word' id='word_1_133' title='bbox 472 2827 563 2890; x_wconf 92' lang='lat' dir='ltr'>Et</span> <span class='ocrx_word' id='word_1_134' title='bbox 631 2836 1008 2890; x_wconf 87' lang='lat' dir='ltr'>meruerunt</span> <span class='ocrx_word' id='word_1_135' title='bbox 1071 2826 1314 2889; x_wconf 91' lang='lat' dir='ltr'>habere</span> <span class='ocrx_word' id='word_1_136' title='bbox 1390 2846 1668 2889; x_wconf 90' lang='lat' dir='ltr'>coronas</span> 
     </span>
     <span class='ocr_line' id='line_1_31' title="bbox 468 2913 1667 3002; baseline -0.003 -23"><span class='ocrx_word' id='word_1_137' title='bbox 468 2925 836 2997; x_wconf 80' lang='lat' dir='ltr'>perpetuas,</span> <span class='ocrx_word' id='word_1_138' title='bbox 899 2933 945 3002; x_wconf 71' lang='lat' dir='ltr'><strong>y</strong></span> <span class='ocrx_word' id='word_1_139' title='bbox 980 2915 1100 2978; x_wconf 91' lang='lat' dir='ltr'>Isti</span> <span class='ocrx_word' id='word_1_140' title='bbox 1131 2913 1286 2978; x_wconf 84' lang='lat' dir='ltr'>sunt</span> <span class='ocrx_word' id='word_1_141' title='bbox 1318 2914 1430 2995; x_wconf 90' lang='lat' dir='ltr'>qui</span> <span class='ocrx_word' id='word_1_142' title='bbox 1467 2933 1667 2977; x_wconf 91' lang='lat' dir='ltr'>vene-</span> 
     </span>
     <span class='ocr_line' id='line_1_32' title="bbox 468 3002 1667 3085; baseline -0.002 -19"><span class='ocrx_word' id='word_1_143' title='bbox 468 3014 618 3067; x_wconf 89' lang='lat' dir='ltr'>runt</span> <span class='ocrx_word' id='word_1_144' title='bbox 671 3025 760 3068; x_wconf 89' lang='lat' dir='ltr'>ex</span> <span class='ocrx_word' id='word_1_145' title='bbox 815 3024 1062 3085; x_wconf 90' lang='lat' dir='ltr'>magna</span> <span class='ocrx_word' id='word_1_146' title='bbox 1120 3002 1548 3066; x_wconf 86' lang='lat' dir='ltr'>tribulatione</span> <span class='ocrx_word' id='word_1_147' title='bbox 1598 3011 1667 3064; x_wconf 90' lang='lat' dir='ltr'>et</span> 
     </span>
     <span class='ocr_line' id='line_1_33' title="bbox 465 3088 1667 3171; baseline -0.001 -17"><span class='ocrx_word' id='word_1_148' title='bbox 465 3091 768 3156; x_wconf 90' lang='lat' dir='ltr'>laverunt</span> <span class='ocrx_word' id='word_1_149' title='bbox 809 3092 1015 3155; x_wconf 86' lang='lat' dir='ltr'>stolas</span> <span class='ocrx_word' id='word_1_150' title='bbox 1057 3112 1212 3155; x_wconf 87' lang='lat' dir='ltr'>suas</span> <span class='ocrx_word' id='word_1_151' title='bbox 1244 3092 1311 3154; x_wconf 91' lang='lat' dir='ltr'>in</span> <span class='ocrx_word' id='word_1_152' title='bbox 1343 3088 1667 3171; x_wconf 89' lang='lat' dir='ltr'>sanguine</span> 
     </span>
     <span class='ocr_line' id='line_1_34' title="bbox 465 3177 1665 3262; baseline -0.002 -19"><span class='ocrx_word' id='word_1_153' title='bbox 465 3180 638 3262; x_wconf 85' lang='lat' dir='ltr'>agni.</span> <span class='ocrx_word' id='word_1_154' title='bbox 719 3180 826 3243; x_wconf 82' lang='lat' dir='ltr'>Et.</span> <span class='ocrx_word' id='word_1_155' title='bbox 1356 3177 1575 3241; x_wconf 85' lang='lat' dir='ltr'>Lectio</span> <span class='ocrx_word' id='word_1_156' title='bbox 1608 3198 1665 3241; x_wconf 84' lang='lat' dir='ltr'>v.</span> 
     </span>
     <span class='ocr_line' id='line_1_35' title="bbox 429 3266 1663 3346; baseline 0.002 -19"><span class='ocrx_word' id='word_1_157' title='bbox 429 3322 434 3327; x_wconf 90' lang='lat'>.</span> <span class='ocrx_word' id='word_1_158' title='bbox 627 3276 930 3332; x_wconf 88' lang='lat' dir='ltr'>nctorum</span> <span class='ocrx_word' id='word_1_159' title='bbox 965 3266 1266 3330; x_wconf 87' lang='lat' dir='ltr'>solennia</span> <span class='ocrx_word' id='word_1_160' title='bbox 1297 3275 1663 3346; x_wconf 88' lang='lat' dir='ltr'>martyrum</span> 
     </span>
     <span class='ocr_line' id='line_1_36' title="bbox 577 3354 1661 3418; baseline 0 -1"><span class='ocrx_word' id='word_1_161' title='bbox 577 3355 820 3418; x_wconf 91' lang='lat' dir='ltr'>idcirco</span> <span class='ocrx_word' id='word_1_162' title='bbox 880 3354 1210 3418; x_wconf 89' lang='lat' dir='ltr'>celebrare</span> <span class='ocrx_word' id='word_1_163' title='bbox 1270 3355 1498 3417; x_wconf 88' lang='lat' dir='ltr'>sanxit</span> <span class='ocrx_word' id='word_1_164' title='bbox 1557 3373 1661 3417; x_wconf 91' lang='lat' dir='ltr'>ec-</span> 
     </span>
     <span class='ocr_line' id='line_1_37' title="bbox 463 3441 1659 3524; baseline -0.002 -19"><span class='ocrx_word' id='word_1_165' title='bbox 463 3442 709 3505; x_wconf 89' lang='lat' dir='ltr'>clesia:</span> <span class='ocrx_word' id='word_1_166' title='bbox 811 3443 970 3524; x_wconf 90' lang='lat' dir='ltr'>quia</span> <span class='ocrx_word' id='word_1_167' title='bbox 1088 3441 1659 3523; x_wconf 87' lang='lat' dir='ltr'>quemadmodum</span> 
     </span>
     <span class='ocr_line' id='line_1_38' title="bbox 467 3528 1665 3611; baseline -0.002 -17"><span class='ocrx_word' id='word_1_168' title='bbox 467 3530 770 3595; x_wconf 89' lang='lat' dir='ltr'>Christus</span> <span class='ocrx_word' id='word_1_169' title='bbox 838 3538 990 3611; x_wconf 89' lang='lat' dir='ltr'>post</span> <span class='ocrx_word' id='word_1_170' title='bbox 1067 3528 1433 3591; x_wconf 90' lang='lat' dir='ltr'>mirabilem</span> <span class='ocrx_word' id='word_1_171' title='bbox 1513 3530 1665 3611; x_wconf 81' lang='lat' dir='ltr'>&#39;pas-</span> 
     </span>
     <span class='ocr_line' id='line_1_39' title="bbox 462 3617 1663 3682; baseline -0.002 0"><span class='ocrx_word' id='word_1_172' title='bbox 462 3619 667 3682; x_wconf 88' lang='lat' dir='ltr'>sionis</span> <span class='ocrx_word' id='word_1_173' title='bbox 712 3628 781 3681; x_wconf 89' lang='lat' dir='ltr'>et</span> <span class='ocrx_word' id='word_1_174' title='bbox 832 3617 1322 3680; x_wconf 89' lang='lat' dir='ltr'>resurrectionis</span> <span class='ocrx_word' id='word_1_175' title='bbox 1374 3637 1492 3680; x_wconf 90' lang='lat' dir='ltr'>sue</span> <span class='ocrx_word' id='word_1_176' title='bbox 1529 3617 1663 3680; x_wconf 91' lang='lat' dir='ltr'>dis-</span> 
     </span>
     <span class='ocr_line' id='line_1_40' title="bbox 463 3705 1663 3791; baseline -0.001 -21"><span class='ocrx_word' id='word_1_177' title='bbox 463 3708 862 3791; x_wconf 89' lang='lat' dir='ltr'>positionem</span> <span class='ocrx_word' id='word_1_178' title='bbox 887 3706 954 3768; x_wconf 91' lang='lat' dir='ltr'>in</span> <span class='ocrx_word' id='word_1_179' title='bbox 987 3715 1332 3789; x_wconf 90' lang='lat' dir='ltr'>paternam</span> <span class='ocrx_word' id='word_1_180' title='bbox 1364 3705 1663 3769; x_wconf 88' lang='lat' dir='ltr'>consedit</span> 
     </span>
     <span class='ocr_line' id='line_1_41' title="bbox 463 3794 1663 3875; baseline 0 -18"><span class='ocrx_word' id='word_1_181' title='bbox 463 3796 748 3859; x_wconf 87' lang='lat' dir='ltr'>dextera</span> <span class='ocrx_word' id='word_1_182' title='bbox 770 3794 796 3831; x_wconf 72' lang='lat'>²</span> <span class='ocrx_word' id='word_1_183' title='bbox 853 3794 948 3857; x_wconf 91' lang='lat' dir='ltr'>sic</span> <span class='ocrx_word' id='word_1_184' title='bbox 992 3803 1062 3857; x_wconf 91' lang='lat' dir='ltr'>et</span> <span class='ocrx_word' id='word_1_185' title='bbox 1123 3802 1448 3874; x_wconf 86' lang='lat' dir='ltr'>martyres</span> <span class='ocrx_word' id='word_1_186' title='bbox 1508 3802 1663 3875; x_wconf 91' lang='lat' dir='ltr'>post</span> 
     </span>
     <span class='ocr_line' id='line_1_42' title="bbox 461 3881 1661 3965; baseline -0.003 -19"><span class='ocrx_word' id='word_1_187' title='bbox 461 3902 713 3965; x_wconf 85' lang='lat' dir='ltr'>agones</span> <span class='ocrx_word' id='word_1_188' title='bbox 744 3903 900 3946; x_wconf 91' lang='lat' dir='ltr'>suos</span> <span class='ocrx_word' id='word_1_189' title='bbox 931 3882 998 3945; x_wconf 88' lang='lat' dir='ltr'>in</span> <span class='ocrx_word' id='word_1_190' title='bbox 1048 3881 1360 3947; x_wconf 91' lang='lat' dir='ltr'>celestem</span> <span class='ocrx_word' id='word_1_191' title='bbox 1416 3882 1661 3963; x_wconf 90' lang='lat' dir='ltr'>recepti</span> 
     </span>
     <span class='ocr_line' id='line_1_43' title="bbox 459 3970 1659 4054; baseline 0 -21"><span class='ocrx_word' id='word_1_192' title='bbox 459 3981 617 4034; x_wconf 91' lang='lat' dir='ltr'>sunt</span> <span class='ocrx_word' id='word_1_193' title='bbox 675 3971 976 4054; x_wconf 87' lang='lat' dir='ltr'>gloriam.</span> <span class='ocrx_word' id='word_1_194' title='bbox 1055 3971 1172 4035; x_wconf 88' lang='lat' dir='ltr'>Re.</span> <span class='ocrx_word' id='word_1_195' title='bbox 1264 3970 1496 4035; x_wconf 89' lang='lat' dir='ltr'>Sancti</span> <span class='ocrx_word' id='word_1_196' title='bbox 1559 3970 1659 4033; x_wconf 91' lang='lat' dir='ltr'>tui</span> 
     </span>
     <span class='ocr_line' id='line_1_44' title="bbox 458 4058 1662 4124; baseline -0.002 0"><span class='ocrx_word' id='word_1_197' title='bbox 458 4060 731 4124; x_wconf 91' lang='lat' dir='ltr'>domine</span> <span class='ocrx_word' id='word_1_198' title='bbox 780 4058 1078 4122; x_wconf 89' lang='lat' dir='ltr'>mirabile</span> <span class='ocrx_word' id='word_1_199' title='bbox 1119 4058 1454 4122; x_wconf 89' lang='lat' dir='ltr'>consecuti</span> <span class='ocrx_word' id='word_1_200' title='bbox 1503 4067 1662 4122; x_wconf 89' lang='lat' dir='ltr'>sunt</span> 
     </span>
     <span class='ocr_line' id='line_1_45' title="bbox 457 4146 1658 4229; baseline 0.001 -19"><span class='ocrx_word' id='word_1_201' title='bbox 457 4148 619 4211; x_wconf 88' lang='lat' dir='ltr'>iter:</span> <span class='ocrx_word' id='word_1_202' title='bbox 682 4148 1038 4210; x_wconf 89' lang='lat' dir='ltr'>servientes</span> <span class='ocrx_word' id='word_1_203' title='bbox 1099 4146 1426 4229; x_wconf 90' lang='lat' dir='ltr'>preceptis</span> <span class='ocrx_word' id='word_1_204' title='bbox 1487 4147 1658 4211; x_wconf 89' lang='lat' dir='ltr'>tuis:</span> 
     </span>
     <span class='ocr_line' id='line_1_46' title="bbox 456 4234 1659 4315; baseline -0.002 -16"><span class='ocrx_word' id='word_1_205' title='bbox 456 4244 532 4299; x_wconf 91' lang='lat' dir='ltr'>ut</span> <span class='ocrx_word' id='word_1_206' title='bbox 579 4235 1028 4299; x_wconf 87' lang='lat' dir='ltr'>invenirentur</span> <span class='ocrx_word' id='word_1_207' title='bbox 1087 4234 1252 4299; x_wconf 91' lang='lat' dir='ltr'>illesi</span> <span class='ocrx_word' id='word_1_208' title='bbox 1319 4236 1386 4297; x_wconf 93' lang='lat' dir='ltr'>in</span> <span class='ocrx_word' id='word_1_209' title='bbox 1465 4234 1659 4315; x_wconf 90' lang='lat' dir='ltr'>aquis</span> 
     </span>
     <span class='ocr_line' id='line_1_47' title="bbox 456 4321 1656 4405; baseline -0.003 -16"><span class='ocrx_word' id='word_1_210' title='bbox 456 4323 710 4389; x_wconf 82' lang='lat' dir='ltr'>validis,</span> <span class='ocrx_word' id='word_1_211' title='bbox 802 4323 1012 4387; x_wconf 91' lang='lat' dir='ltr'>Terra</span> <span class='ocrx_word' id='word_1_212' title='bbox 1063 4323 1370 4405; x_wconf 88' lang='lat' dir='ltr'>apparuit</span> <span class='ocrx_word' id='word_1_213' title='bbox 1431 4321 1656 4385; x_wconf 87' lang='lat' dir='ltr'>arida:</span> 
     </span>
    </p>
   </div>
   <div class='ocr_carea' id='block_1_4' title="bbox 559 4443 1661 4509">
    <p class='ocr_par' dir='ltr' id='par_1_4' title="bbox 559 4443 1661 4509">
     <span class='ocr_line' id='line_1_48' title="bbox 559 4443 1661 4509; baseline -0.003 -14"><span class='ocrx_word' id='word_1_214' title='bbox 559 4446 574 4476; x_wconf 92' lang='lat'><strong>¹</strong></span> <span class='ocrx_word' id='word_1_215' title='bbox 609 4452 960 4509; x_wconf 84' lang='lat' dir='ltr'>expectamus:</span> <span class='ocrx_word' id='word_1_216' title='bbox 995 4444 1078 4493; x_wconf 89' lang='lat' dir='ltr'>W.</span> <span class='ocrx_word' id='word_1_217' title='bbox 1217 4446 1238 4475; x_wconf 82' lang='lat'>²</span> <span class='ocrx_word' id='word_1_218' title='bbox 1269 4444 1556 4493; x_wconf 83' lang='lat' dir='ltr'>dexteram:</span> <span class='ocrx_word' id='word_1_219' title='bbox 1594 4443 1661 4493; x_wconf 89' lang='lat' dir='ltr'>K.</span> 
     </span>
    </p>
   </div>
   <div class='ocr_carea' id='block_1_5' title="bbox 2340 346 2443 403">
    <p class='ocr_par' dir='ltr' id='par_1_5' title="bbox 2340 346 2443 403">
     <span class='ocr_line' id='line_1_49' title="bbox 2340 346 2443 403; baseline -0.019 0"><span class='ocrx_word' id='word_1_220' title='bbox 2340 346 2443 403; x_wconf 79' lang='lat'>82</span> 
     </span>
    </p>
   </div>
   <div class='ocr_carea' id='block_1_6' title="bbox 1770 446 3092 536">
    <p class='ocr_par' dir='ltr' id='par_1_6' title="bbox 1770 446 3092 536">
     <span class='ocr_line' id='line_1_50' title="bbox 1770 446 3092 536; baseline 0.003 -24"><span class='ocrx_word' id='word_1_221' title='bbox 1770 456 1840 512; x_wconf 92' lang='lat' dir='ltr'>et</span> <span class='ocrx_word' id='word_1_222' title='bbox 1864 448 1931 512; x_wconf 92' lang='lat' dir='ltr'>in</span> <span class='ocrx_word' id='word_1_223' title='bbox 1954 448 2120 512; x_wconf 89' lang='lat' dir='ltr'>mari</span> <span class='ocrx_word' id='word_1_224' title='bbox 2146 448 2346 513; x_wconf 90' lang='lat' dir='ltr'>rubro</span> <span class='ocrx_word' id='word_1_225' title='bbox 2376 452 2517 516; x_wconf 80' lang='lat' dir='ltr'>via³</span> <span class='ocrx_word' id='word_1_226' title='bbox 2533 451 2676 515; x_wconf 91' lang='lat' dir='ltr'>sine</span> <span class='ocrx_word' id='word_1_227' title='bbox 2701 452 2981 536; x_wconf 90' lang='lat' dir='ltr'>impedi·</span> <span class='ocrx_word' id='word_1_228' title='bbox 3090 446 3092 455; x_wconf 80' lang='lat'>&#39;</span> 
     </span>
    </p>
   </div>
   <div class='ocr_carea' id='block_1_7' title="bbox 1766 538 2985 1593">
    <p class='ocr_par' dir='ltr' id='par_1_7' title="bbox 1772 538 2979 1021">
     <span class='ocr_line' id='line_1_51' title="bbox 1778 538 2977 623; baseline 0.007 -25"><span class='ocrx_word' id='word_1_229' title='bbox 1778 546 2025 601; x_wconf 74' lang='lat' dir='ltr'>mento·</span> <span class='ocrx_word' id='word_1_230' title='bbox 2134 554 2179 623; x_wconf 65' lang='grc' dir='ltr'>γ</span> <span class='ocrx_word' id='word_1_231' title='bbox 2251 538 2612 603; x_wconf 89' lang='lat' dir='ltr'>Victricem</span> <span class='ocrx_word' id='word_1_232' title='bbox 2706 561 2977 606; x_wconf 89' lang='lat' dir='ltr'>manum</span> 
     </span>
     <span class='ocr_line' id='line_1_52' title="bbox 1775 625 2979 711; baseline 0.006 -24"><span class='ocrx_word' id='word_1_233' title='bbox 1775 634 1964 688; x_wconf 87' lang='lat' dir='ltr'>tuam</span> <span class='ocrx_word' id='word_1_234' title='bbox 2056 625 2495 691; x_wconf 89' lang='lat' dir='ltr'>laudaverunt</span> <span class='ocrx_word' id='word_1_235' title='bbox 2588 630 2842 711; x_wconf 87' lang='lat' dir='ltr'>pariter</span> <span class='ocrx_word' id='word_1_236' title='bbox 2912 639 2979 694; x_wconf 91' lang='lat' dir='ltr'>et</span> 
     </span>
     <span class='ocr_line' id='line_1_53' title="bbox 1777 713 2977 781; baseline 0.005 -6"><span class='ocrx_word' id='word_1_237' title='bbox 1777 713 2299 777; x_wconf 86' lang='lat' dir='ltr'>decantaverunt</span> <span class='ocrx_word' id='word_1_238' title='bbox 2381 716 2654 780; x_wconf 90' lang='lat' dir='ltr'>domine</span> <span class='ocrx_word' id='word_1_239' title='bbox 2734 738 2977 781; x_wconf 87' lang='lat' dir='ltr'>nomen</span> 
     </span>
     <span class='ocr_line' id='line_1_54' title="bbox 1774 803 2975 887; baseline 0.004 -24"><span class='ocrx_word' id='word_1_240' title='bbox 1774 812 2079 865; x_wconf 85' lang='lat' dir='ltr'>sanctum</span> <span class='ocrx_word' id='word_1_241' title='bbox 2112 810 2321 866; x_wconf 90' lang='lat' dir='ltr'>tuum.</span> <span class='ocrx_word' id='word_1_242' title='bbox 2366 803 2589 867; x_wconf 89' lang='lat' dir='ltr'>Terra.</span> <span class='ocrx_word' id='word_1_243' title='bbox 2654 805 2939 868; x_wconf 76' lang='lat' dir='ltr'>Lecti10</span> <span class='ocrx_word' id='word_1_244' title='bbox 2894 807 2975 887; x_wconf 66' lang='lat' dir='ltr'>vj.</span> 
     </span>
     <span class='ocr_line' id='line_1_55' title="bbox 1772 890 2985 1021; baseline 0.005 -70"><span class='ocrx_word' id='word_1_245' title='bbox 1772 890 2065 1021; x_wconf 43' lang='lat' dir='ltr'>&amp;neti</span> <span class='ocrx_word' id='word_1_246' title='bbox 2120 890 2393 971; x_wconf 85' lang='lat' dir='ltr'>quidem</span> <span class='ocrx_word' id='word_1_247' title='bbox 2448 902 2777 973; x_wconf 87' lang='lat' dir='ltr'>martyres</span> <span class='ocrx_word' id='word_1_248' title='bbox 2839 914 2985 957; x_wconf 88' lang='lat' dir='ltr'>ver-</span> 
     </span>
    </p>

    <p class='ocr_par' dir='ltr' id='par_1_8' title="bbox 1766 976 2977 1593">
     <span class='ocr_line' id='line_1_56' title="bbox 1888 976 2977 1045; baseline 0.002 -4"><span class='ocrx_word' id='word_1_249' title='bbox 1888 976 2327 1041; x_wconf 89' lang='lat' dir='ltr'>berabantur⁴</span> <span class='ocrx_word' id='word_1_250' title='bbox 2355 979 2677 1043; x_wconf 83' lang='lat' dir='ltr'>fustibus:</span> <span class='ocrx_word' id='word_1_251' title='bbox 2714 982 2828 1044; x_wconf 92' lang='lat' dir='ltr'>alii</span> <span class='ocrx_word' id='word_1_252' title='bbox 2854 983 2977 1045; x_wconf 90' lang='lat' dir='ltr'>vir-</span> 
     </span>
     <span class='ocr_line' id='line_1_57' title="bbox 1773 1063 2975 1147; baseline 0.005 -20"><span class='ocrx_word' id='word_1_253' title='bbox 1773 1063 1914 1145; x_wconf 88' lang='lat' dir='ltr'>gis:</span> <span class='ocrx_word' id='word_1_254' title='bbox 1995 1064 2349 1147; x_wconf 88' lang='lat' dir='ltr'>flagrisque</span> <span class='ocrx_word' id='word_1_255' title='bbox 2430 1067 2581 1133; x_wconf 89' lang='lat' dir='ltr'>alii:</span> <span class='ocrx_word' id='word_1_256' title='bbox 2674 1070 2975 1133; x_wconf 90' lang='lat' dir='ltr'>nonnulli</span> 
     </span>
     <span class='ocr_line' id='line_1_58' title="bbox 1774 1152 2976 1239; baseline 0.005 -24"><span class='ocrx_word' id='word_1_257' title='bbox 1774 1152 1929 1215; x_wconf 87' lang='lat' dir='ltr'>loris</span> <span class='ocrx_word' id='word_1_258' title='bbox 1959 1155 2208 1216; x_wconf 89' lang='lat' dir='ltr'>astricti</span> <span class='ocrx_word' id='word_1_259' title='bbox 2234 1154 2340 1217; x_wconf 92' lang='lat' dir='ltr'>vel</span> <span class='ocrx_word' id='word_1_260' title='bbox 2375 1154 2638 1219; x_wconf 86' lang='lat' dir='ltr'>funibus</span> <span class='ocrx_word' id='word_1_261' title='bbox 2664 1159 2976 1239; x_wconf 88' lang='lat' dir='ltr'>appensi:</span> 
     </span>
     <span class='ocr_line' id='line_1_59' title="bbox 1766 1239 2977 1327; baseline 0.005 -24"><span class='ocrx_word' id='word_1_262' title='bbox 1766 1239 2147 1324; x_wconf 88' lang='lat' dir='ltr'>junctisque</span> <span class='ocrx_word' id='word_1_263' title='bbox 2172 1244 2477 1306; x_wconf 88' lang='lat' dir='ltr'>manibus</span> <span class='ocrx_word' id='word_1_264' title='bbox 2500 1242 2612 1306; x_wconf 89' lang='lat' dir='ltr'>alii</span> <span class='ocrx_word' id='word_1_265' title='bbox 2638 1246 2977 1327; x_wconf 88' lang='lat' dir='ltr'>appende·</span> 
     </span>
     <span class='ocr_line' id='line_1_60' title="bbox 1776 1329 2977 1397; baseline 0.005 -6"><span class='ocrx_word' id='word_1_266' title='bbox 1776 1329 2055 1393; x_wconf 89' lang='lat' dir='ltr'>bantur:</span> <span class='ocrx_word' id='word_1_267' title='bbox 2090 1340 2157 1394; x_wconf 92' lang='lat' dir='ltr'>et</span> <span class='ocrx_word' id='word_1_268' title='bbox 2175 1331 2441 1394; x_wconf 87' lang='lat' dir='ltr'>trocleis</span> <span class='ocrx_word' id='word_1_269' title='bbox 2470 1332 2745 1395; x_wconf 89' lang='lat' dir='ltr'>distenti</span> <span class='ocrx_word' id='word_1_270' title='bbox 2768 1354 2977 1397; x_wconf 82' lang='lat' dir='ltr'>mem-</span> 
     </span>
     <span class='ocr_line' id='line_1_61' title="bbox 1774 1416 2975 1502; baseline 0.003 -23"><span class='ocrx_word' id='word_1_271' title='bbox 1774 1416 2015 1481; x_wconf 89' lang='lat' dir='ltr'>bratim</span> <span class='ocrx_word' id='word_1_272' title='bbox 2047 1419 2548 1482; x_wconf 88' lang='lat' dir='ltr'>divellebantur.</span> <span class='ocrx_word' id='word_1_273' title='bbox 2622 1420 2740 1485; x_wconf 82' lang='lat' dir='ltr'>Re.</span> <span class='ocrx_word' id='word_1_274' title='bbox 2805 1421 2975 1502; x_wconf 91' lang='lat' dir='ltr'>Justi</span> 
     </span>
     <span class='ocr_line' id='line_1_62' title="bbox 1774 1506 2975 1593; baseline 0.005 -27"><span class='ocrx_word' id='word_1_275' title='bbox 1774 1506 1841 1567; x_wconf 91' lang='lat' dir='ltr'>in</span> <span class='ocrx_word' id='word_1_276' title='bbox 1904 1516 2301 1587; x_wconf 89' lang='lat' dir='ltr'>perpetuum</span> <span class='ocrx_word' id='word_1_277' title='bbox 2363 1508 2627 1572; x_wconf 91' lang='lat' dir='ltr'>vivent:</span> <span class='ocrx_word' id='word_1_278' title='bbox 2678 1518 2749 1571; x_wconf 90' lang='lat' dir='ltr'>et</span> <span class='ocrx_word' id='word_1_279' title='bbox 2796 1511 2975 1593; x_wconf 88' lang='lat' dir='ltr'>apud</span> 
     </span>
    </p>
   </div>
   <div class='ocr_carea' id='block_1_8' title="bbox 1773 1580 3093 1661">
    <p class='ocr_par' dir='ltr' id='par_1_9' title="bbox 1773 1580 3093 1661">
     <span class='ocr_line' id='line_1_63' title="bbox 1773 1580 3093 1661; baseline 0.005 -6"><span class='ocrx_word' id='word_1_280' title='bbox 1773 1593 2120 1657; x_wconf 89' lang='lat' dir='ltr'>dominum</span> <span class='ocrx_word' id='word_1_281' title='bbox 2150 1604 2253 1658; x_wconf 92' lang='lat' dir='ltr'>est</span> <span class='ocrx_word' id='word_1_282' title='bbox 2286 1614 2535 1658; x_wconf 87' lang='lat' dir='ltr'>merces</span> <span class='ocrx_word' id='word_1_283' title='bbox 2566 1616 2818 1660; x_wconf 88' lang='lat' dir='ltr'>eorum.</span> <span class='ocrx_word' id='word_1_284' title='bbox 2892 1598 2976 1661; x_wconf 85' lang='lat' dir='ltr'>Et</span> <span class='ocrx_word' id='word_1_285' title='bbox 3084 1580 3093 1649; x_wconf 63' lang='lat'>33</span> 
     </span>
    </p>
   </div>
   <div class='ocr_carea' id='block_1_9' title="bbox 1770 1682 2979 1941">
    <p class='ocr_par' dir='ltr' id='par_1_10' title="bbox 1770 1682 2979 1941">
     <span class='ocr_line' id='line_1_64' title="bbox 1774 1682 2971 1766; baseline 0.003 -21"><span class='ocrx_word' id='word_1_286' title='bbox 1774 1682 2089 1763; x_wconf 89' lang='lat' dir='ltr'>cogitatio</span> <span class='ocrx_word' id='word_1_287' title='bbox 2173 1703 2401 1746; x_wconf 90' lang='lat' dir='ltr'>eorum</span> <span class='ocrx_word' id='word_1_288' title='bbox 2480 1685 2657 1766; x_wconf 88' lang='lat' dir='ltr'>apud</span> <span class='ocrx_word' id='word_1_289' title='bbox 2736 1686 2971 1748; x_wconf 88' lang='lat' dir='ltr'>altissi-</span> 
     </span>
     <span class='ocr_line' id='line_1_65' title="bbox 1774 1770 2977 1857; baseline 0.005 -26"><span class='ocrx_word' id='word_1_290' title='bbox 1774 1788 1973 1832; x_wconf 90' lang='lat' dir='ltr'>mum.</span> <span class='ocrx_word' id='word_1_291' title='bbox 2051 1786 2100 1857; x_wconf 70' lang='grc' dir='ltr'>γ</span> <span class='ocrx_word' id='word_1_292' title='bbox 2132 1770 2299 1834; x_wconf 91' lang='lat' dir='ltr'>Ideo</span> <span class='ocrx_word' id='word_1_293' title='bbox 2330 1772 2656 1853; x_wconf 90' lang='lat' dir='ltr'>accipient</span> <span class='ocrx_word' id='word_1_294' title='bbox 2694 1792 2977 1854; x_wconf 89' lang='lat' dir='ltr'>regnum</span> 
     </span>
     <span class='ocr_line' id='line_1_66' title="bbox 1770 1857 2979 1941; baseline 0.006 -23"><span class='ocrx_word' id='word_1_295' title='bbox 1770 1857 2025 1920; x_wconf 88' lang='lat' dir='ltr'>decoris</span> <span class='ocrx_word' id='word_1_296' title='bbox 2086 1868 2153 1921; x_wconf 92' lang='lat' dir='ltr'>et</span> <span class='ocrx_word' id='word_1_297' title='bbox 2212 1860 2524 1923; x_wconf 88' lang='lat' dir='ltr'>diadema</span> <span class='ocrx_word' id='word_1_298' title='bbox 2584 1862 2831 1941; x_wconf 89' lang='lat' dir='ltr'>speciei</span> <span class='ocrx_word' id='word_1_299' title='bbox 2897 1862 2979 1925; x_wconf 89' lang='lat' dir='ltr'>de</span> 
     </span>
    </p>
   </div>
   <div class='ocr_carea' id='block_1_10' title="bbox 1771 1946 3092 2021">
    <p class='ocr_par' dir='ltr' id='par_1_11' title="bbox 1771 1946 3092 2021">
     <span class='ocr_line' id='line_1_67' title="bbox 1771 1946 3092 2021; baseline 0.005 -14"><span class='ocrx_word' id='word_1_300' title='bbox 1771 1964 1973 2008; x_wconf 91' lang='lat' dir='ltr'>manu</span> <span class='ocrx_word' id='word_1_301' title='bbox 1998 1946 2271 2010; x_wconf 91' lang='lat' dir='ltr'>domini.</span> <span class='ocrx_word' id='word_1_302' title='bbox 2320 1946 2426 2011; x_wconf 86' lang='lat' dir='ltr'>Et.</span> <span class='ocrx_word' id='word_1_303' title='bbox 2490 1946 2719 2011; x_wconf 88' lang='lat' dir='ltr'>Gloria</span> <span class='ocrx_word' id='word_1_304' title='bbox 2745 1949 2895 2012; x_wconf 89' lang='lat' dir='ltr'>laus</span> <span class='ocrx_word' id='word_1_305' title='bbox 2912 1960 2981 2013; x_wconf 90' lang='lat' dir='ltr'>et</span> <span class='ocrx_word' id='word_1_306' title='bbox 3090 1996 3092 2021; x_wconf 39' lang='grc' dir='ltr'>Ι</span> 
     </span>
    </p>
   </div>
   <div class='ocr_carea' id='block_1_11' title="bbox 1768 2024 2979 2379">
    <p class='ocr_par' dir='ltr' id='par_1_12' title="bbox 1768 2024 2979 2379">
     <span class='ocr_line' id='line_1_68' title="bbox 1770 2024 2979 2118; baseline 0.005 -23"><span class='ocrx_word' id='word_1_307' title='bbox 1770 2024 1981 2096; x_wconf 78' lang='lat' dir='ltr'>honor</span> <span class='ocrx_word' id='word_1_308' title='bbox 2002 2034 2205 2097; x_wconf 89' lang='lat' dir='ltr'>decus</span> <span class='ocrx_word' id='word_1_309' title='bbox 2250 2043 2547 2117; x_wconf 86' lang='lat' dir='ltr'>potestas</span> <span class='ocrx_word' id='word_1_310' title='bbox 2570 2045 2639 2098; x_wconf 93' lang='lat' dir='ltr'>et</span> <span class='ocrx_word' id='word_1_311' title='bbox 2664 2036 2979 2118; x_wconf 87' lang='lat' dir='ltr'>jubilatio</span> 
     </span>
     <span class='ocr_line' id='line_1_69' title="bbox 1770 2122 2975 2205; baseline 0.004 -22"><span class='ocrx_word' id='word_1_312' title='bbox 1770 2122 1941 2203; x_wconf 91' lang='lat' dir='ltr'>patri</span> <span class='ocrx_word' id='word_1_313' title='bbox 1982 2130 2051 2184; x_wconf 88' lang='lat' dir='ltr'>et</span> <span class='ocrx_word' id='word_1_314' title='bbox 2097 2132 2257 2186; x_wconf 89' lang='lat' dir='ltr'>nato</span> <span class='ocrx_word' id='word_1_315' title='bbox 2298 2130 2369 2185; x_wconf 90' lang='lat' dir='ltr'>et</span> <span class='ocrx_word' id='word_1_316' title='bbox 2412 2123 2671 2205; x_wconf 89' lang='lat' dir='ltr'>spiritui</span> <span class='ocrx_word' id='word_1_317' title='bbox 2718 2135 2975 2189; x_wconf 89' lang='lat' dir='ltr'>sancto.</span> 
     </span>
     <span class='ocr_line' id='line_1_70' title="bbox 1771 2208 2727 2291; baseline 0.003 -20"><span class='ocrx_word' id='word_1_318' title='bbox 1771 2208 1879 2272; x_wconf 85' lang='lat' dir='ltr'>Et.</span> <span class='ocrx_word' id='word_1_319' title='bbox 1969 2209 2055 2272; x_wconf 87' lang='lat' dir='ltr'>In</span> <span class='ocrx_word' id='word_1_320' title='bbox 2109 2209 2201 2291; x_wconf 64' lang='grc' dir='ltr'>εἰ]</span> <span class='ocrx_word' id='word_1_321' title='bbox 2240 2219 2564 2273; x_wconf 67' lang='lat' dir='ltr'>nocturna</span> <span class='ocrx_word' id='word_1_322' title='bbox 2618 2220 2727 2275; x_wconf 76' lang='grc' dir='ltr'>αῆ.</span> 
     </span>
     <span class='ocr_line' id='line_1_71' title="bbox 1768 2297 2979 2379; baseline 0.002 -18"><span class='ocrx_word' id='word_1_323' title='bbox 1768 2305 1871 2361; x_wconf 89' lang='lat' dir='ltr'>est</span> <span class='ocrx_word' id='word_1_324' title='bbox 1911 2297 2254 2379; x_wconf 90' lang='lat' dir='ltr'>generatio</span> <span class='ocrx_word' id='word_1_325' title='bbox 2298 2300 2717 2379; x_wconf 88' lang='lat' dir='ltr'>querentium</span> <span class='ocrx_word' id='word_1_326' title='bbox 2759 2300 2979 2364; x_wconf 84' lang='lat' dir='ltr'>domi-</span> 
     </span>
    </p>
   </div>
   <div class='ocr_carea' id='block_1_12' title="bbox 1770 2385 3092 2468">
    <p class='ocr_par' dir='ltr' id='par_1_13' title="bbox 1770 2385 3092 2468">
     <span class='ocr_line' id='line_1_72' title="bbox 1770 2385 3092 2468; baseline 0.003 -21"><span class='ocrx_word' id='word_1_327' title='bbox 1770 2403 1975 2449; x_wconf 89' lang='lat' dir='ltr'>num:</span> <span class='ocrx_word' id='word_1_328' title='bbox 2052 2386 2471 2468; x_wconf 84' lang='lat' dir='ltr'>querentium</span> <span class='ocrx_word' id='word_1_329' title='bbox 2554 2385 2795 2451; x_wconf 84' lang='lat' dir='ltr'>faciem</span> <span class='ocrx_word' id='word_1_330' title='bbox 2870 2389 2977 2453; x_wconf 91' lang='lat' dir='ltr'>dei</span> <span class='ocrx_word' id='word_1_331' title='bbox 3090 2434 3092 2443; x_wconf 83' lang='lat'><em>.</em></span> 
     </span>
    </p>
   </div>
   <div class='ocr_carea' id='block_1_13' title="bbox 1760 2472 2977 3417">
    <p class='ocr_par' dir='ltr' id='par_1_14' title="bbox 1760 2472 2977 3417">
     <span class='ocr_line' id='line_1_73' title="bbox 1762 2472 2976 2554; baseline 0.004 -19"><span class='ocrx_word' id='word_1_332' title='bbox 1762 2472 1979 2553; x_wconf 89' lang='lat' dir='ltr'>jacob.</span> <span class='ocrx_word' id='word_1_333' title='bbox 2027 2482 2129 2554; x_wconf 64' lang='lat' dir='ltr'>pf.</span> <span class='ocrx_word' id='word_1_334' title='bbox 2179 2474 2453 2537; x_wconf 89' lang='lat' dir='ltr'>Domini</span> <span class='ocrx_word' id='word_1_335' title='bbox 2484 2484 2587 2537; x_wconf 91' lang='lat' dir='ltr'>est</span> <span class='ocrx_word' id='word_1_336' title='bbox 2620 2484 2814 2539; x_wconf 87' lang='lat' dir='ltr'>terra.</span> <span class='ocrx_word' id='word_1_337' title='bbox 2842 2478 2907 2539; x_wconf 82' lang='lat' dir='ltr'><em>A</em></span> <span class='ocrx_word' id='word_1_338' title='bbox 2918 2486 2976 2540; x_wconf 79' lang='grc' dir='ltr'>ῆ.</span> 
     </span>
     <span class='ocr_line' id='line_1_74' title="bbox 1771 2560 2977 2629; baseline 0.005 -6"><span class='ocrx_word' id='word_1_339' title='bbox 1771 2560 2105 2623; x_wconf 89' lang='lat' dir='ltr'>Letamini</span> <span class='ocrx_word' id='word_1_340' title='bbox 2138 2562 2204 2625; x_wconf 92' lang='lat' dir='ltr'>in</span> <span class='ocrx_word' id='word_1_341' title='bbox 2237 2561 2509 2625; x_wconf 91' lang='lat' dir='ltr'>domino</span> <span class='ocrx_word' id='word_1_342' title='bbox 2550 2571 2620 2626; x_wconf 88' lang='lat' dir='ltr'>et</span> <span class='ocrx_word' id='word_1_343' title='bbox 2666 2565 2977 2629; x_wconf 89' lang='lat' dir='ltr'>exultate</span> 
     </span>
     <span class='ocr_line' id='line_1_75' title="bbox 1760 2648 2977 2731; baseline 0.004 -20"><span class='ocrx_word' id='word_1_344' title='bbox 1760 2648 1964 2729; x_wconf 88' lang='lat' dir='ltr'>justi:</span> <span class='ocrx_word' id='word_1_345' title='bbox 2013 2658 2082 2713; x_wconf 93' lang='lat' dir='ltr'>et</span> <span class='ocrx_word' id='word_1_346' title='bbox 2126 2649 2499 2731; x_wconf 87' lang='lat' dir='ltr'>gloriamini</span> <span class='ocrx_word' id='word_1_347' title='bbox 2546 2671 2781 2715; x_wconf 88' lang='lat' dir='ltr'>omnes</span> <span class='ocrx_word' id='word_1_348' title='bbox 2816 2654 2977 2716; x_wconf 90' lang='lat' dir='ltr'>recti</span> 
     </span>
     <span class='ocr_line' id='line_1_76' title="bbox 1767 2738 2973 2821; baseline 0.005 -23"><span class='ocrx_word' id='word_1_349' title='bbox 1767 2738 1983 2801; x_wconf 88' lang='lat' dir='ltr'>corde.</span> <span class='ocrx_word' id='word_1_350' title='bbox 2062 2747 2164 2819; x_wconf 64' lang='lat' dir='ltr'>pf.</span> <span class='ocrx_word' id='word_1_351' title='bbox 2228 2738 2417 2801; x_wconf 89' lang='lat' dir='ltr'>Beati</span> <span class='ocrx_word' id='word_1_352' title='bbox 2477 2759 2783 2821; x_wconf 89' lang='lat' dir='ltr'>quorum.</span> <span class='ocrx_word' id='word_1_353' title='bbox 2840 2742 2973 2804; x_wconf 75' lang='grc' dir='ltr'>Αῆ.</span> 
     </span>
     <span class='ocr_line' id='line_1_77' title="bbox 1771 2824 2975 2909; baseline 0.005 -23"><span class='ocrx_word' id='word_1_354' title='bbox 1771 2824 1892 2887; x_wconf 89' lang='lat' dir='ltr'>Isti</span> <span class='ocrx_word' id='word_1_355' title='bbox 1953 2833 2109 2888; x_wconf 91' lang='lat' dir='ltr'>sunt</span> <span class='ocrx_word' id='word_1_356' title='bbox 2169 2826 2381 2890; x_wconf 90' lang='lat' dir='ltr'>sancti</span> <span class='ocrx_word' id='word_1_357' title='bbox 2431 2829 2545 2907; x_wconf 90' lang='lat' dir='ltr'>qui</span> <span class='ocrx_word' id='word_1_358' title='bbox 2590 2846 2715 2909; x_wconf 90' lang='lat' dir='ltr'>pro</span> <span class='ocrx_word' id='word_1_359' title='bbox 2764 2836 2975 2893; x_wconf 89' lang='lat' dir='ltr'>testa-</span> 
     </span>
     <span class='ocr_line' id='line_1_78' title="bbox 1767 2912 2973 2996; baseline 0.005 -22"><span class='ocrx_word' id='word_1_360' title='bbox 1767 2922 1997 2975; x_wconf 91' lang='lat' dir='ltr'>mento</span> <span class='ocrx_word' id='word_1_361' title='bbox 2038 2912 2146 2977; x_wconf 92' lang='lat' dir='ltr'>dei</span> <span class='ocrx_word' id='word_1_362' title='bbox 2192 2934 2310 2976; x_wconf 88' lang='lat' dir='ltr'>sua</span> <span class='ocrx_word' id='word_1_363' title='bbox 2354 2934 2633 2996; x_wconf 88' lang='lat' dir='ltr'>corpora</span> <span class='ocrx_word' id='word_1_364' title='bbox 2672 2918 2973 2980; x_wconf 88' lang='lat' dir='ltr'>tradide-</span> 
     </span>
     <span class='ocr_line' id='line_1_79' title="bbox 1766 3002 2974 3085; baseline 0.005 -23"><span class='ocrx_word' id='word_1_365' title='bbox 1766 3008 1957 3064; x_wconf 89' lang='lat' dir='ltr'>runt:</span> <span class='ocrx_word' id='word_1_366' title='bbox 1990 3009 2058 3063; x_wconf 86' lang='lat' dir='ltr'>et</span> <span class='ocrx_word' id='word_1_367' title='bbox 2119 3002 2183 3064; x_wconf 89' lang='lat' dir='ltr'>in</span> <span class='ocrx_word' id='word_1_368' title='bbox 2234 3002 2557 3084; x_wconf 90' lang='lat' dir='ltr'>sanguine</span> <span class='ocrx_word' id='word_1_369' title='bbox 2590 3004 2749 3085; x_wconf 89' lang='lat' dir='ltr'>agni</span> <span class='ocrx_word' id='word_1_370' title='bbox 2796 3004 2974 3068; x_wconf 90' lang='lat' dir='ltr'>lave-</span> 
     </span>
     <span class='ocr_line' id='line_1_80' title="bbox 1766 3088 2977 3171; baseline 0.005 -21"><span class='ocrx_word' id='word_1_371' title='bbox 1766 3098 1919 3151; x_wconf 89' lang='lat' dir='ltr'>runt</span> <span class='ocrx_word' id='word_1_372' title='bbox 1942 3088 2146 3152; x_wconf 89' lang='lat' dir='ltr'>stolas</span> <span class='ocrx_word' id='word_1_373' title='bbox 2176 3109 2346 3153; x_wconf 79' lang='lat' dir='ltr'>suas,</span> <span class='ocrx_word' id='word_1_374' title='bbox 2402 3098 2503 3171; x_wconf 64' lang='lat' dir='ltr'>pf.</span> <span class='ocrx_word' id='word_1_375' title='bbox 2539 3090 2727 3154; x_wconf 91' lang='lat' dir='ltr'>Deus</span> <span class='ocrx_word' id='word_1_376' title='bbox 2774 3113 2977 3156; x_wconf 88' lang='lat' dir='ltr'>vene-</span> 
     </span>
     <span class='ocr_line' id='line_1_81' title="bbox 1766 3176 2975 3261; baseline 0.005 -23"><span class='ocrx_word' id='word_1_377' title='bbox 1766 3185 1933 3240; x_wconf 88' lang='lat' dir='ltr'>runt.</span> <span class='ocrx_word' id='word_1_378' title='bbox 1960 3194 2006 3261; x_wconf 61' lang='lat' dir='ltr'>y</span> <span class='ocrx_word' id='word_1_379' title='bbox 2035 3176 2375 3258; x_wconf 90' lang='lat' dir='ltr'>Justorum</span> <span class='ocrx_word' id='word_1_380' title='bbox 2409 3178 2631 3240; x_wconf 90' lang='lat' dir='ltr'>anime</span> <span class='ocrx_word' id='word_1_381' title='bbox 2661 3179 2733 3241; x_wconf 89' lang='lat' dir='ltr'>in</span> <span class='ocrx_word' id='word_1_382' title='bbox 2766 3200 2975 3244; x_wconf 87' lang='lat' dir='ltr'>manu</span> 
     </span>
     <span class='ocr_line' id='line_1_82' title="bbox 1765 3264 2977 3348; baseline 0.003 -21"><span class='ocrx_word' id='word_1_383' title='bbox 1765 3264 1872 3327; x_wconf 89' lang='lat' dir='ltr'>dei</span> <span class='ocrx_word' id='word_1_384' title='bbox 1927 3275 2097 3328; x_wconf 88' lang='lat' dir='ltr'>sunt.</span> <span class='ocrx_word' id='word_1_385' title='bbox 2192 3265 2281 3327; x_wconf 88' lang='lat' dir='ltr'>Et</span> <span class='ocrx_word' id='word_1_386' title='bbox 2336 3285 2468 3328; x_wconf 91' lang='lat' dir='ltr'>non</span> <span class='ocrx_word' id='word_1_387' title='bbox 2524 3274 2763 3348; x_wconf 89' lang='lat' dir='ltr'>tanget</span> <span class='ocrx_word' id='word_1_388' title='bbox 2831 3268 2977 3331; x_wconf 89' lang='lat' dir='ltr'>illos</span> 
     </span>
     <span class='ocr_line' id='line_1_83' title="bbox 1764 3352 2484 3417; baseline 0.003 -2"><span class='ocrx_word' id='word_1_389' title='bbox 1764 3360 2173 3416; x_wconf 90' lang='lat' dir='ltr'>tormentum</span> <span class='ocrx_word' id='word_1_390' title='bbox 2208 3352 2484 3417; x_wconf 89' lang='lat' dir='ltr'>malicie.</span> 
     </span>
    </p>
   </div>
   <div class='ocr_carea' id='block_1_14' title="bbox 1760 3440 2977 3572">
    <p class='ocr_par' dir='ltr' id='par_1_15' title="bbox 1760 3440 2977 3572">
     <span class='ocr_line' id='line_1_84' title="bbox 1760 3440 2977 3572; baseline 0.005 -71"><span class='ocrx_word' id='word_1_391' title='bbox 1760 3443 1905 3572; x_wconf 76' lang='lat' dir='ltr'>ln</span> <span class='ocrx_word' id='word_1_392' title='bbox 1942 3440 2053 3504; x_wconf 89' lang='lat' dir='ltr'>illo</span> <span class='ocrx_word' id='word_1_393' title='bbox 2082 3452 2249 3505; x_wconf 88' lang='lat' dir='ltr'>tem·</span> <span class='ocrx_word' id='word_1_394' title='bbox 2284 3440 2681 3523; x_wconf 80' lang='lat' dir='ltr'>[Secundum</span> <span class='ocrx_word' id='word_1_395' title='bbox 2712 3442 2977 3507; x_wconf 66' lang='lat' dir='ltr'>lucams&#39;·</span> 
     </span>
    </p>
   </div>
   <div class='ocr_carea' id='block_1_15' title="bbox 1867 3530 3088 3611">
    <p class='ocr_par' dir='ltr' id='par_1_16' title="bbox 1867 3530 3088 3611">
     <span class='ocr_line' id='line_1_85' title="bbox 1867 3530 3088 3611; baseline 0.004 -20"><span class='ocrx_word' id='word_1_396' title='bbox 1867 3550 2044 3611; x_wconf 89' lang='lat' dir='ltr'>pore.</span> <span class='ocrx_word' id='word_1_397' title='bbox 2133 3530 2565 3593; x_wconf 89' lang='lat' dir='ltr'>Descendens</span> <span class='ocrx_word' id='word_1_398' title='bbox 2623 3530 2829 3611; x_wconf 89' lang='lat' dir='ltr'>Jesus</span> <span class='ocrx_word' id='word_1_399' title='bbox 2894 3534 2975 3595; x_wconf 90' lang='lat' dir='ltr'>de</span> <span class='ocrx_word' id='word_1_400' title='bbox 3085 3568 3088 3575; x_wconf 89' lang='lat'>-</span> 
     </span>
    </p>
   </div>
   <div class='ocr_carea' id='block_1_16' title="bbox 1756 3618 2975 4499">
    <p class='ocr_par' dir='ltr' id='par_1_17' title="bbox 1758 3618 2973 4189">
     <span class='ocr_line' id='line_1_86' title="bbox 1766 3618 2973 3701; baseline 0.004 -22"><span class='ocrx_word' id='word_1_401' title='bbox 1766 3627 2031 3681; x_wconf 91' lang='lat' dir='ltr'>monte:</span> <span class='ocrx_word' id='word_1_402' title='bbox 2077 3618 2261 3680; x_wconf 90' lang='lat' dir='ltr'>stetit</span> <span class='ocrx_word' id='word_1_403' title='bbox 2288 3618 2351 3679; x_wconf 91' lang='lat' dir='ltr'>in</span> <span class='ocrx_word' id='word_1_404' title='bbox 2385 3618 2533 3681; x_wconf 91' lang='lat' dir='ltr'>loco</span> <span class='ocrx_word' id='word_1_405' title='bbox 2565 3622 2931 3701; x_wconf 85' lang='lat' dir='ltr'>campestri</span> <span class='ocrx_word' id='word_1_406' title='bbox 2958 3642 2973 3683; x_wconf 92' lang='lat'>:</span> 
     </span>
     <span class='ocr_line' id='line_1_87' title="bbox 1763 3704 2971 3788; baseline 0.003 -21"><span class='ocrx_word' id='word_1_407' title='bbox 1763 3713 1831 3767; x_wconf 92' lang='lat' dir='ltr'>et</span> <span class='ocrx_word' id='word_1_408' title='bbox 1862 3704 2057 3768; x_wconf 90' lang='lat' dir='ltr'>turba</span> <span class='ocrx_word' id='word_1_409' title='bbox 2094 3705 2565 3786; x_wconf 88' lang='lat' dir='ltr'>discipulorum</span> <span class='ocrx_word' id='word_1_410' title='bbox 2621 3707 2769 3788; x_wconf 90' lang='lat' dir='ltr'>ejus</span> <span class='ocrx_word' id='word_1_411' title='bbox 2816 3728 2971 3771; x_wconf 88' lang='lat' dir='ltr'>cum</span> 
     </span>
     <span class='ocr_line' id='line_1_88' title="bbox 1762 3792 2973 3875; baseline 0.004 -20"><span class='ocrx_word' id='word_1_412' title='bbox 1762 3812 1858 3855; x_wconf 80' lang='lat' dir='ltr'>eo,</span> <span class='ocrx_word' id='word_1_413' title='bbox 1954 3793 2043 3855; x_wconf 86' lang='lat' dir='ltr'>Et</span> <span class='ocrx_word' id='word_1_414' title='bbox 2076 3792 2342 3875; x_wconf 84' lang='lat' dir='ltr'>reliqua.</span> <span class='ocrx_word' id='word_1_415' title='bbox 2438 3792 2669 3857; x_wconf 84' lang='lat' dir='ltr'>Sermo</span> <span class='ocrx_word' id='word_1_416' title='bbox 2698 3816 2780 3857; x_wconf 76' lang='lat' dir='ltr'>ex</span> <span class='ocrx_word' id='word_1_417' title='bbox 2808 3818 2973 3859; x_wconf 87' lang='lat' dir='ltr'>com-</span> 
     </span>
     <span class='ocr_line' id='line_1_89' title="bbox 1762 3880 2969 3965; baseline 0.004 -23"><span class='ocrx_word' id='word_1_418' title='bbox 1762 3882 2081 3943; x_wconf 79' lang='lat' dir='ltr'>mentario</span> <span class='ocrx_word' id='word_1_419' title='bbox 2127 3880 2516 3945; x_wconf 59' lang='lat' dir='ltr'>venerabile}</span> <span class='ocrx_word' id='word_1_420' title='bbox 2588 3882 2743 3945; x_wconf 77' lang='lat' dir='ltr'>bede</span> <span class='ocrx_word' id='word_1_421' title='bbox 2784 3894 2969 3965; x_wconf 79' lang='lat' dir='ltr'>pres-</span> 
     </span>
     <span class='ocr_line' id='line_1_90' title="bbox 1760 3968 2971 4055; baseline 0.004 -24"><span class='ocrx_word' id='word_1_422' title='bbox 1760 3968 1978 4049; x_wconf 79' lang='lat' dir='ltr'>byteri.</span> <span class='ocrx_word' id='word_1_423' title='bbox 2605 3970 2831 4035; x_wconf 84' lang='lat' dir='ltr'>Lectio</span> <span class='ocrx_word' id='word_1_424' title='bbox 2863 3972 2971 4055; x_wconf 59' lang='lat' dir='ltr'>vg&#39;j.</span> 
     </span>
     <span class='ocr_line' id='line_1_91' title="bbox 1758 4056 2973 4189; baseline 0.004 -71"><span class='ocrx_word' id='word_1_425' title='bbox 1758 4056 2197 4189; x_wconf 81' lang='lat' dir='ltr'>Electums</span> <span class='ocrx_word' id='word_1_426' title='bbox 2256 4058 2599 4140; x_wconf 88' lang='lat' dir='ltr'>apostolos</span> <span class='ocrx_word' id='word_1_427' title='bbox 2651 4058 2973 4123; x_wconf 87' lang='lat' dir='ltr'>dominus</span> 
     </span>
    </p>

    <p class='ocr_par' dir='ltr' id='par_1_18' title="bbox 1756 4144 2975 4499">
     <span class='ocr_line' id='line_1_92' title="bbox 1907 4144 2975 4211; baseline 0.004 -4"><span class='ocrx_word' id='word_1_428' title='bbox 1907 4144 1973 4208; x_wconf 93' lang='lat' dir='ltr'>in</span> <span class='ocrx_word' id='word_1_429' title='bbox 2051 4153 2374 4209; x_wconf 87' lang='lat' dir='ltr'>montana</span> <span class='ocrx_word' id='word_1_430' title='bbox 2431 4145 2673 4209; x_wconf 88' lang='lat' dir='ltr'>subiit:</span> <span class='ocrx_word' id='word_1_431' title='bbox 2737 4148 2975 4211; x_wconf 87' lang='lat' dir='ltr'>turbas</span> 
     </span>
     <span class='ocr_line' id='line_1_93' title="bbox 1756 4233 2969 4317; baseline 0.003 -21"><span class='ocrx_word' id='word_1_432' title='bbox 1756 4252 1914 4296; x_wconf 89' lang='lat' dir='ltr'>vero</span> <span class='ocrx_word' id='word_1_433' title='bbox 1991 4234 2307 4301; x_wconf 88' lang='lat' dir='ltr'>docturus</span> <span class='ocrx_word' id='word_1_434' title='bbox 2382 4233 2469 4296; x_wconf 92' lang='lat' dir='ltr'>ad</span> <span class='ocrx_word' id='word_1_435' title='bbox 2559 4238 2969 4317; x_wconf 85' lang='lat' dir='ltr'>campestria</span> 
     </span>
     <span class='ocr_line' id='line_1_94' title="bbox 1759 4320 2965 4403; baseline 0.003 -20"><span class='ocrx_word' id='word_1_436' title='bbox 1759 4320 1951 4384; x_wconf 90' lang='lat' dir='ltr'>rediit</span> <span class='ocrx_word' id='word_1_437' title='bbox 2010 4324 2168 4403; x_wconf 85' lang='lat' dir='ltr'>quia</span> <span class='ocrx_word' id='word_1_438' title='bbox 2228 4341 2363 4386; x_wconf 91' lang='lat' dir='ltr'>non</span> <span class='ocrx_word' id='word_1_439' title='bbox 2425 4320 2547 4383; x_wconf 89' lang='lat' dir='ltr'>nisi</span> <span class='ocrx_word' id='word_1_440' title='bbox 2612 4323 2677 4384; x_wconf 88' lang='lat' dir='ltr'>in</span> <span class='ocrx_word' id='word_1_441' title='bbox 2730 4323 2965 4389; x_wconf 87' lang='lat' dir='ltr'>humili</span> 
     </span>
     <span class='ocr_line' id='line_1_95' title="bbox 1794 4442 2799 4499; baseline 0.006 -7"><span class='ocrx_word' id='word_1_442' title='bbox 1794 4445 1815 4474; x_wconf 83' lang='lat'>⁸</span> <span class='ocrx_word' id='word_1_443' title='bbox 1846 4442 1984 4493; x_wconf 83' lang='lat' dir='ltr'>vita:</span> <span class='ocrx_word' id='word_1_444' title='bbox 2018 4442 2075 4497; x_wconf 91' lang='lat' dir='ltr'>S.</span> <span class='ocrx_word' id='word_1_445' title='bbox 2258 4446 2277 4475; x_wconf 82' lang='lat'><strong>⁴</strong></span> <span class='ocrx_word' id='word_1_446' title='bbox 2312 4443 2671 4495; x_wconf 79' lang='lat' dir='ltr'>verberantur:</span> <span class='ocrx_word' id='word_1_447' title='bbox 2706 4445 2799 4499; x_wconf 87' lang='lat' dir='ltr'>W.</span> 
     </span>
    </p>
   </div>
   <div class='ocr_carea' id='block_1_17' title="bbox 1486 4510 1961 4573">
    <p class='ocr_par' dir='ltr' id='par_1_19' title="bbox 1486 4510 1961 4573">
     <span class='ocr_line' id='line_1_96' title="bbox 1486 4510 1961 4573; baseline 0.002 -15"><span class='ocrx_word' id='word_1_448' title='bbox 1486 4514 1506 4539; x_wconf 77' lang='lat'>⁵</span> <span class='ocrx_word' id='word_1_449' title='bbox 1545 4518 1558 4537; x_wconf 79' lang='lat'>⁸</span> <span class='ocrx_word' id='word_1_450' title='bbox 1578 4510 1666 4573; x_wconf 63' lang='lat' dir='ltr'>vj)</span> <span class='ocrx_word' id='word_1_451' title='bbox 1687 4510 1815 4558; x_wconf 78' lang='lat' dir='ltr'>add:</span> <span class='ocrx_word' id='word_1_452' title='bbox 1844 4510 1961 4559; x_wconf 83' lang='lat' dir='ltr'><em>G.S.</em></span> 
     </span>
    </p>
   </div>
   <div class='ocr_carea' id='block_1_18' title="bbox 3089 908 3095 1491">
    <p class='ocr_par' dir='ltr' id='par_1_20' title="bbox 3089 908 3095 1491">
     <span class='ocr_line' id='line_1_97' title="bbox 3089 908 3095 1491; baseline 0 0"><span class='ocrx_word' id='word_1_453' title='bbox 3089 908 3095 1491; x_wconf 95' lang='lat' dir='ltr'> </span> 
     </span>
    </p>
   </div>
   <div class='ocr_carea' id='block_1_19' title="bbox 2828 2213 3092 2277">
    <p class='ocr_par' dir='ltr' id='par_1_21' title="bbox 2828 2213 3092 2277">
     <span class='ocr_line' id='line_1_98' title="bbox 2828 2213 3092 2277; baseline 0.008 -2"><span class='ocrx_word' id='word_1_454' title='bbox 2828 2213 2978 2277; x_wconf 90' lang='lat' dir='ltr'>Hec</span> <span class='ocrx_word' id='word_1_455' title='bbox 3064 2224 3092 2277; x_wconf 73' lang='grc' dir='ltr'>ἰ</span> 
     </span>
    </p>
   </div>
  </div>
 </body>
</html>
