3117 4959
914 740 1658 836 APPENDIX
1751 741 1824 836 Ι.

808 1091 1225 1159 REGULE
1300 1092 1935 1160 GENERALES.

644 1275 775 1330 781

205 1387 247 1437 ί
276 1379 397 1439 Ha·
416 1377 705 1454 impiant
724 1379 915 1455 regule
928 1379 1229 1455 generales.

139 1499 179 1550 ί
210 1493 405 1552 Debes
443 1491 509 1552 in
548 1502 751 1554 mente
778 1513 793 1554 ε
832 1491 1128 1570 generalia
1155 1493 1317 1554 dicta

138 1581 507 1728 ffireiegula
530 1649 821 1728 generalis
848 1660 939 1710 est
960 1672 979 1710 z
1022 1651 1187 1727 quod
1226 1649 1315 1709 in-

138 1729 215 1789 fra
237 1731 551 1790 adventum
580 1729 811 1789 domini
840 1740 899 1790 et
924 1731 1039 1789 lxx.
1070 1730 1317 1806 quando

139 1807 331 1868 dicitur
372 1809 449 1868 de
492 1809 644 1868 festo
684 1807 889 1885 aliquo
924 1809 1019 1868 vel
1057 1827 1319 1869 commc-

140 1887 445 1947 moratione
486 1887 611 1947 sive
652 1898 864 1948 octava
898 1899 1043 1947 tunc
1069 1888 1171 1948 fiet
1195 1905 1319 1947 me·

140 1965 308 2026 moria
351 1967 429 2026 de
472 1967 735 2026 adventu
782 1966 905 2028 sive
948 1967 1027 2027 de
1072 1967 1189 2025 lxx.
1240 1965 1323 2026 ad

140 2063 390 2134 vesperas
449 2044 769 2136 matutinas
808 2057 869 2106 et
906 2043 1147 2104 missam
1202 2063 1321 2134 que

142 2125 343 2262 {itiilroet
367 2143 657 2184 memoria
682 2144 745 2184 m
772 2125 938 2184 nullo
965 2125 1120 2184 sesto
1146 2134 1319 2184 omit-

520 2301 565 2352 (
599 2293 699 2351 De
722 2293 965 2352 domina.

142 2418 182 2469 ί
214 2411 285 2471 Et
328 2412 405 2473 de
454 2409 703 2473 domina
727 2430 834 2488 per
858 2412 1182 2473 adventum
1224 2411 1324 2471 fiet

142 2491 407 2550 memoria
452 2492 536 2552 ad
581 2510 857 2566 vesperas
903 2489 1222 2551 matutinas
1264 2498 1324 2548 et

143 2569 362 2629 missam
401 2568 519 2630 nisi
556 2569 617 2628 in
644 2570 799 2630 festo
824 2568 1235 2646 conceptionis
1264 2577 1324 2628 et

142 2647 787 2709 commemorationibus
840 2649 1105 2725 ejusdem
1140 2669 1153 2708 :
1214 2647 1325 2707 sed

143 2727 211 2786 ab
257 2725 609 2805 inceptione.
696 2728 753 2788 O
802 2725 1091 2804 sapientia
1132 2743 1323 2802 usque

146 2805 215 2864 ad
275 2805 641 2866 nativitatem
706 2805 936 2865 domini
990 2806 1153 2865 nulla
1214 2805 1325 2870 elit

145 2885 411 2945 memoria
452 2883 517 2944 in
560 2885 819 2961 vesperis
872 2894 1011 2961 post
1055 2881 1325 2960 antipho-

144 2979 268 3022 nam
311 2964 385 3024 Ο.
432 2974 638 3024 tamen
682 2965 927 3040 quando
980 2962 1193 3022 dicitur
1246 2963 1324 3022 de

145 3041 369 3102 domina
420 3041 485 3102 in
538 3041 795 3102 crastino
863 3041 1051 3102 sancti
1118 3041 1323 3101 thome

149 3120 383 3195 apostoli
432 3132 579 3181 tunc
620 3131 757 3198 post
808 3140 1083 3198 vesperas
1136 3118 1324 3180 sancti

146 3199 360 3260 Thome
386 3202 488 3260 fiet
529 3199 817 3261 memoria
858 3201 936 3260 de
979 3197 1225 3260 domina
1265 3208 1326 3258 et

146 3276 214 3336 de
254 3278 509 3340 adventu
555 3298 691 3338 cum
734 3277 1065 3356 antiphona
1117 3279 1174 3339 O
1222 3297 1326 3337 rex

143 3356 405 3432 gentium.
492 3359 571 3418 Et
625 3356 804 3417 etiam
847 3377 952 3434 per
1004 3359 1324 3418 adventum

146 3433 238 3494 fiet
263 3435 545 3496 memoria
571 3438 649 3497 de
677 3435 955 3496 omnibus
981 3435 1201 3496 sanctis
1226 3454 1325 3495 ex-

145 3513 317 3589 ceptis
367 3525 601 3576 tantum
675 3514 990 3592 dominicis
1042 3513 1205 3575 festis
1262 3507 1331 3572 Bt

145 3591 453 3652 lectionum
470 3604 530 3653 et
554 3592 1122 3654 commemoratione
1138 3591 1328 3652 sancti

144 3669 385 3730 willelmi
426 3673 833 3748 apostolorum
870 3671 1021 3749 petri
1068 3682 1129 3732 et
1166 3669 1331 3748 pauli

147 3757 202 3807 et
223 3750 393 3812 beate
420 3749 602 3810 marie
626 3750 865 3827 vitginis
892 3750 1005 3810 nisi
1033 3749 1095 3809 in
1123 3768 1329 3827 vespe-

1924 1279 2078 1335 732

1416 1379 1752 1456 epyphanie
1801 1383 2045 1458 quando
2087 1401 2332 1460 vespere
2373 1402 2496 1444 non
2525 1383 2616 1444 di-

1415 1469 1630 1518 cuntur
1653 1458 1672 1495 ¹
1716 1461 1795 1521 de
1833 1459 2219 1522 innocentum
2247 1474 2307 1523 et
2334 1463 2394 1522 in
2422 1462 2620 1540 vigilia

1418 1537 1754 1613 epyphanie
1821 1549 1881 1599 et
1945 1539 2006 1599 in
2075 1541 2174 1601 die
2243 1552 2615 1618 preterquam

1416 1617 1663 1692 quando
1710 1618 1777 1677 fit
1822 1619 2310 1680 commemoratio
2347 1622 2617 1696 ejusdem

1415 1696 1592 1756 beate
1644 1694 1880 1773 virginis
1933 1699 2035 1757 fiat
2099 1699 2384 1759 memoria
2439 1700 2516 1760 de
2570 1719 2614 1760 s·

1416 1774 1602 1833 maria
1644 1794 1782 1834 cum
1829 1777 1924 1836 αὖ.
2008 1778 2065 1838 O
2111 1778 2456 1839 admirabile
2503 1782 2612 1838 διε.

1415 1851 1477 1912 Si
1505 1863 1704 1913 autem
1732 1853 1880 1916 infra
1925 1856 2036 1916 lxx.
2085 1868 2281 1916 tamen
2327 1868 2467 1917 ante
2506 1859 2618 1916 fes·

1417 1942 1543 1991 tum
1593 1931 2016 2008 purificationis
2061 1947 2416 1996 concurrant
2469 1937 2618 1996 festa

1418 2009 1479 2069 ix
1504 2011 1831 2071 lectionum
1879 2024 1941 2074 et
1981 2012 2159 2074 trium
2205 2015 2529 2075 lectionum
2558 2025 2618 2074 et

1418 2088 1703 2152 memorie
1729 2091 1943 2152 fuerint
1969 2091 2239 2153 faciende
2266 2093 2316 2152 is
2344 2093 2420 2153 sit
2445 2093 2611 2153 ordo,

1422 2169 1608 2228 Facto
1653 2169 1890 2231 servitio
1918 2169 1978 2230 ix
1996 2171 2319 2232 lectionum
2347 2171 2583 2249 proprio
2597 2172 2622 2208 ²

1420 2258 1704 2324 sequatur
1722 2249 1748 2286 ⁸
1789 2249 2075 2310 memoria
2101 2252 2179 2311 de
2205 2252 2316 2310 lxx.
2352 2251 2620 2312 secundo

1420 2327 1498 2387 de
1552 2326 1800 2387 domina
1830 2350 1843 2388 :
1887 2341 1946 2390 et
1993 2329 2166 2390 tertio
2219 2331 2296 2390 de
2339 2331 2491 2390 festo
2535 2328 2616 2405 iij.

1420 2405 1746 2466 lectionum
1788 2407 2001 2469 ultimo
2029 2410 2107 2469 de
2135 2419 2339 2468 sancta
2366 2411 2614 2486 Agnete.

1422 2484 1555 2545 Nisi
1585 2485 1662 2545 de
1691 2487 1841 2547 festo
1882 2487 2054 2547 fuerit
2092 2487 2155 2546 in
2195 2487 2453 2548 crastino
2481 2505 2618 2547 can-

1422 2566 1672 2625 tandum
1699 2563 1848 2625 infra
1875 2567 1990 2624 lxx.
2020 2565 2143 2626 sive
2171 2585 2310 2626 non.

1651 2756 1696 2807 ί
1727 2749 1828 2806 De
1849 2748 2132 2807 memoras
2157 2748 2322 2821 infra
2347 2749 2428 2806 xl.

1421 2863 1590 2922 Infra
1633 2863 1707 2921 xl.
1761 2862 2008 2938 quando
2056 2859 2273 2920 dicitur
2299 2861 2374 2920 de
2419 2858 2620 2935 aliquo

1422 2944 1577 3002 festo
1602 2952 1745 3001 tunc
1772 2939 1986 3000 dicitur
2011 2938 2298 2999 memoria
2325 2941 2403 2998 de
2433 2940 2507 2996 xl.
2539 2939 2620 2997 ad

1421 3019 1756 3080 matutinas·
1803 3018 2058 3078 missam.
2111 3028 2172 3077 et
2219 3019 2296 3078 ad
2343 3028 2620 3094 utrasque

1422 3118 1699 3176 vesperas
1753 3095 1908 3157 sicut
1953 3097 2103 3156 infra
2168 3097 2493 3157 adventum
2561 3107 2622 3156 et

1422 3175 1917 3255 septuagesimam
1959 3176 2052 3235 vel
2096 3194 2203 3252 pro
2232 3174 2516 3234 memoria
2542 3175 2622 3234 ad

1424 3257 1664 3317 missam
1718 3255 1991 3316 dicatur:
2055 3266 2113 3314 et
2167 3256 2393 3331 legatur
2443 3253 2624 3312 missa

1424 3335 1872 3414 quadragesime
1939 3345 2076 3411 post
2129 3333 2368 3393 missam
2437 3333 2624 3392 sancti

1424 3419 1780 3492 Apponatur
1819 3413 2000 3474 velud
2039 3413 2182 3472 dum
2211 3411 2420 3490 legitur
2445 3411 2624 3470 missa

1426 3496 1503 3554 xl.
1560 3505 1623 3554 et
1686 3511 1810 3552 non
1872 3502 2236 3564 amoveatur,
2297 3489 2409 3550 nisi
2478 3491 2624 3550 dum

1426 3571 1800 3650 evangelium
1844 3573 2060 3632 lectum
2108 3569 2280 3630 fuerit
2323 3588 2489 3630 more
2531 3587 2624 3628 so-

1424 3651 1546 3712 lito.

1677 3763 1722 3814 1
1758 3755 1859 3813 De
1881 3760 2119 3829 tempore
2127 3751 2412 3828 paschali.

146 3825 215 3886 ¹5³
240 3830 477 3904 quando
505 3828 719 3889 dieitur
746 3831 817 3890 Ο·
1429 3873 1511 3930 In
1559 3881 1831 3959 tempore
1873 3866 2136 3944 paschali
2175 3867 2322 3925 fiant
2363 3865 2632 3942 quotidie

1428 3967 1715 4010 memorie
1741 3949 1819 4007 de
1846 3944 2269 4007 resurrectione
2287 3945 2365 4004 de
2385 3943 2632 4004 domina

1432 4039 1491 4089 et
1518 4030 1597 4088 de
1624 4026 1902 4086 omnibus
1931 4021 2149 4083 sanctis
2171 4041 2363 4099 usque
2390 4024 2468 4082 ad
2498 4042 2629 4082 ves-

1431 4125 1603 4186 peras
1631 4105 1958 4195 completas
1983 4113 2125 4162 ante
2145 4101 2403 4177 vigiliam
2431 4119 2634 4161 ascen-

149 4191 289 4250 Post
338 4191 829 4253 circuncisionem
876 4191 1105 4253 domini
1144 4210 1335 4268 usque
1434 4184 1618 4247 sionis
1671 4182 1786 4242 nis1
1841 4183 1919 4272 de
1972 4180 2218 4241 domina
2271 4181 2529 4269 quando·
2569 4181 2636 4239 fit

150 4269 222 4328 ad
246 4269 712 4347 purificationem
736 4272 911 4332 beate
939 4271 1124 4332 marie
1162 4269 1333 4348 virgi·
1435 4267 1682 4343 plenum
1723 4261 2024 4322 servitium
2069 4260 2147 4320 de
2185 4278 2257 4347 ea
2283 4282 2294 4317 :
2339 4270 2400 4319 et
2453 4269 2634 4348 etiam

152 4347 237 4406 nis
288 4348 401 4408 nisi
452 4349 513 4408 in
572 4350 834 4428 vesperis
886 4360 1025 4411 ante
1078 4348 1335 4427 vigiliam
1434 4346 1513 4405 de
1542 4341 1822 4403 omnibus
1850 4338 2069 4400 sanctis
2115 4339 2220 4398 ubl
2259 4339 2476 4398 festum
2517 4339 2637 4397 loci

150 4003 190 4054 ί
220 3998 317 4057 De
362 3999 637 4058 memoria
702 4003 893 4057 sancte
956 3999 1143 4058 marie
1197 4003 1337 4073 post

485 4079 973 4138 Circunctkionem.

364 4479 377 4513 ¹
415 4479 639 4529 dicantur
661 4498 673 4530 ς
698 4479 763 4531 G.
1230 4479 1250 4509 ²
1282 4477 1478 4542 primo:
1504 4475 1570 4525 G.
2039 4471 2058 4500 ⁸
2091 4469 2310 4534 sequitur
2336 4487 2347 4516 ε
2372 4467 2434 4518 G.
