3117 4959
668 421 825 477 885

166 536 389 588 Letamini
411 536 461 585 in
482 535 705 597 domino,
733 549 850 599 942,
877 549 1013 598 944⁸

163 604 393 654 &mutini
410 604 465 651 in
488 602 699 661 domino,
728 614 786 666 31

160 669 492 733 Loquebantur
513 666 661 717 variis
681 667 878 732 linguiS,
909 677 998 731 501

160 735 339 799 Magna
356 740 425 784 est
436 733 602 797 gloria
622 734 745 797 ejus,
772 745 830 782 21

162 798 486 864 Magnificatus
508 806 583 849 est
604 814 705 858 rex,
735 809 801 861 73

158 864 485 932 Magm'ficavit
501 880 631 923 eum,
658 875 725 926 43

160 932 301 981 Mane
320 930 569 979 nobiscum
592 930 811 992 domine,
838 931 938 991 426

157 997 323 1045 Maria
340 997 476 1059 virgo
496 1002 763 1059 assumpta,
788 995 889 1056 482

158 1062 317 1111 Media
336 1070 493 1121 nocte,
523 1072 639 1124 233,
668 1060 765 1121 746

156 1128 400 1177 Memento
420 1126 573 1175 nostri
597 1126 817 1186 domine,
851 1137 909 1190 17

154 1193 339 1243 Memor
357 1192 425 1241 sui
448 1199 612 1252 nocte,
640 1201 738 1254 740

151 1257 362 1309 Μωιαιι
378 1257 663 1321 archangele
698 1258 833 1317 Veni,
866 1257 960 1321 587

151 1322 383 1373 Mirabilis
405 1323 525 1371 deus
550 1323 618 1382 in,
650 1336 670 1373 1
684 1336 703 1373 1
718 1336 737 1372 1

149 1388 395 1439 Mirabilis
414 1388 531 1437 deus
553 1390 627 1449 in,
657 1400 722 1451 34

149 1454 389 1513 Miserere,
418 1453 663 1513 miserere,
694 1454 791 1517 526

148 1521 226 1570 Ne
250 1521 421 1585 perdas
442 1534 556 1569 cum
577 1519 759 1584 impiis,
787 1519 885 1583 348

146 1586 311 1636 Nimis
330 1586 559 1634 honorati
574 1592 708 1645 sunt,
740 1596 767 1649 5

146 1652 333 1701 Notum
354 1650 467 1700 fecit
489 1650 735 1709 dominus,
765 1663 823 1712 91

148 1718 437 1767 obtulerunt
448 1724 551 1780 pro
564 1732 627 1777 ω,
662 1714 757 1765 180

147 1783 425 1849 Offerentur
444 1784 503 1830 in
524 1781 701 1842 letina,
730 1790 793 1844 73

146 1849 427 1915 Offermtur
447 1848 553 1911 regi
570 1848 657 1895 vir
703 1849 809 1907 bus,
839 1858 905 1907 70

138 1914 331 1965 Omnes
352 1913 415 1962 de
438 1914 575 1973 saba,
608 1925 629 1961 1
670 1925 701 1976 3

138 1979 333 2031 Omnes
351 1988 523 2042 gentes
543 1993 877 2043 quascunque,
910 1979 1001 2042 165

136 2044 319 2095 Omnis
338 2052 469 2093 terra
490 2044 681 2105 adoret,
707 2056 809 2105 940

140 2112 249 2161 Ora
259 2118 357 2175 pro
377 2110 511 2159 nobule
530 2110 659 2159 beate
679 2110 751 2170 N,
779 2108 861 2171 48,
896 2109 989 2159 106

134 2177 245 2227 Ora
266 2190 359 2240 pro
380 2175 524 2224 nobis
546 2175 595 2224 b.
624 2174 877 2236 willelme,
904 2186 1019 2239 941,
1048 2186 1185 2238 941n

132 2242 327 2291 Panem
349 2240 443 2290 celi
466 2240 622 2300 dedit,
654 2250 681 2304 5
686 2252 750 2303 32

131 2308 327 2358 Panem
349 2307 413 2356 de
433 2306 561 2366 cele,
589 2315 616 2370 5
622 2318 687 2371 30

130 2374 257 2423 Post
280 2378 476 2449 partum
500 2372 653 2436 virge,
683 2384 797 2433 940,
823 2384 959 2434 94οη

126 2438 360 2493 Ραπιιπι·
376 2438 567 2489 domine
583 2445 744 2503 super,
772 2450 839 2487 20

890 310 1169 367 INDEX
1222 310 1870 367 VERSICULORUM.

1939 418 2096 473 886

1434 534 1604 585 Posuit
1631 534 1750 585 fines
1772 540 1885 584 tuos
1905 548 2098 599 pacem,
2130 531 2224 596 538

1435 601 1620 650 Probat
1642 601 1775 649 hunc
1797 600 2016 659 exilium,
2051 596 2182 647 181n

1430 666 1707 715 studentes
1727 666 1946 741 virg-iem
1965 672 2140 728 aptate,
2173 672 2236 725 72

1436 732 1603 795 Reges
1625 732 1846 791 Tharsis,
1881 729 1976 779 160

1430 798 1734 861 Responsum
1756 797 1931 861 accepit
1949 810 2160 859 symeon,
2194 803 2287 855 174

1434 862 1720 913 Resurrexit
1743 861 1974 911 dominus
1996 860 2140 921 sicut,
2167 872 2266 923 403

1434 928 1622 977 Rorate
1643 928 1740 977 celi
1761 928 1990 991 desuper,
2018 940 2051 988 4

1432 993 1727 1043 Sacerdotes
1749 993 1840 1053 tui,
1867 1005 1980 1054 941,
2009 1004 2146 1055 941η

1432 1058 1662 1124 Scapulis
1684 1060 1785 1108 suis
1805 1058 2142 1119 obumbrabit,
2172 1056 2268 1116 276

1432 1125 1588 1175 Scuto
1611 1124 1921 1174 circundabit
1944 1132 2008 1185 te,
2039 1132 2138 1185 279

1432 1190 1509 1241 Sit
1532 1205 1718 1239 nomen
1739 1189 1948 1251 domini,
1977 1197 2073 1253 527

1429 1255 1594 1320 Specie
1613 1263 1706 1305 tua
1727 1262 1774 1305 et
1783 1254 2174 1320 pulchritudine,
2203 1252 2236 1302 6
2238 1266 2267 1316 3

1431 1320 1645 1386 Spiritus
1669 1321 1878 1370 Domini
1900 1320 2128 1384 replevit,
2153 1316 2254 1381 498

1431 1387 1646 1451 Spiritus
1667 1392 1866 1435 sanctus
1887 1385 2103 1445 docebit,
2131 1396 2232 1446 499

1432 1452 1648 1517 Spiritus
1669 1460 1868 1501 sanetus
1891 1450 2100 1510 domini,
2131 1460 2226 1513 502

1430 1518 1580 1567 Stetit
1599 1519 1803 1582 angelus
1810 1518 1973 1581 juxta
1993 1530 2156 1576 aram,
2187 1515 2282 1579 583

1432 1583 1654 1634 Surrexit
1677 1583 1909 1633 dominus
1931 1582 2010 1643 de,
2039 1580 2156 1643 406,
2183 1582 2281 1643 408

1430 1649 1668 1699 Surrexit
1685 1647 1916 1699 dominus
1935 1648 2009 1709 de,
2036 1656 2137 1711 274

1432 1714 1654 1764 Surrexit
1675 1714 1908 1764 dominus
1931 1728 2062 1773 vere,
2090 1722 2186 1777 405

1431 1780 1822 1843 Symeon-justus
1843 1786 1903 1841 et,
1939 1778 2032 1829 182

1429 1846 1543 1894 Tan
1577 1860 1694 1895 uam
1716 1860 1941 1909 sponsus,
1973 1854 2033 1909 75

1430 1911 1547 1961 Tibi
1621 1926 1680 1959 us
1704 1928 1718 1960 =
1751 1910 1842 1960 tibi
1865 1909 2041 1975 gloria,
2070 1910 2168 1973 526

1429 1976 1704 2026 Timebunt
1725 1982 1899 2041 gentes
1919 1990 2121 2035 nomen,
2155 1987 2214 2038 17

1440 2042 1493 2091 T
1485 2042 1708 2091 imebunt
1721 2048 1886 2106 gentes
1909 2056 2102 2103 nomen,
2130 2054 2266 2103 242n

1430 2107 1584 2157 Venit
1605 2107 1776 2157 lumen
1794 2116 1938 2157 tuum
1960 2106 2272 2169 hierusalem,
2309 2108 2400 2168 169

1430 2173 1602 2222 Verbo
1624 2172 1832 2223 Domini
1855 2173 1968 2235 celi,
1998 2184 2095 2237 524

1431 2239 1656 2288 Verbum
1677 2254 1812 2300 caro,
1843 2248 1922 2303 75,
1952 2249 2015 2302 79

1432 2304 1732 2369 Vespertina
1755 2305 1915 2355 oratio
1937 2304 2191 2367 ascendat,
2217 2316 2314 2370 925

1433 2370 1545 2419 Vox
1569 2370 1848 2431 clamantis,
1881 2371 1940 2421 16

1430 2436 1543 2486 Vox
1566 2436 1730 2487 leticie
1753 2444 1819 2497 et,
1847 2449 1948 2500 409
