3117 4959
922 241 1556 300 ASSUMPYJONIS
1596 242 1891 300 MARJE.

713 350 861 406 479

157 451 343 518 odor
401 451 632 519 thuris
725 464 828 537 pf.
936 455 1210 522 Domini
1267 465 1372 522 est

153 547 366 606 terra.
458 557 506 627 y
552 543 875 608 Exaltata
903 551 1020 608 est.

159 632 238 706 ff
296 629 527 694 Sermo
573 631 745 695 beati
785 631 1146 716 hieronymi
1186 643 1372 715 pres-

155 715 399 796 byteri.
1079 721 1298 784 Lectio
1307 720 1370 802 j.

167 805 504 938 Cogitis
554 826 662 870 me
706 827 749 870 o
793 806 994 889 paula
1037 817 1106 871 et
1151 818 1370 871 eusto-

297 893 554 956 chium:
585 894 792 957 immo
816 894 1100 958 charitas
1127 895 1368 978 Christi

153 999 288 1046 me
317 981 696 1062 compellit:
741 983 856 1063 qui
885 982 1074 1046 vobis
1115 983 1370 1048 dudum

149 1069 572 1132 tractatibus
622 1070 802 1152 loqui
853 1090 1371 1136 consueveram:

149 1165 242 1219 ut
279 1175 459 1219 novo
481 1156 792 1238 loquendi
813 1177 1054 1239 genere
1077 1180 1090 1222 :
1121 1159 1373 1222 sanctis

147 1263 306 1324 que
328 1245 670 1308 vobiscum
692 1247 946 1328 degunt
963 1245 1330 1328 virginibus
1353 1267 1370 1312 :

147 1331 390 1394 latino
451 1341 642 1396 utens
716 1332 983 1415 eloquio
1056 1333 1372 1398 exhorta-

141 1419 378 1481 tionis
421 1421 677 1501 gratia:
725 1441 1096 1485 sermonem
1129 1421 1370 1484 faciam

143 1507 250 1572 de
287 1510 747 1588 assumptione
776 1510 972 1572 beate
997 1519 1064 1573 et
1086 1509 1370 1591 gloriose

139 1614 443 1676 semper
467 1597 736 1677 virginis
781 1598 987 1660 marie
1031 1617 1214 1660 more
1260 1617 1369 1660 eo-

139 1701 320 1746 rum
354 1683 471 1764 qui
501 1683 960 1748 declinatorie¹
987 1685 1052 1747 in
1079 1685 1370 1748 ecclesiis

139 1769 360 1850 loqui
416 1771 632 1834 solent
660 1773 748 1834 ad
777 1772 1140 1854 populum:
1188 1773 1370 1854 quod

139 1857 412 1938 utique
469 1878 680 1940 genus
739 1860 1022 1923 docendi
1082 1862 1369 1925 necdum

138 1947 548 2026 attigeram.
621 1947 740 2010 Re.
811 1948 968 2011 Vidi
1001 1948 1369 2030 speciosam

137 2033 345 2096 sicut
409 2033 790 2098 columbam
856 2035 1370 2099 descendentem

137 2122 472 2202 desuper·
519 2123 692 2184 rivos
744 2143 1110 2204 aquarum:
1185 2123 1374 2203 cujus

137 2208 634 2272 inestimabilis
681 2210 846 2274 odor
889 2220 1030 2274 erat
1077 2211 1272 2273 nimis
1306 2212 1372 2273 in

133 2297 592 2360 vestimentis
641 2297 800 2378 ejus,
895 2299 986 2362 Et
1027 2299 1198 2361 sicut
1229 2299 1372 2362 dies

133 2385 356 2450 verni
433 2385 907 2449 circundabant
969 2405 1116 2448 eam
1179 2385 1374 2449 flores

133 2491 518 2536 rosarum:
563 2481 632 2535 et
665 2472 800 2536 lilia
831 2473 1244 2537 convallium.
1322 2491 1373 2558 y

137 2561 324 2643 Que
373 2568 478 2623 est
521 2561 687 2623 ista:
733 2580 864 2643 que
909 2561 1206 2624 ascendit
1254 2581 1375 2643 per

139 2651 518 2712 desertum
566 2648 736 2711 sicut
789 2648 1048 2730 virgula
1085 2648 1249 2712 sumi
1283 2669 1372 2712 ex

137 2735 588 2800 aromatibus
670 2736 939 2817 myrrhe
1000 2745 1068 2800 et
1144 2735 1369 2800 thuris,

137 2824 252 2888 Et
291 2824 486 2886 sicut.
1054 2823 1270 2887 Lectio
1301 2824 1372 2906 ᾔ.

134 2914 366 3042 De
399 2910 854 2992 assumptione
903 2918 1130 2974 tamen
1180 2912 1368 2994 ejus:

327 2999 613 3080 qualiter
642 3007 986 3080 assumpta
1015 3006 1132 3062 est.
1211 3000 1370 3083 quia

133 3087 220 3152 id
259 3095 494 3172 vestra
523 3086 824 3168 deposcit
853 3088 1170 3151 intentio:
1219 3107 1367 3168 pre-

133 3175 390 3239 sentia
421 3174 658 3238 absens
702 3173 986 3237 scribere
1029 3173 1220 3237 vobis
1256 3195 1370 3238 cu·

137 3261 310 3327 ravi
341 3281 357 3323 :
408 3262 574 3342 que²
601 3261 906 3324 absentia
950 3281 1222 3343 presens
1253 3283 1368 3325 vo·

135 3351 268 3415 bis
335 3348 550 3412 obtuli
611 3349 934 3412 devotus:
987 3358 1061 3412 ut
1122 3348 1368 3413 habeat

137 3446 482 3502 sanctum
545 3436 898 3517 collegium
951 3446 1243 3500 vestrum
1299 3438 1364 3500 in

105 3528 274 3606 ‚die
310 3533 502 3587 tante
543 3524 956 3588 solennitatis
1002 3543 1243 3588 munus
1276 3524 1368 3588 la-

135 3614 290 3678 tini
371 3613 746 3674 sermonis:
822 3611 891 3674 in
958 3631 1092 3693 quo
1154 3613 1368 3676 discat

137 3713 406 3767 tenera
479 3698 756 3762 infantia
827 3698 1016 3762 lactis
1081 3700 1368 3779 experiri

139 3785 640 3854 dulcedinem:
687 3794 756 3850 et
800 3786 886 3849 de
916 3786 1178 3867 exiguis
1223 3787 1368 3851 exi-

141 3877 306 3941 mia
339 3875 652 3955 cogitare.
725 3873 840 3938 Re.
919 3872 1107 3937 Sicut
1137 3874 1370 3939 cedrus

147 3962 482 4030 exaltata
511 3981 657 4023 sum
691 3961 758 4023 in
792 3960 1017 4024 libano
1046 3981 1062 4026 ε
1109 3969 1176 4024 et
1199 3962 1371 4025 sicut

145 4049 561 4134 cypressus⁸
591 4049 657 4111 in
683 4058 910 4111 monte
939 4067 1106 4130 syon
1132 4069 1148 4112 :
1178 4049 1369 4131 quasi

145 4137 448 4221 myrrha
477 4137 700 4200 electa.
765 4136 940 4199 Dedi
973 4137 1370 4200 suavitatem

149 4227 416 4295 odoris.
509 4240 557 4310 γ
627 4224 719 4287 Et
779 4223 948 4287 sicut
1009 4243 1372 4305 cynnamo-

265 4388 284 4419 ¹
323 4382 684 4436 declamatorie
713 4401 729 4432 ε
764 4381 968 4434 R.N.S.

512 4452 532 4482 ⁴
563 4463 953 4516 cynamomum:
990 4445 1193 4500 RN.S.

1275 4383 1560 4449 'qua:S.

1978 352 2141 409 480

1473 457 1697 520 mum⁴
1720 466 1789 522 et
1812 455 2187 524 balsamum
2210 455 2667 522 aromatizans

1475 545 1670 608 Dedi.
2328 545 2541 610 Lectio
2572 545 2667 628 iij.

1610 631 1845 696 ualiter
1872 631 2137 698 favente
2185 633 2315 697 deo
2363 654 2484 716 per
2534 635 2669 696 sin-

1608 719 1799 801 gulos
1858 741 2069 786 annos
2138 730 2283 785 tota
2341 720 2464 784 hec
2524 721 2667 784 dies

1472 808 1893 887 expendatur
1944 809 2011 872 in
2058 809 2366 873 laudem:
2413 816 2481 872 et
2510 828 2663 872 curn

1471 896 1719 975 gaudio
1778 895 2190 961 celebretur:
2258 915 2343 959 ne
2390 895 2559 959 sorte
2608 897 2664 958 si

1470 983 1723 1047 venerit
1766 985 2001 1047 vestris
2030 985 2097 1047 in
2144 983 2453 1048 manibus
2498 982 2661 1047 illud

1472 1070 1837 1152 apocrifum
1886 1073 1971 1136 de
2025 1072 2305 1136 transitu
2360 1071 2659 1153 ejusdem

1469 1158 1783 1240 virginis:
1829 1159 2035 1223 dubia
2085 1179 2205 1241 pro
2256 1159 2453 1222 certis
2502 1161 2662 1222 reci-

1469 1245 1717 1326 piatis:
1800 1248 1982 1329 quod
2044 1247 2237 1310 multi
2307 1246 2663 1310 latinorum

1470 1333 1738 1414 pietatis
1796 1354 2065 1399 amore:
2110 1335 2334 1398 studio
2396 1334 2658 1416 legendi

1469 1421 1683 1484 carius
1736 1421 2228 1503 amplectuntur
2273 1423 2662 1505 presertim:

1469 1529 1623 1571 cum
1654 1529 1745 1572 ex
1776 1509 1879 1572 his
1933 1510 2093 1572 nihil
2146 1509 2325 1574 aliud
2374 1509 2662 1590 experiri

1470 1604 1695 1677 potest
1725 1616 1847 1678 pro
1879 1607 2103 1662 certo:
2151 1597 2271 1660 nisi
2318 1597 2498 1678 quod
2544 1594 2663 1659 ho·

1472 1684 1705 1747 dierna
1760 1684 1871 1747 die
1930 1683 2219 1766 gloriosa
2267 1684 2575 1765 migravit
2622 1703 2665 1746 a

1470 1791 1763 1852 corpore.
1850 1771 1966 1835 Re.
2059 1772 2253 1835 Felix
2298 1791 2562 1853 nanque
2592 1791 2665 1834 es

1470 1878 1659 1922 sacra
1688 1861 1873 1941 virgo
1897 1861 2143 1924 maria:
2174 1869 2243 1924 et
2266 1860 2449 1923 omni
2468 1858 2666 1923 laude

1472 1947 1879 2028 dignissima.
1972 1947 2151 2030 Quia
2209 1968 2299 2011 ex
2359 1956 2429 2010 te
2481 1955 2665 2010 ortus

1473 2045 1576 2097 est
1624 2035 1723 2098 sol
1769 2033 2048 2116 justicie.
2151 2033 2451 2099 Christus
2500 2035 2668 2098 deus

1473 2131 1713 2186 noster.
1805 2139 1853 2208 y
1899 2123 2037 2187 Ora
2068 2142 2189 2204 pro
2234 2122 2523 2204 populo:
2570 2123 2669 2184 in-

1473 2211 1723 2273 terveni
1754 2230 1875 2292 pro
1912 2211 2087 2274 clero
2116 2232 2131 2274 :
2178 2209 2515 2273 intercede
2546 2230 2667 2291 pro

1472 2297 1719 2361 devoto
1771 2298 2059 2361 femineo
2108 2318 2315 2362 sexu:
2377 2297 2669 2361 sentiant

1473 2405 1707 2448 omnes
1755 2394 1945 2449 tuum
1992 2386 2338 2451 levamen:
2392 2385 2670 2467 quicun-

1475 2493 1607 2554 que
1678 2473 2017 2537 celebrant
2096 2482 2283 2537 tuam
2366 2493 2669 2555 assump-

1472 2562 1743 2624 tionem.
1866 2561 2060 2644 Quia.
2179 2560 2407 2624 Gloria
2477 2559 2669 2642 patri.

1474 2648 1669 2731 Quia.
1721 2649 1807 2711 In
1840 2648 1909 2731 ij.
1942 2669 2067 2712 noc.
2099 2657 2205 2712 αῆ.
2258 2649 2669 2711 Emissiones

1471 2745 1588 2800 tue
1634 2736 1979 2820 paradisus
2028 2735 2352 2800 malorum
2398 2737 2671 2818 punico-

1473 2844 1618 2886 rum
1652 2845 1802 2888 cum
1826 2843 2177 2906 pomorum
2198 2822 2533 2886 fructibus,
2562 2831 2667 2904 pf.

1476 2911 1837 2974 Eructavit.
1910 2911 2044 2973 Αῆ.
2125 2910 2302 2973 Fons
2331 2919 2669 2973 ortorum:

1471 3009 1713 3081 puteus
1735 3018 2053 3080 aquarum
2078 2998 2442 3060 viventium
2467 3017 2482 3059 :
2515 2997 2669 3080 qui⁶

1473 3085 1689 3149 fluunt
1748 3087 2001 3168 impetu
2064 3085 2148 3148 de
2223 3083 2465 3148 libano,
2563 3092 2665 3164 pf.

1475 3175 1661 3237 Deus
1751 3182 1976 3236 noster
2052 3172 2394 3253 refugium.
2528 3171 2665 3234 Αῆ.

1470 3262 1719 3325 Veniat
1773 3261 2053 3324 dilectus
2100 3279 2287 3322 meus
2336 3260 2404 3322 in
2445 3266 2665 3321 ortum

1470 3368 1710 3412 suum:
1758 3357 1831 3412 ut
1876 3348 2186 3411 comedat
2230 3346 2515 3411 fructum
2548 3366 2669 3429 po-

1473 3456 1732 3499 morum
1792 3455 2077 3500 suorum.
2183 3443 2283 3516 pf.
2399 3435 2667 3498 Funda-

1473 3532 1715 3587 menta.
1811 3541 1855 3610 γ
1900 3523 2275 3606 Assumpta
2318 3531 2419 3586 est
2458 3523 2667 3585 maria

1470 3611 1539 3674 in
1574 3611 1805 3676 celum.
1871 3610 2182 3675 Gaudent
2214 3609 2431 3692 angeli
2463 3630 2477 3675 :
2525 3611 2667 3672 lau-

1471 3699 1709 3762 dantes
1814 3698 2215 3762 benedicunt
2317 3697 2663 3760 dominum

1471 3787 1638 3850 all'a.

1471 3875 1671 4006 M
1676 3881 2012 3938 onstratur
2116 3880 2341 3937 autem
2448 3871 2667 3952 sepul-

1676 3960 1909 4027 chrum
2013 3960 2156 4044 ejus
2246 3957 2667 4022 cernentibus

1473 4048 1666 4111 nobis
1696 4068 1909 4129 usque
1944 4047 2027 4111 ad
2075 4065 2345 4129 presens
2376 4046 2443 4107 in
2475 4044 2669 4107 vallis

1467 4136 1785 4218 josaphat
1838 4135 2102 4198 medio:
2149 4153 2279 4214 que
2326 4129 2517 4193 vallis
2565 4139 2669 4193 est

1473 4225 1647 4289 inter
1688 4231 1985 4288 montem
2034 4239 2203 4302 syon
2251 4227 2320 4281 et
2370 4226 2679 4282 montem-

1979 4381 2003 4411 ·
2032 4391 2291 4443 cupressus
2314 4394 2328 4429 :
2362 4375 2431 4429 N.

1911 4448 1933 4478 ⁸
1964 4459 2062 4512 que
2086 4460 2099 4494 ε
2136 4443 2197 4494 R.
2208 4443 2258 4494 S.
