3117 4959
1054 263 1118 318 S.
1168 261 1652 318 EADMUNDI
1689 251 2350 318 ARCHJEPJSCOPJ.

980 370 1133 426 697

448 487 553 542 est
600 477 819 560 gravis
871 476 1213 541 contentio
1262 495 1464 558 super
1501 475 1650 557 jure

448 575 519 630 et
548 566 965 630 libertatibus
994 565 1271 629 ecclesie
1316 565 1651 627 cantuari-

362 723 365 726 ,
450 655 627 716 ensis
674 653 984 717 fratribus
1014 655 1139 718 sibi
1174 653 1320 715 lites
1368 651 1650 714 inferen-

448 741 630 805 tibus
662 741 1210 804 innumerabiles:
1255 741 1369 822 qui
1402 739 1652 822 profes-

450 831 637 892 sione
698 829 825 892 sibi
900 839 1089 892 erant
1164 827 1458 891 obnoxii.
1554 827 1650 890 Et

448 919 562 998 qui
610 936 851 999 panem
907 937 1101 980 suum
1134 917 1466 979 edebant:
1513 914 1646 978 cal-

447 1024 727 1068 caneum
785 1016 1021 1068 contra
1089 1025 1241 1067 eum
1304 1003 1646 1068 levantes:

447 1092 665 1176 ipsum
770 1093 1107 1175 extirpare
1210 1091 1642 1154 conabantur.

448 1180 585 1245 Sed
663 1181 730 1244 in
806 1181 909 1243 his
983 1179 1292 1243 omnibus
1352 1198 1487 1241 non
1541 1188 1645 1242 est

446 1269 772 1333 resolutus
846 1269 947 1332 vir
1005 1269 1112 1331 dei
1186 1267 1644 1331 constantissi-

446 1376 592 1420 mus
630 1379 643 1422 :
736 1356 854 1420 sed
928 1355 1310 1438 supplicans
1384 1363 1642 1419 attente

443 1444 613 1508 deo:
660 1454 735 1509 ut
774 1445 883 1527 jus
920 1443 1195 1507 ecclesie
1226 1462 1345 1506 sue
1377 1463 1644 1506 conser-

443 1542 669 1596 varet:
701 1543 769 1596 et
800 1533 942 1614 ejus
968 1533 1276 1595 defensor
1304 1531 1641 1594 existeret.

440 1619 691 1684 Verum
726 1620 1254 1703 archiepiscopus
1295 1638 1445 1682 curn
1491 1617 1642 1699 qui-

440 1707 725 1772 busdam
758 1708 1191 1790 suffraganeis
1230 1705 1364 1769 suis
1414 1725 1638 1787 regem

440 1798 700 1878 rogavit
775 1797 1161 1860 humiliter:
1250 1803 1320 1858 et
1380 1793 1641 1857 monuit

438 1883 853 1966 frequenter:
900 1893 975 1948 ut
1017 1884 1167 1967 jura
1208 1882 1482 1946 ecclesie
1528 1881 1638 1945 dei

437 1981 668 2036 contra
698 1981 1077 2036 sanctorum
1124 1979 1389 2053 patrum
1440 1969 1639 2053 privi-

436 2059 612 2142 legia
636 2061 1023 2143 inusurpata
1070 2058 1193 2122 sibi
1246 2057 1636 2122 restitueret.

433 2148 654 2282 Sed
703 2157 956 2229 quanto
1000 2146 1211 2210 archi·
1260 2145 1501 2230 [Lectio
1546 2146 1636 2227 vj.

571 2237 919 2318 episcopus
1037 2242 1178 2297 erat
1268 2233 1580 2296 humilior
1619 2254 1634 2298 ε

434 2332 625 2409 tanto
687 2344 808 2386 rex
868 2331 937 2386 et
984 2321 1264 2385 sathane
1312 2320 1634 2385 satellites

433 2413 799 2475 extiterant
828 2411 1223 2474 rebelliores
1315 2409 1518 2474 Unde
1564 2417 1634 2472 et

434 2519 553 2582 per
573 2500 845 2563 beatum
874 2498 1326 2563 eadmundum
1346 2516 1634 2578 suosque

434 2588 863 2671 coepiscopos
895 2587 961 2650 in
1007 2594 1436 2668 occupatores
1485 2604 1632 2667 per-

432 2677 943 2759 turbatoresque
1018 2675 1258 2757 injuste
1328 2673 1494 2756 juris
1560 2681 1632 2736 et

434 2764 755 2828 libertatis
797 2763 1071 2828 ecclesie
1100 2763 1205 2826 dei
1239 2780 1630 2824 excommu-

434 2853 781 2917 nicationis
828 2851 1156 2915 sententia
1208 2849 1632 2933 promulgata

436 2941 600 3004 mari
632 2943 911 3005 transito
928 2941 1110 3004 venit
1130 2939 1582 3022 pontiniacum
1615 2957 1630 3003 ε

432 3029 546 3110 qui
580 3038 652 3092 ut
684 3030 869 3092 fieret
895 3029 1123 3092 fortior
1153 3025 1628 3089 infirmabatur.

438 3116 528 3180 Et
561 3138 709 3181 cum
744 3117 1219 3198 aliquantisper
1240 3133 1389 3176 cum
1417 3114 1630 3176 fratri-

434 3205 559 3268 bus
614 3206 773 3268 inibi
824 3211 1344 3268 commorasset:
1392 3201 1458 3262 in
1509 3201 1632 3264 do-

436 3293 599 3356 mini
681 3293 1089 3356 consessione
1166 3289 1486 3374 requievit
1562 3289 1628 3351 in

435 3399 638 3462 pace:
670 3390 738 3442 et
763 3381 827 3443 in
852 3379 1128 3442 ecclesia
1148 3377 1632 3460 pontiniacensi

434 3477 536 3530 est
567 3467 879 3549 sepultus.
973 3466 1089 3529 Ad
1120 3464 1459 3529 cumulum
1508 3465 1626 3546 igi-

432 3565 544 3618 tur
572 3555 777 3637 glorie
806 3565 872 3618 et
902 3553 1222 3618 honorem
1271 3554 1369 3616 sui
1402 3572 1628 3636 presu-

433 3643 514 3706 lis
573 3643 989 3706 eadmundi:
1064 3642 1231 3704 muti
1293 3642 1381 3704 ab
1440 3649 1630 3704 utero

434 3732 663 3795 matris
725 3741 899 3793 recte
959 3730 1365 3811 loquuntur:
1441 3749 1630 3810 para-

433 3819 614 3902 lytici
650 3819 1156 3884 convalescunt:
1186 3819 1324 3880 ceci
1355 3817 1629 3880 vident:

428 3908 651 3972 claudi
698 3907 1080 3972 ambulant:
1124 3905 1377 3970 obsessi
1427 3926 1468 3967 a
1512 3904 1626 3967 de-

430 3998 739 4060 monibus
817 3996 1225 4059 liberantur:
1316 3993 1630 4057 Carceres

429 4087 857 4167 aperiuntur:
909 4083 1172 4148 vincula
1232 4080 1628 4144 solvuntur:

428 4175 863 4257 omniumque
937 4191 1185 4254 genera
1246 4170 1626 4232 morborum

426 4271 755 4326 curantur.
888 4259 1249 4342 EapositiO.
1396 4257 1630 4321 Homo

1450 4431 1463 4459 ¹
1506 4427 1603 4477 ‘o’
1637 4443 1779 4478 om.:

2262 371 2420 426 698

1746 475 2023 558 quidam
2071 495 2364 560 peregre.
2459 477 2722 544 Omelia
2767 487 2842 540 ut
2877 477 2940 540 in

1745 567 2091 629 communi.
2574 566 2792 628 Lectio
2817 565 2942 647 νὶᾔ.

1757 652 1879 785 O
1913 651 2139 734 magni
2172 652 2386 716 meriti
2434 653 2768 736 presulem
2805 675 2821 716 :
2863 654 2938 715 ο1

1885 760 2130 822 magna
2162 739 2441 823 presulis
2475 743 2732 804 merita.
2787 741 2942 823 Quis
3049 813 3051 824 2

1747 847 2040 908 unquam
2075 830 2491 910 excogitaret
2523 829 2698 892 hanc
2729 849 2944 911 presu-

1746 914 1825 976 lis
1857 916 2258 998 dignitatem
2290 937 2304 980 :
2352 925 2425 979 ut
2470 917 2700 980 divina
2731 917 2943 1000 provi-

1743 1002 1951 1067 dente
1981 1004 2337 1067 clementia
2383 1004 2702 1068 abortivis
2739 1005 2944 1068 insan-

1743 1090 1904 1154 tulis
1979 1093 2313 1174 oppressis
2349 1113 2364 1154 :
2439 1093 2808 1156 demersis:
2879 1102 2944 1156 et

1743 1179 2129 1261 corporibus
2205 1178 2354 1242 aliis
2443 1180 2944 1262 quampluribus

1740 1285 1899 1330 vero
1931 1268 2211 1331 mortuis
2241 1269 2451 1330 vitam
2473 1269 2767 1332 reddidit
2785 1278 2945 1331 tem-

1739 1355 2056 1436 poralem.
2158 1355 2336 1438 Quia
2411 1356 2614 1438 igitur
2687 1356 2940 1419 nullum

1741 1442 2129 1506 miraculum
2193 1442 2546 1525 gloriosius
2607 1464 2816 1525 quam
2863 1446 2944 1508 de

1737 1531 2091 1612 dispendio
2135 1529 2381 1594 funeris
2431 1531 2713 1595 reddere
2763 1553 2943 1594 com-

1739 1619 1985 1700 pendia
2014 1619 2318 1682 sanitatis
2346 1640 2360 1682 :
2407 1639 2542 1696 non
2580 1619 2670 1682 ab
2705 1641 2776 1682 re
2805 1641 2944 1683 esse

1739 1706 2007 1769 videtur
2057 1714 2247 1769 tante
2293 1707 2764 1770 admirationis
2815 1711 2946 1789 sig-

1739 1813 1900 1858 num
1931 1794 2218 1858 breviter
2247 1796 2563 1877 tetigisse.
2657 1795 2842 1858 Nam
2876 1806 2945 1859 ut

1736 1881 2068 1963 preteritis
2172 1901 2458 1965 sequens
2549 1882 2944 1947 miraculum

1737 1967 1939 2032 fidem
1971 1968 2214 2034 faciat:
2259 1969 2456 2050 hujus
2488 1971 2582 2034 rei
2627 1973 2825 2034 testis
2869 1981 2936 2036 et

1732 2077 1927 2121 verus
1988 2057 2316 2140 propheta
2375 2059 2612 2122 beatus
2675 2057 2946 2123 thomas

1735 2155 1991 2227 martyr
2017 2147 2310 2209 creditur
2338 2146 2663 2210 extitisse.
2741 2147 2828 2210 L.
2861 2149 2944 2212 ix.

1875 2234 1938 2295 ui
1969 2253 2127 2296 vero
2159 2235 2394 2297 beatus
2443 2234 2718 2297 thomas
2760 2245 2946 2318 post-

1867 2342 2072 2403 quam
2102 2322 2428 2384 diutinam
2463 2342 2726 2385 moram
2774 2334 2948 2387 tem-

1732 2428 1892 2492 pore
1925 2408 2111 2472 exilii
2163 2409 2308 2474 sui:
2353 2418 2420 2472 et
2476 2411 2563 2472 de
2619 2413 2948 2476 mandato

1733 2497 1941 2561 felicis
1991 2498 2310 2561 memorie
2359 2497 2714 2561 alexandri
2771 2520 2950 2582 pape

1732 2584 1798 2648 in
1928 2585 2334 2648 monasterio
2452 2587 2950 2669 pontiniacensi

1729 2672 2048 2736 traxisset
2075 2695 2090 2736 :
2137 2681 2206 2736 et
2236 2681 2508 2736 ostenso
2537 2675 2670 2736 sibi
2703 2675 2950 2739 celitus

1731 2761 1978 2825 indicio
2007 2781 2022 2824 :
2054 2761 2234 2842 quod
2252 2762 2340 2824 ad
2373 2761 2730 2825 ecclesiam
2751 2783 2948 2827 suam

1731 2850 2017 2913 rediret:
2096 2869 2214 2930 per
2275 2851 2574 2933 martyrii
2637 2851 2951 2932 palmam

1727 2937 2125 3019 migraturus
2185 2937 2273 2999 ad
2348 2937 2746 3002 dominum:
2829 2961 2952 3004 nec

1729 3045 1850 3106 pro
1899 3025 2314 3088 exhibitione
2367 3045 2572 3108 quam
2627 3029 2948 3092 monachi

1727 3113 2028 3193 ejusdem
2087 3115 2468 3176 monasterii
2517 3113 2646 3177 sibi
2699 3117 2952 3180 devote

1729 3200 2024 3264 fecerant
2055 3200 2332 3264 haberet
2373 3201 2550 3265 unde
2599 3204 2952 3269 satisface-

1729 3297 1829 3351 ret
1878 3290 1963 3352 ad
2015 3309 2136 3352 sua
2182 3298 2382 3353 vota:
2434 3289 2784 3371 pollicitus
2851 3303 2954 3357 est
3048 3305 3051 3368 ξ

1943 3377 2123 3460 quod
2187 3384 2343 3458 post
2402 3397 2555 3441 eum
2621 3391 2952 3444 venturus
3048 3373 3051 3422 s

1727 3396 1822 3439 eis
1851 3399 1866 3440 :

1726 3472 1904 3527 esset
1933 3464 2076 3546 ejus
2107 3484 2445 3528 successor
2475 3465 2540 3529 in
2576 3487 2708 3530 sua
2739 3471 2954 3533 eccle-

1729 3553 1830 3616 sia
1888 3552 2345 3616 satisfacturus
2405 3574 2528 3635 pro
2585 3576 2714 3620 eo:
2763 3558 2951 3640 quod
3048 3571 3051 3600 ¹

1721 3640 1864 3723 jam
1899 3641 2354 3704 indubitanter
2382 3643 2688 3706 creditur
2709 3645 2951 3728 imple-

1729 3739 1891 3792 tum.
2030 3729 2122 3792 Et
2195 3737 2273 3793 ut
2347 3733 2684 3794 memoria
2765 3733 2949 3796 beati

1729 3817 1960 3881 thome
1991 3817 2298 3898 martyris
2351 3816 2508 3881 inde
2557 3819 2952 3885 habeatur:
3049 3855 3051 3866 ·

1729 3905 1982 3986 primus
2012 3904 2266 3968 homo
2248 3925 2314 3967 m
2347 3906 2462 3968 illa
2505 3908 2798 3971 ecclesia
2835 3929 2954 3992 per

1728 4001 2030 4056 sanctum
2093 3993 2549 4057 eadmundum
2618 4007 2950 4062 curatus:

1730 4080 1996 4144 thomas
2037 4082 2420 4146 vocabatur.
2527 4083 2770 4166 Hujus
2811 4086 2948 4168 -igi-

1723 4179 1836 4232 tur
1904 4169 2114 4232 sancti
2165 4171 2532 4234 eadmundi
2567 4175 2838 4238 meritis
2885 4182 2950 4235 et
3049 4171 3051 4174 ⁴

1727 4258 2033 4340 precibus
2116 4259 2204 4322 ad
2273 4259 2524 4339 gaudia
2591 4263 2948 4343 pervenire
3049 4349 3051 4358 Ι

1811 4427 1898 4498 w.
