3117 4959
1519 235 1569 290 C
1570 234 1769 291 OMM
1774 234 1948 290 UNE

1063 344 1110 401 3

491 450 898 535 preveniant.
975 450 1100 514 Per
1130 447 1493 514 dominum.
1554 448 1681 514 Ad

489 541 853 604 matutinas
871 538 1043 604 Invi.
1137 540 1394 621 Regem
1419 547 1686 620 aposto-

491 628 705 692 lorum
736 628 1101 691 dominum.
1177 626 1423 691 Venite
1455 626 1685 689 adore-

487 736 654 780 muS.
726 726 828 797 pff.
919 716 1180 779 Venite.
1359 714 1686 795 Hymnus.

486 808 827 936 Eterna
847 802 1089 868 Christi
1112 822 1386 865 munera
1417 812 1685 884 aposto-

637 891 846 955 lorum
879 890 1090 973 gloria
1110 890 1340 955 laudes
1372 899 1685 954 canentes

485 979 748 1043 debitas
779 980 928 1043 letis
967 998 1284 1043 canamus
1329 978 1681 1043 mentibuS.

481 1066 935 1131 Ecclesiamm
990 1066 1317 1149 principes
1363 1065 1520 1130 belli
1568 1067 1684 1131 tri-

484 1154 832 1238 umphales
907 1155 1108 1219 duces
1198 1154 1457 1219 celestis
1531 1154 1682 1218 aule

479 1245 726 1307 milites
779 1253 848 1307 et
903 1263 1062 1306 vera
1121 1242 1350 1305 mundi
1411 1242 1679 1307 lumina.

479 1332 752 1396 Devota
798 1340 1178 1395 sanctorum
1223 1330 1389 1393 fides
1436 1330 1681 1394 invicta

480 1439 631 1501 spes
661 1419 1070 1483 credentium
1103 1416 1395 1501 perfecta
1431 1417 1677 1482 Christi

477 1507 763 1572 charitas
809 1507 1040 1570 mundi
1086 1505 1452 1588 triumphat
1500 1507 1679 1588 prin-

477 1596 712 1678 cipem.
819 1596 906 1657 In
966 1594 1069 1658 his
1129 1604 1406 1677 paterna
1463 1594 1678 1675 gloria

477 1684 543 1746 in
605 1682 707 1746 his
771 1682 1082 1746 voluntas
1142 1681 1314 1746 filius
1391 1681 1677 1746 Exultat

477 1772 543 1833 in
605 1771 710 1835 his
765 1769 1034 1853 spiritus
1093 1769 1310 1833 celum
1387 1770 1680 1852 repletur

473 1858 753 1941 gaudiis,
885 1858 978 1921 Te
1045 1877 1224 1921 nunc
1297 1857 1679 1940 redemptor

477 1966 837 2028 quesumus
885 1954 960 2009 ut
1004 1945 1296 2028 ipsorum
1343 1946 1675 2010 consortio

469 2035 716 2118 jungas
805 2040 1152 2116 precantes
1241 2033 1530 2096 servulos
1606 2034 1675 2097 in

347 2144 356 2157 ·
475 2124 880 2224 sempiterna
957 2121 1192 2184 secula.
1286 2140 1498 2185 amen.
1589 2121 1675 2185 In

454 2212 518 2293 j.
551 2220 855 2273 nocturno
877 2230 982 2273 an.
1033 2209 1114 2272 In
1138 2227 1404 2272 omnem
1429 2217 1672 2272 terram

473 2299 684 2363 exivit
729 2317 930 2361 sonus
975 2316 1241 2360 eorum:
1287 2304 1356 2359 et
1387 2283 1466 2360 in
1509 2296 1676 2361 fines

473 2388 652 2451 orbis
711 2394 881 2450 terre
953 2384 1156 2448 verba
1221 2404 1466 2448 eorum.
1570 2394 1671 2468 ps'.

477 2474 622 2541 celi
675 2481 1001 2537 enarrant.
1096 2472 1232 2537 An.
1325 2471 1675 2536 Clamave-

473 2572 628 2627 runt
652 2562 851 2644 justi:
898 2570 964 2624 et
988 2560 1294 2623 dominus
1323 2560 1672 2624 exaudivit

473 2672 607 2715 eos.
668 2659 770 2731 pssr‘.
820 2648 1236 2712 Benedicam.
1311 2650 1375 2713 A
1386 2656 1446 2713 ii.
1494 2648 1671 2712 Con-

473 2739 710 2803 stitues
751 2758 864 2801 eos
909 2736 1236 2818 principes
1281 2756 1482 2818 super
1527 2757 1673 2800 om-

473 2847 628 2891 nem
707 2835 1000 2889 terram:
1077 2844 1403 2887 memores
1477 2834 1671 2889 erunt

473 2915 761 2979 nominis
792 2912 888 2977 tui
920 2912 1205 2977 domine.
1281 2920 1384 2994 ps‘.
1463 2912 1671 2975 Eruc-

470 3005 652 3069 tavit.
774 3018 822 3089 γ
869 3001 950 3064 In
988 3020 1275 3064 omnem.
1367 3000 1668 3081 primum

467 3092 582 3156 Re.
679 3092 855 3154 Ecce
906 3108 1034 3171 ego
1083 3088 1280 3152 mitto
1333 3107 1452 3151 vos
1499 3088 1670 3152 sicut

466 3200 625 3244 oves
687 3179 754 3241 in
783 3177 1050 3240 medio
1126 3176 1432 3259 luporum
1508 3176 1670 3241 dicit

467 3268 798 3330 dominus,
860 3265 1095 3328 Estote
1125 3283 1285 3345 ergo
1307 3263 1669 3345 prudentes

467 3355 640 3418 sicut
723 3361 1114 3433 serpentes:
1190 3360 1260 3413 et
1332 3352 1667 3434 simplices

465 3444 638 3507 sicut
696 3439 1018 3504 columbe.
1111 3454 1156 3525 y
1207 3439 1390 3502 Dum
1450 3438 1665 3503 lucem

465 3529 726 3595 habetis
764 3528 1012 3592 credite
1043 3526 1110 3590 in
1142 3526 1357 3589 lucem
1383 3546 1397 3590 :
1443 3536 1518 3590 ut
1549 3526 1665 3591 filii

467 3619 633 3682 lucis
751 3617 944 3681 sitis:
1057 3615 1219 3679 dicit
1337 3613 1667 3681 dominus,

467 3706 721 3770 Estote.
815 3703 884 3786 ij.
925 3702 1043 3769 Re.
1134 3701 1384 3765 Tollite
1423 3702 1663 3785 jugum

465 3813 690 3859 meum
727 3812 926 3875 super
955 3811 1072 3855 vos
1103 3789 1265 3855 dicit
1308 3790 1619 3854 dominus
1648 3813 1663 3856 :

463 3892 533 3946 et
593 3881 826 3945 discite
900 3879 1058 3962 quia
1131 3878 1310 3941 mitis
1385 3898 1532 3941 sum
1594 3888 1665 3943 et

461 3970 732 4034 humilis
821 3966 1034 4031 corde.
1154 3968 1405 4047 Jugum
1482 3967 1659 4030 enim

461 4077 688 4122 meum
719 4076 918 4119 suave
950 4063 1088 4119 est:
1135 4063 1204 4117 et
1233 4073 1402 4118 onus
1434 4074 1658 4118 meum

461 4146 624 4211 leve.
658 4163 704 4231 γ
724 4144 816 4208 Et
837 4142 1181 4207 invenietis
1205 4142 1515 4244 requiem
1519 4144 1659 4206 ani-

461 4234 700 4300 mabus
721 4234 973 4296 vestris·
1061 4230 1330 4314 Jugum.
1423 4230 1521 4313 iy'.
1543 4231 1657 4297 Re.

609 4420 628 4453 ¹
664 4417 960 4469 Abraham·
948 4456 959 4467 .
996 4416 1148 4467 W.E.
1160 4416 1222 4466 G.
1234 4416 1287 4467 S.

1612 4416 1633 4447 ²
1664 4420 1800 4480 pro‘
1815 4416 1868 4466 in
1888 4416 2025 4468 'de.
2060 4418 2124 4469 G.

2364 346 2413 398 4

1794 448 1977 513 Dum
2052 448 2369 514 steteritis
2418 458 2579 513 ante
2656 470 2848 533 reges
2928 458 3001 515 et

1790 538 2129 620 presides:
2204 538 2412 602 nolite
2468 538 2765 620 cogitare
2826 560 2997 621 quo-

1792 625 1994 690 modo
2026 634 2141 689 aut
2172 626 2333 709 quid
2374 626 2759 709 loquamini.
2853 628 2999 690 Da-

1792 712 1968 776 bitur
2041 714 2218 777 enim
2277 714 2467 778 vobis
2526 714 2593 776 in
2653 714 2767 778 illa
2826 712 2996 779 hora

1788 801 1950 883 quid
2011 801 2393 884 loquamini.
2495 818 2543 889 γ
2591 803 2747 865 Non
2808 805 2991 866 enim

1786 909 1906 953 vos
1982 891 2141 953 estis
2212 891 2326 972 qui
2402 889 2794 972 loquimini:
2870 893 2988 955 sed

1788 976 2055 1059 spiritus
2095 979 2302 1059 patris
2346 980 2582 1043 vestri:
2626 979 2741 1060 qui
2775 978 2993 1061 loqui-

1788 1074 1897 1128 tur
1944 1065 2009 1128 in
2063 1066 2267 1129 vobis
2384 1065 2687 1129 Dabitur.
2794 1066 2883 1129 In
2934 1068 2996 1150 ij

1785 1162 2089 1216 nocturno
2146 1163 2255 1217 aii.
2377 1154 2713 1237 Principes
2773 1175 2989 1237 popu-

1784 1238 1999 1305 lorum
2032 1243 2414 1325 congregati
2459 1252 2613 1305 sunt
2660 1262 2815 1307 cum
2858 1244 2987 1307 deo

1782 1329 2100 1393 abraam.¹
2198 1339 2299 1412 pff.
2411 1330 2668 1395 Omnes
2728 1340 2982 1412 gentes

1781 1417 1915 1481 Αῆ.
1979 1418 2241 1482 Dedisti
2273 1417 2709 1482 hereditatem
2743 1420 2988 1483 timen-

1780 1504 1961 1569 tibus
1992 1526 2237 1569 nomen
2278 1514 2469 1569 tuum
2515 1506 2804 1570 domine.
2884 1516 2984 1589 pf.

1783 1593 2055 1657 Exaudi
2158 1596 2323 1658 deus
2426 1595 2983 1677 deprecationem.

1778 1682 1914 1747 Αῆ.
2060 1681 2657 1746 Annunciaverunt
2778 1703 2985 1765 opera

1780 1769 1931 1834 dei:
1978 1779 2045 1833 et
2078 1768 2254 1833 facta
2298 1770 2441 1852 ejus
2486 1769 2981 1835 intellexerunt.

1770 1865 1865 1937 ps.
1986 1857 2262 1923 Exaudi
2353 1859 2517 1922 deus
2608 1860 2981 1922 orationem

1780 1964 2001 2009 meam
2062 1965 2213 2009 cum
2273 1946 2607 2029 deprecor.
2700 1963 2748 2034 γ
2806 1946 2984 2012 Con-

1778 2034 2012 2096 stitues
2058 2054 2172 2096 eos
2222 2034 2551 2116 principes
2594 2054 2798 2117 super
2840 2055 2983 2098 orn-

1776 2139 1931 2183 nem
2004 2130 2264 2185 terram.
2388 2123 2723 2186 Memores
2786 2132 2980 2187 erunt

1778 2208 2063 2271 nominis
2116 2210 2213 2273 tui
2264 2210 2552 2277 domine.
2648 2208 2979 2289 Quartum

1776 2298 2257 2377 responsorium.
2367 2298 2523 2362 Vidi
2585 2297 2979 2381 conjunctos

1774 2385 1951 2448 viros
1972 2384 2295 2449 habentes
2318 2386 2703 2468 splendidas
2721 2398 2979 2452 vestes:

1776 2481 1845 2535 et
1875 2472 2151 2555 angelus
2181 2474 2435 2538 domini
2460 2474 2723 2540 locutus
2755 2486 2863 2540 est
2892 2476 2977 2539 ad

1774 2579 1884 2623 me
1915 2560 2183 2627 dicens:
2233 2562 2354 2626 Isti
2400 2572 2555 2626 sunt
2598 2563 2721 2626 viri
2762 2565 2978 2627 sancti

1773 2648 1969 2713 amici
2015 2650 2140 2714 dei.
2231 2666 2279 2737 γ
2322 2650 2482 2714 Vidi
2515 2651 2835 2733 angelum
2870 2652 2977 2715 dei

1772 2735 2111 2800 volantem
2158 2758 2277 2820 per
2320 2739 2614 2803 medium
2648 2739 2775 2803 celi
2818 2760 2980 2805 voce

1773 2843 2020 2907 magna
2050 2825 2451 2890 clamantem
2496 2835 2565 2890 et
2595 2827 2979 2893 dicentem:

1777 2911 1899 2975 Isti
1972 2922 2133 2977 sunt
2214 2914 2333 2977 viri
2430 2915 2659 2979 sancti.
2756 2937 2821 2981 v.
2886 2938 2980 2979 re-

1769 3002 2187 3080 sponsorium.
2280 3002 2402 3066 Isti
2426 3011 2583 3067 sunt
2606 3004 2811 3067 trium
2817 3004 2981 3087 pha-

1770 3096 1947 3151 tores
1978 3098 2046 3153 et
2082 3089 2276 3154 amici
2317 3090 2469 3155 dei:
2487 3092 2629 3193 ‘qui
2678 3102 2982 3156 contem·
3047 3092 3050 3095 ’

1770 3184 2005 3239 nentes
2057 3177 2245 3260 jussa
2296 3178 2666 3262 principum
2718 3199 2981 3272 merue-
3044 3174 3048 3205 '¹

1770 3272 1924 3328 runt
1982 3266 2238 3346 premia
2268 3275 2510 3331 eterna.
2604 3266 2825 3332 Modo
2872 3260 2981 3333 co-

1768 3361 2091 3417 ronantur
2150 3362 2219 3417 et
2258 3354 2592 3457 accipiunt
2652 3354 2979 3439 palmam.

1768 3454 1815 3523 γ
1883 3440 2004 3505 Isti
2079 3451 2236 3505 sunt
2306 3444 2422 3525 qui
2494 3453 2828 3508 venerunt
2890 3467 3032 3526 ex,

1769 3547 2015 3611 magna
2059 3530 2520 3596 tribulatione:
2566 3541 2635 3596 et
2665 3531 2979 3599 laverunt

1767 3615 1975 3679 stolas
2047 3637 2200 3681 suas
2262 3619 2329 3683 in
2395 3620 2719 3701 sanguine
2798 3622 2979 3703 agni.

1768 3704 1998 3769 Mod0.
2088 3706 2173 3787 vj.
2205 3706 2318 3770 Re.
2414 3708 2536 3771 Isti
2566 3708 2881 3773 viventes
2912 3711 2976 3773 in

1768 3811 1963 3855 carne
1994 3791 2461 3875 plantaverunt
2484 3794 2801 3860 ecclesias
2825 3818 2979 3861 san-

1765 3881 1966 3961 guine
2018 3901 2179 3946 suo:
2238 3902 2373 3945 non
2414 3893 2571 3947 sunt
2618 3883 2726 3947 in'
2784 3886 2981 3949 terris

1764 3987 2040 4049 corpora
2087 3989 2316 4033 eorum
2364 3980 2687 4073 separata.
2788 3972 2983 4055 Quo-

1762 4074 1906 4119 rum
1954 4058 2224 4121 merita³
2252 4067 2409 4122 sunt
2440 4060 2507 4123 in
2538 4059 2699 4123 celis
2748 4062 2981 4126 anime

1761 4152 2139 4208 sanctorum
2176 4147 2543 4229 coequales.
2634 4164 2685 4235 γ
2734 4148 2981 4216 Sancti

1759 4251 1880 4313 per
1909 4231 2109 4297 fidem
2142 4234 2441 4299 vicerunt
2470 4256 2675 4319 regna
2708 4241 2979 4323 operati

2424 4423 2446 4453 ⁸
2478 4420 2623 4471 merit
