3117 4959
992 207 1248 262 JNFRA
1308 205 1411 262 OC
1414 206 1468 260 T
1462 206 1516 260 A
1534 206 1634 260 VA
1643 206 1713 260 M
1765 205 1864 259 SA
1875 205 1988 260 Nc·
1993 206 2047 261 T
2039 206 2077 260 J
2135 205 2532 261 WJLELMJ.

1080 316 1218 370 313

508 422 593 488 ad
642 419 981 486 oculorum
1030 419 1361 484 nundinas
1410 439 1704 484 accesse-

510 519 679 572 runt.
774 509 911 571 Illis
958 508 1157 589 igitur
1196 507 1701 590 aliquantisper¹

510 597 577 660 in
601 597 900 660 oratione
925 595 1337 659 morantibus
1364 617 1378 659 :
1428 605 1704 678 uterque

508 683 872 748 secundum
914 702 1030 746 sue
1076 685 1281 766 partis
1330 683 1703 748 desectum:

509 771 715 835 divini
777 771 1043 834 luminis
1106 772 1314 836 sensit
1374 771 1704 835 effectum.

512 859 688 924 Octo
777 859 1043 940 insuper
1122 859 1374 922 eisdem
1467 858 1704 922 diebus

512 946 845 1010 monoculi
920 947 1120 1009 facies
1210 966 1364 1008 suas
1443 946 1704 1009 infamis

507 1035 742 1097 binarii
802 1034 891 1096 ab
954 1034 1209 1097 unitate
1285 1035 1704 1099 recedentis:

507 1121 760 1185 calculo
778 1121 1191 1202 gratulantur
1208 1122 1519 1202 insigniri.
1541 1123 1622 1185 L.
1636 1123 1706 1204 ᾔ.

610 1229 652 1272 n
674 1210 907 1273 eadem
928 1208 1353 1286 hebdomada
1371 1210 1532 1273 seria
1552 1229 1704 1272 sex-

611 1306 717 1361 ta:
766 1297 999 1360 mulier
1030 1297 1315 1377 quedam
1364 1298 1703 1379 septennis

508 1385 804 1450 cecitatis
896 1383 1218 1448 mulctata
1326 1385 1652 1466 supplicio
1687 1406 1702 1450 z

509 1492 740 1536 omnes
790 1473 1112 1536 viscerum
1165 1481 1426 1535 meatus
1471 1473 1703 1535 intrin-

510 1581 699 1626 secus
730 1561 887 1624 tabe
931 1561 1253 1642 serpentis
1300 1559 1577 1623 infectos
1609 1561 1702 1624 sic

508 1649 744 1712 habuit
773 1657 840 1712 et
890 1647 1191 1711 inflatos:
1239 1657 1313 1710 ut
1357 1648 1703 1730 pugnans²

508 1735 809 1819 gemellis
840 1745 910 1800 et
940 1737 1158 1818 partui
1188 1736 1407 1799 vicina
1436 1745 1704 1817 putare·

509 1833 654 1888 tur:
698 1832 855 1888 ante
878 1843 1133 1888 sacrum
1153 1844 1389 1908 corpus
1420 1823 1704 1888 orationi

509 1911 738 1975 dedita
798 1919 1020 1974 tumor
1078 1911 1323 1975 ventris
1382 1915 1703 1976 sedatur:

509 2008 578 2062 et
597 2000 889 2063 cecitatis
908 1997 1115 2062 nubes
1134 1998 1478 2082 effugatur.
1508 2000 1587 2065 L.
1608 1999 1703 2083 iij.

508 2085 898 2216 Populus
991 2086 1266 2168 quidam
1357 2087 1704 2169 cujusdam

662 2173 913 2238 filtrarii
972 2195 1137 2256 puer
1197 2175 1263 2238 in
1324 2185 1527 2257 puteo
1587 2175 1706 2239 ab·

510 2271 773 2343 sorptus
822 2270 978 2325 ante
1027 2261 1203 2326 beati
1252 2262 1515 2328 wilelmi
1569 2283 1706 2327 me-

512 2350 789 2412 moriam
833 2350 910 2412 a⁸
930 2351 1323 2432 parentibus
1370 2361 1705 2434 presenta-

509 2445 635 2500 tur.
775 2437 866 2500 Et
941 2458 1093 2501 ecce
1168 2438 1519 2501 ineffabilis
1595 2439 1701 2502 dei

512 2525 958 2588 misericordia
1008 2525 1180 2589 inter
1232 2527 1367 2588 ima
1424 2525 1702 2608 suspiria

509 2613 716 2694 spirat
748 2612 974 2676 divina
1003 2614 1257 2696 gratia:
1304 2615 1477 2676 intro
1508 2613 1702 2676 fletus

511 2709 773 2766 mortuo
865 2721 1037 2764 nova
1122 2701 1263 2764 vita
1347 2711 1699 2783 reparatur.

512 2788 622 2852 Fit
666 2807 826 2870 ergo
872 2788 938 2851 in
984 2809 1187 2870 puero
1236 2788 1555 2852 suscitato
1605 2789 1704 2852 di·-

508 2875 661 2940 vine
688 2877 899 2958 gratie
946 2877 1272 2940 mutatio:
1318 2875 1533 2940 luctus
1566 2877 1704 2959 ple-

509 2963 610 3028 bis
651 2974 719 3027 et
764 2964 1071 3028 anxietas
1117 2965 1203 3026 ad
1254 2962 1361 3027 dei
1411 2974 1479 3027 et
1523 2963 1704 3028 beati

507 3051 771 3115 wilelmi
803 3051 1033 3116 laudes
1056 3061 1124 3116 et
1152 3053 1513 3134 gratiarum
1544 3071 1702 3114 con·

506 3149 785 3222 surgunt
816 3141 1127 3204 actioneS.

508 3227 859 3290 Dominica
912 3227 1099 3308 infra
1148 3237 1441 3292 octavam
1496 3226 1710 3290 sancti

508 3313 819 3378 wilelmi.⁴
1419 3314 1632 3378 Lectio
1641 3315 1704 3395 j.

617 3401 755 3464 llud
790 3401 989 3465 etiam
1030 3403 1446 3467 curationum
1476 3423 1701 3467 cumu-

618 3489 698 3552 lis
774 3488 1056 3552 inserere
1144 3492 1423 3572 dignum
1484 3489 1650 3552 duxi
1687 3511 1702 3554 :

511 3576 693 3660 quod
755 3576 1096 3640 mulierem
1172 3577 1507 3659 quandam
1530 3577 1555 3614 ⁶
1615 3576 1701 3639 ad

511 3663 840 3728 tumulum
893 3665 1309 3727 venientem:
1358 3665 1451 3726 ita
1494 3665 1706 3746 capti-

510 3760 781 3816 vaverat
824 3773 867 3814 a
912 3751 1257 3815 nativitate
1306 3761 1539 3814 nature
1587 3751 1704 3815 de-

513 3838 763 3904 sectus:
818 3840 998 3921 quod
1049 3838 1219 3902 inter
1263 3858 1514 3902 annosa
1567 3840 1702 3903 vite

510 3947 626 3994 sue
646 3936 979 4010 tempora:
1006 3947 1129 3990 nec
1149 3926 1374 4009 lingua
1394 3927 1702 3990 formavit

507 4016 781 4080 verbum
808 4037 821 4079 :
866 4034 986 4078 nec
1018 4015 1191 4078 auris
1224 4015 1490 4078 admisit
1513 4013 1699 4078 audi-

508 4111 669 4167 tum.
701 4103 951 4167 Verum
971 4123 1120 4167 cum
1148 4103 1213 4165 in
1232 4104 1531 4166 oratione
1552 4123 1702 4184 per-

509 4199 841 4255 noctasset
866 4191 1111 4272 duplici
1132 4190 1447 4272 languore
1466 4189 1702 4272 depul-

508 4329 525 4360 ¹
561 4327 828 4393 aliquantis
850 4343 1079 4393 semper:
1116 4327 1169 4378 S.

509 4397 529 4428 ⁴
569 4393 1136 4460 ‘archyqiscopi’adds
1169 4393 1221 4443 S.

1339 4391 1680 4458 ⁸quendam·

1572 4327 1908 4443 Ῥωξτηιιιε·
1943 4327 2074 4379 N.S.

2331 314 2466 370 814

1803 440 1917 484 so:
1965 419 2290 501 plectrum
2323 419 2548 500 lingue
2577 417 2912 498 solvitur:
2944 428 3008 482 et

1803 509 2068 571 auditus
2095 509 2302 589 janua
2321 515 2659 570 reseratur.
2706 508 2944 570 Lectio
2951 508 3009 588 j.

1801 595 2165 727 Eisdem
2184 596 2420 661 diebus
2438 595 2690 660 semina-
2709 596 3010 677 quedam

1927 681 2022 746 ‘in
2095 693 2366 746 senecta
2445 683 2628 765 gravi
2705 684 3012 746 cecitatis

1803 771 2082 834 vinculis
2157 770 2370 834 fuerat
2447 769 2734 851 alligata.
2875 771 3012 835 Sed

1805 868 2160 940 postquam
2193 858 2602 921 medicinalis
2625 857 2760 920 olei
2795 857 3015 938 liqua-

1805 948 1982 1010 mine
2012 947 2274 1029 putride
2313 945 2562 1029 pupille
2590 944 2866 1008 fuerant
2899 946 3015 1008 de·

1803 1033 2050 1098 libute:
2096 1043 2286 1096 vetus
2332 1033 2548 1096 incola
2589 1033 2850 1096 cecitas
2896 1033 3014 1095 ab·

1804 1122 2076 1186 scessit:
2153 1130 2222 1184 et
2282 1121 2694 1184 desideratus
2755 1119 3016 1202 hospes

1803 1209 1981 1272 visus
2087 1208 2498 1272 subintravit.
2651 1207 3016 1270 Paralitice

1803 1315 2070 1378 quoque
2093 1297 2415 1379 passionis
2439 1296 2820 1358 dominatio
2839 1297 3018 1360 adeo

1801 1383 2148 1465 cujusdam
2197 1384 2316 1448 viri
2367 1385 2666 1448 membra
2719 1384 3017 1466 popula-

1803 1481 1906 1535 rat
1935 1483 2010 1536 ut
2041 1472 2334 1554 quelibet
2355 1472 2645 1554 corporis
2668 1491 3020 1554 compago

1805 1581 1846 1622 a
1889 1561 2024 1624 suis
2077 1561 2349 1624 artubus
2397 1560 2612 1624 fuerat
2658 1560 3016 1624 dissoluta.

1805 1647 1911 1711 Eo
1971 1648 2170 1730 igitur
2216 1651 2303 1713 ad
2352 1647 2682 1712 tumulum
2731 1648 3018 1713 delato:

1804 1737 1988 1799 omni
2027 1736 2498 1800 imbecillitatis
2543 1755 2848 1799 marcore
2895 1737 3015 1800 de-

1804 1824 2060 1905 posito:
2137 1823 2340 1887 totius
2401 1823 2692 1905 corporis
2751 1822 3016 1888 fabrica

1804 1920 2222 1976 restauratur.
2656 1910 2878 1973 Lectio
2913 1911 3013 1993 iy'.

1944 1999 2054 2062 uid
2115 2019 2440 2062 currerem
2489 2019 2608 2080 per
2655 1998 3011 2080 singulos?

1943 2088 2258 2171 Quinque
2288 2085 2610 2169 paralitici
2641 2086 3010 2167 promiscui

1805 2195 2047 2238 sexus:
2079 2195 2246 2254 quos
2267 2173 2638 2237 miseranda
2659 2173 3012 2254 paralitice

1803 2264 2008 2345 pestis
2032 2262 2418 2326 calamitas:
2449 2270 2602 2325 actu
2633 2271 2703 2324 et
2731 2261 3014 2342 gressu⁶

1803 2351 2234 2414 destituerat:
2267 2349 2706 2413 incolumitati
2724 2350 3012 2431 pristine
3075 2417 3077 2422 .

1803 2437 2088 2519 mystica
2146 2437 2388 2501 virtute
2448 2437 2866 2500 redduntur:
2943 2446 3012 2499 et

1803 2525 2026 2607 lingue
2079 2526 2258 2607 prius
2312 2523 2537 2607 palato
2591 2544 2869 2588 annexe
2921 2525 3009 2588 ad

1803 2612 1912 2676 dei
1942 2622 2010 2676 et
2039 2613 2252 2678 sancti
2275 2611 2565 2677 willelmi
2587 2610 2828 2675 laudes
2851 2623 3010 2676 sunt

1803 2700 2104 2765 resolute.

1804 2792 2080 2921 Hoc
2109 2808 2256 2852 cum
2277 2787 2756 2870 explanatione
2776 2788 3006 2870 singu-

1999 2875 2116 2940 lari
2164 2876 2444 2959 dignum
2495 2884 2773 2957 reputo:
2823 2876 3007 2958 quod

1803 2984 2012 3028 senex
2045 2964 2318 3046 quidam
2365 2983 2484 3046 per
2527 2963 2749 3045 plures
2791 2984 3008 3028 annos

1804 3052 1994 3135 quasi
2055 3052 2122 3114 in
2182 3051 2386 3134 pilam
2438 3049 2888 3133 complicatus
2941 3052 3010 3114 in

1805 3148 2066 3204 tantum
2126 3136 2572 3203 curabatur⁷z
2641 3148 2720 3202 ut
2797 3159 3010 3221 genas

1802 3227 2083 3310 genibus
2113 3227 2568 3308 gestantibus:
2614 3227 2913 3290 brachiis
2943 3237 3012 3290 et

1805 3315 2100 3378 cruribus
2161 3314 2357 3378 simul
2417 3313 2792 3378 contortis:
2873 3335 3010 3378 non

1804 3402 2018 3466 celum
2093 3402 2212 3466 sed
2288 3402 2508 3466 solum
2600 3403 3010 3466 intuebatur.

1804 3489 1938 3572 Qui
1971 3490 2130 3553 dum
2165 3491 2332 3554 cella
2377 3490 2745 3572 portatoria
2785 3500 3009 3571 gesta-

1803 3587 1981 3641 retur
2009 3577 2096 3640 ad
2127 3577 2429 3641 tumbam
2461 3578 2676 3641 sancti
2695 3578 3005 3641 wilelmi:

1803 3685 2150 3728 nervorum
2243 3666 2622 3728 nodositate
2713 3666 3006 3730 resoluta

1805 3752 1999 3834 plene
2029 3752 2298 3817 sanitati
2331 3753 2714 3817 restituitur.
2769 3753 2918 3816 La.
2943 3773 3004 3815 v.

1802 3839 2169 3973 Mulier
2197 3840 2485 3924 quedam
2511 3859 2717 3922 quam
2741 3839 3008 3922 leprosa

2003 3928 2408 4010 probrositas
2499 3929 2568 3992 in
2661 3928 3004 4010 publicum

1803 4016 2110 4099 prodire:
2171 4015 2278 4079 vel
2339 4016 2406 4079 in
2471 4015 2813 4080 maritales
2873 4037 3002 4080 non

1803 4104 2080 4168 transire
2157 4104 2540 4186 patiebatur
2599 4105 3004 4187 amplexus:

1803 4193 2169 4255 amicorum
2275 4192 2576 4256 omnium
2683 4194 3000 4256 destituta

2369 4330 2390 4360 ⁸
2427 4327 2644 4380 *ιὀω.
2674 4347 2689 4378 =
2723 4328 2870 4378 RN.

1923 4393 2382 4460 ‘egressuzkn
2493 4393 2962 4446 'eumbaturzs
3075 4355 3077 4384 ἰ
