3117 4959
942 712 1675 808 APPENDIX
1759 712 1874 809 V.

371 1058 853 1127 OFFICIUM
904 1061 1045 1124 DE
1108 1062 1180 1126 S.
1242 1062 1682 1129 RJCARDO
1739 1064 1881 1129 DE
1941 1065 2452 1133 HAMPOLE.

698 1246 849 1301 785

1975 1248 2126 1304 786

166 1349 431 1424 Officium
456 1351 526 1408 de
550 1351 759 1410 Sancto
783 1352 1037 1410 Ricardo
1061 1352 1353 1425 heremita,
1382 1359 1694 1428 postquam
1703 1350 1905 1427 fuerit
1926 1354 1999 1412 ab
2024 1356 2242 1413 ecclesia
2267 1356 2656 1430 canonizatus,

156 1428 303 1504 quia
330 1430 563 1487 interim
591 1448 705 1487 non
732 1432 859 1488 licet
882 1430 1109 1506 publice
1150 1431 1213 1487 in
1257 1431 1474 1489 ecclesia
1512 1438 1748 1489 cantare
1790 1433 1862 1489 de
1895 1450 1956 1489 eo
1995 1433 2171 1490 horas
2211 1435 2524 1505 canonicaS,
2570 1434 2664 1493 vel

155 1508 571 1582 solempm‘zare
589 1508 811 1582 festum
850 1510 917 1567 de
954 1511 1089 1584 apso.
1174 1510 1371 1567 Potest
1392 1516 1582 1567 tamen
1625 1510 1790 1568 homo
1813 1510 2160 1569 evidenctam
2187 1520 2212 1549 0
2227 1512 2438 1569 habens
2453 1522 2480 1551 0
2501 1511 2518 1546 ¹
2549 1532 2650 1571 sue

156 1586 368 1645 eximie
416 1588 737 1645 sanctitatis·
780 1594 835 1645 et
875 1589 987 1645 vile
1032 1596 1059 1625 0
1072 1606 1200 1645 eum
1217 1596 1243 1625 0
1290 1588 1571 1661 venerari,
1617 1595 1669 1645 a·
1713 1588 1780 1646 in
1821 1590 2178 1647 orationibus
2215 1590 2480 1665 privatis
2531 1592 2656 1665 ejus

156 1665 451 1741 suffragia
474 1670 683 1741 petere,
710 1673 770 1724 et
787 1684 845 1724 se
868 1667 990 1725 suis
1015 1667 1278 1742 precibus
1302 1668 1702 1725 commendare.

161 1818 225 1875 A
228 1818 277 1875 d
285 1827 557 1893 vesperas.
617 1818 809 1894 Super
825 1817 1349 1892 Psalmosfm‘ales.

156 1898 220 1955 A
226 1898 523 1972 nttplzona.
619 1898 862 1957 Exultet
915 1907 1121 1955 sancta
1172 1906 1360 1955 mater

157 1974 429 2045 ecclesia,
472 1976 711 2035 resultet
757 1976 1047 2051 plaudens
1085 1994 1244 2034 nova
1285 1975 1363 2033 le-

156 2052 303 2114 ticia
335 2076 347 2113 :
390 2056 599 2113 letetur
635 2053 773 2114 felix
799 2055 1127 2129 Anglorum
1154 2052 1359 2129 patria,

158 2144 405 2211 sanctim
458 2132 753 2192 Ricardus
805 2133 1043 2193 dotatur
1084 2142 1111 2171 0
1128 2132 1363 2209 gloria⁰

156 2216 260 2271 ar‘t.
312 2212 563 2271 Sanctus
616 2210 909 2271 Ricardus
976 2212 1191 2271 doctus
1256 2228 1364 2286 per

156 2288 449 2381 Spiritum
477 2300 503 2329 0
522 2292 782 2366 prudens
809 2289 955 2350 vitat
971 2300 997 2329 0
1026 2308 1203 2349 omne
1226 2308 1361 2364 pro-

156 2366 439 2441 hibitum,
483 2380 549 2429 ut
596 2368 681 2428 sic
722 2378 747 2408 0
767 2368 1039 2445 adquirat
1082 2368 1363 2427 virtutum

155 2447 482 2507 habitum.⁰
556 2457 655 2507 aie.
702 2448 933 2507 Bellum
972 2446 1121 2522 gerit
1160 2456 1366 2506 contra

156 2525 489 2603 nequicias,
523 2545 761 2586 carnem
789 2524 939 2599 terit,
970 2525 1195 2601 spernit
1221 2522 1367 2586 divi·

156 2605 307 2677 ciaS‚
334 2614 361 2643 0
381 2607 541 2665 solus
569 2604 797 2681 querit⁶
824 2604 937 2664 celi
964 2603 1219 2664 delicias
1266 2601 1363 2664 ari.

154 2686 345 2744 Amat
372 2685 661 2756 ardenter,
690 2683 753 2742 in
778 2693 935 2743 astra
972 2682 1207 2759 rapitur,
1238 2694 1368 2744 orat

154 2772 183 2802 0
204 2764 564 2838 frequenter,
620 2770 824 2822 sancta
877 2760 1263 2838 persequitur,
1306 2774 1369 2823 et

158 2852 585 2919 permanenter
628 2841 691 2899 in
734 2838 908 2901 bonis
948 2839 1187 2917 figitur.⁰
1265 2851 1361 2901 an.

162 2921 468 2980 Monstrat
497 2919 587 2979 sui
614 2918 890 2979 virtutem
930 2918 1125 2995 operis
1152 2919 1365 2993 ‘’ceciS,

158 2998 377 3070 surdiS,
405 2998 601 3071 mutis,
630 3009 691 3059 et
715 2997 957 3069 miseris,
976 3016 1187 3058 curans
1214 3015 1367 3057 mor-

157 3078 279 3137 bos
320 3080 607 3154 cujusque
628 3086 655 3115 0
693 3076 937 3153 generiS.
1033 3077 1367 3153 Capitulum

169 3156 738 3293 Quemadmodum
768 3157 870 3215 de-
914 3152 1035 3235 [Ps.
1056 3157 1163 3214 xli.
1200 3176 1249 3227 1,
1284 3152 1362 3235 2].

274 3235 490 3295 siderat
516 3254 723 3295 cervus
743 3236 820 3294 ad
838 3235 1032 3294 sontes
1060 3252 1364 3310 aquarum,

161 3318 251 3377 ita
277 3314 577 3374 desiderat
602 3314 803 3373 anima
828 3332 963 3373 mea
989 3313 1069 3373 ad
1096 3324 1155 3373 te
1180 3315 1363 3373 Deus,

162 3390 365 3457 Sitivit
403 3392 603 3452 anima
640 3412 775 3452 mea
806 3393 885 3451 ad
916 3394 1113 3451 Deum
1138 3392 1366 3451 fontem

158 3474 385 3535 vivum.
429 3471 673 3548 quando
700 3470 935 3531 veniam
972 3481 1031 3529 et
1066 3471 1368 3546 apparebo

161 3565 309 3615 ante
324 3551 536 3611 faciem
548 3549 841 3609 Domini.²
870 3552 969 3607 Re.
997 3551 1185 3608 Amor
1203 3568 1369 3608 mon-

162 3644 313 3693 strat
342 3628 418 3721 [v.
450 3633 556 3689 Re.
586 3630 672 3687 ad
692 3624 1048 3707 matutinas}
1098 3629 1362 3716 Ympnuf.

178 3714 405 3819 Totis
433 3707 756 3785 precordiis
783 3708 999 3767 festum
1040 3716 1160 3765 tam
1200 3706 1366 3764 inch-

289 3801 415 3849 tum
488 3786 733 3846 Ricardi
797 3784 1037 3862 premiis
1109 3786 1369 3861 preclare

160 3870 463 3947 preditum
492 3884 775 3925 canamus
802 3864 1040 3938 sortiter,
1071 3862 1229 3940 cogit
1256 3882 1369 3923 nos

163 3946 487 4021 debitum,⁸
541 3955 668 4005 orat
720 3962 829 4021 pro
898 3942 1071 4002 nobis
1133 3940 1363 4019 jugiter.

268 4077 283 4106 ¹
318 4073 505 4123 Words
554 4071 760 4121 marked
806 4071 923 4119 thus
968 4072 1031 4133 (0)
1082 4085 1165 4119 are
1210 4068 1364 4119 taken

158 4142 293 4193 from
338 4140 424 4189 the
464 4139 677 4187 remains
721 4136 781 4185 of
808 4136 893 4185 the
930 4135 1201 4185 Cottonian
1245 4136 1357 4184 MS.

162 4206 419 4270 (Tiberius
455 4205 517 4253 A.
568 4206 693 4265 xv.),
742 4201 917 4279 ‘which
964 4200 1185 4315 ευὲρῌεε
1228 4215 1367 4249 some

158 4273 330 4348 words
366 4270 531 4320 where
570 4269 656 4318 the
694 4268 907 4318 Lincoln
948 4268 1003 4315 M
1048 4302 1074 4342 ·.
1103 4282 1147 4315 is
1184 4265 1369 4341 utterly

158 4330 1365 4465 {ratiomT32.{5{3.{³32.1⁰{m{}¹;.⁵f.25⁵{2135

1467 1819 1697 1877 Cuncta
1748 1816 2004 1877 carnalia
2064 1815 2307 1879 vincens
2375 1818 2662 1895 edomuit,

1458 1905 1485 1935 0
1502 1895 1749 1972 pressit⁶
1775 1896 2070 1969 demonia,
2091 1898 2396 1957 mundana
2421 1899 2663 1975 respuit,

1463 1973 1719 2051 quesivit
1759 1974 1960 2049 celica,
2005 1994 2260 2051 superna
2301 1976 2514 2052 sapuit,
2558 1979 2662 2037 ha·

1463 2054 1613 2113 bens
1640 2053 1803 2112 dona
1827 2052 2152 2130 magnifica.
2223 2056 2434 2115 Calens
2459 2055 2662 2115 incen-

1462 2130 1623 2191 ditur
1649 2132 1864 2192 amoris
1891 2134 2100 2206 facula,
2131 2133 2310 2193 sentit
2349 2144 2410 2193 et
2445 2134 2692 2211 patitur.

1464 2210 1682 2270 amoris
1705 2211 1901 2286 jacula
1928 2232 1942 2271 ε
1981 2228 2184 2272 amore
2224 2222 2248 2251 0
2265 2213 2491 2289 languit
2509 2224 2535 2253 0
2578 2214 2665 2273 vir

1466 2287 1595 2348 sine
1649 2291 1882 2348 macula
1934 2301 2025 2351 set
2089 2310 2291 2351 amore
2357 2290 2661 2383 prevaluit.

1465 2368 1672 2427 Labor
1711 2368 2090 2429 dulcissimus
2130 2369 2258 2445 apis
2300 2370 2546 2447 eligitur,
2575 2371 2664 2430 in-

1468 2456 1721 2507 structor
1772 2446 2034 2523 optimus
2099 2450 2325 2509 mellita
2389 2450 2664 2525 loquitur,

1468 2526 1650 2585 docet
1697 2524 2056 2599 dulcissona,
2098 2536 2124 2565 0
2140 2528 2351 2587 favus⁰
2391 2528 2664 2605 exprimi-

1466 2614 1580 2677 tur,
1625 2602 1744 2662 vita
1785 2605 1852 2663 fit
1898 2604 2092 2663 verbis
2133 2624 2416 2665 consona.
2499 2608 2669 2667 Mor·

1468 2681 1601 2741 talis
1629 2681 1850 2757 rapitur
1877 2684 2066 2741 factus
2106 2682 2413 2756 extaticu3‚
2443 2684 2507 2743 in
2535 2687 2668 2745 celo

1467 2758 1662 2835 figitur
1687 2761 1874 2820 homo
1913 2760 2268 2835 seraphicus,
2313 2773 2441 2823 orat
2482 2774 2670 2823 atten-

1469 2837 1586 2897 tius
1612 2849 1812 2898 mente
1852 2838 2196 2914 magnificus
2225 2841 2430 2900 levans
2457 2860 2668 2901 manus

1468 2915 1848 2992 frequentius
1898 2916 2148 2976 Firmus
2177 2919 2498 2994 proposito,
2525 2940 2667 2979 con-

1470 3007 1634 3055 stans
1674 2996 1739 3053 in
1787 3013 1983 3070 opere,
2032 3006 2058 3035 0
2079 2996 2262 3055 crevit
2281 3007 2307 3036 0
2353 2996 2415 3055 in
2457 2998 2669 3059 merito

1470 3071 1676 3135 divino
1729 3083 1754 3112 ⁰
1771 3083 2062 3147 munere,0
2115 3093 2348 3151 semper
2386 3076 2672 3138 sollicitus

1469 3151 1646 3213 bonis
1717 3150 1984 3212 insistere
2051 3162 2076 3192 0
2093 3152 2415 3213 instinctu0
2466 3156 2670 3216 Sancti

1470 3230 1734 3309 Spiritus
1825 3233 1911 3290 Te
1939 3230 2092 3291 trina
2138 3231 2347 3292 Deitas
2394 3243 2420 3273 0
2439 3234 2668 3293 ferven-

1470 3321 1559 3370 ter
1579 3320 1605 3349 0
1631 3308 1904 3386 petimus,
1935 3322 2002 3369 ut
2027 3310 2202 3370 nobis
2227 3310 2488 3387 probitas
2514 3322 2540 3351 0
2555 3332 2628 3373 ac
2643 3322 2670 3352 0

1470 3408 1650 3465 purus
1677 3388 1908 3448 animus
1936 3388 2116 3449 insint
2144 3400 2204 3449 et
2231 3391 2458 3465 caritas,
2479 3390 2580 3467 qui
2611 3403 2671 3452 te

1470 3466 1844 3543 percolimuS,
1865 3477 2223 3545 “sancteque
2239 3478 2266 3508 0
2292 3468 2412 3529 vite
2435 3470 2666 3531 veritas

1470 3549 1682 3606 Amen.
1771 3548 1821 3611 Ῡ
1861 3548 1984 3607 Sub
2039 3549 2248 3607 umbra
2288 3547 2442 3609 illius
2490 3568 2670 3627 quem

1470 3623 1802 3685 desideravi
1829 3625 1976 3685 sedi.
2038 3628 2142 3686 Re.
2189 3628 2269 3686 Et
2295 3629 2515 3688 fructus
2543 3630 2672 3705 ejus

1471 3702 1662 3763 dulcis
1689 3704 1908 3779 gutturi
1933 3724 2084 3764 meo.
2171 3706 2529 3781 Anttpkona.
2613 3709 2672 3768 O

1471 3801 1652 3858 quam
1691 3794 1752 3843 te
1793 3782 2172 3859 magnificant
2219 3785 2490 3859 exempla
2525 3784 2670 3844 cari-

1472 3860 1626 3933 tatis,
1675 3860 1905 3938 scriptis
1949 3861 2064 3921 tuis
2112 3860 2368 3921 emicant
2408 3864 2673 3923 fomenta

1472 3937 1843 3999 sanctitatis:
1912 3941 2066 3999 facta
2117 3939 2264 3999 mira
2317 3949 2342 3978 0
2362 3939 2672 4016 predicant

1465 4066 1524 4116 of
1535 4066 1619 4115 the
1635 4066 1848 4115 Lincoln
1864 4065 1976 4115 MS.
1999 4065 2105 4127 (see
2123 4064 2275 4129 Early
2294 4065 2504 4129 English
2539 4066 2671 4117 Text

1468 4132 1671 4195 Society
1707 4130 2040 4189 Publication,
2077 4130 2179 4178 No.
2218 4142 2297 4189 20,
2329 4132 2545 4191 Presace,
2575 4148 2664 4198 pp.

1467 4214 1546 4246 '⁶'-
1566 4198 1726 4312 ffissg.
1739 4195 2404 4326 ÷⁰ff⁶f²s³.1¹>.y<}¹²⁶.:³3512⁰
2429 4197 2541 4247 MS·

1573 4330 1592 4359 ⁸
1631 4330 1646 4356 ‘
1666 4297 1892 4377 debitum
1909 4325 1922 4348 ’
1945 4296 2146 4377 om.·C.·
2385 4297 2398 4309 ·
