3117 4959
973 808 1716 904 APPENDIX
1809 807 1938 902 II.

334 1137 761 1206 FESTUM
828 1137 1513 1206 VJSJTATJONJS
1570 1140 1650 1206 B.
1699 1139 2040 1204 MARIE
2116 1137 2576 1206 VIRGINIS.

735 1324 886 1380 735

2013 1323 2166 1378 786

204 1430 511 1536 Festum
569 1429 917 1489 vhitationtk
982 1430 1134 1488 beate
1198 1429 1404 1488 Mar-ie
1451 1427 1700 1505 vergine&
1744 1447 1852 1505 per
1905 1447 2132 1488 sacram
2200 1424 2694 1498 convocationem

321 1510 602 1567 Eborum.
662 1511 845 1568 Anno
867 1508 1096 1569 domini
1118 1509 1433 1568 Millesimo
1453 1506 1930 1585 quingentesimo
1951 1507 2136 1566 tercio
2155 1506 2392 1566 decimo
2413 1516 2698 1565 statutum

204 1597 291 1647 est
323 1586 609 1648 celebrari
636 1587 927 1662 utfistum
952 1589 1292 1663 principale.
1364 1586 1465 1646 iiii.
1521 1589 1741 1647 Nonas.
1827 1585 2049 1662 Aprilis
2076 1585 2140 1646 id
2168 1597 2257 1644 est
2283 1583 2438 1644 illius
2477 1583 2698 1644 mensis

205 1666 314 1726 die.
356 1665 416 1725 ii.
461 1665 683 1742 Sicque
708 1665 770 1724 in
800 1665 1145 1726 kalendario
1189 1667 1587 1725 annotandum
1614 1666 1792 1742 hujus
1812 1664 1932 1727 diei
1952 1663 2084 1726 festi
2105 1666 2351 1742 plenum
2377 1663 2476 1722 hic
2503 1661 2698 1739 sequi-

205 1755 293 1807 tur
318 1745 623 1806 servitium
641 1747 942 1805 secundum
969 1765 1137 1804 usum
1150 1747 1460 1821 presertim
1486 1746 1768 1805 Eborum.

201 1895 437 2002 Festi
463 1896 480 1932 ¹
520 1895 871 1956 visitationis
896 1897 1009 1956 hec
1038 1905 1128 1957 est
1154 1897 1355 1978 regula
1381 1917 1396 1957 τ

326 1977 495 2052 quod
521 1975 571 2035 si
596 1975 658 2035 in
684 1975 883 2051 aliqua
908 1974 1214 2036 dominica
1254 1985 1396 2035 ante

200 2053 352 2115 diem
380 2056 709 2130 palmarum
724 2066 828 2114 aut
848 2054 909 2113 in
937 2054 1037 2116 die
1062 2056 1392 2132 palmarum

199 2134 289 2193 vel
341 2134 685 2194 ebdomada
737 2144 1025 2210 sequente
1084 2132 1394 2210 contigerit

201 2211 581 2273 consimiliter
615 2231 720 2288 per
760 2212 964 2272 omnia
990 2213 1092 2272 fiet
1118 2214 1197 2272 de
1224 2231 1298 2272 eo
1326 2224 1395 2273 ut

203 2292 276 2351 de
300 2293 453 2352 festo
482 2291 981 2352 Annunciationis
1022 2291 1293 2351 scribitur
1329 2302 1398 2351 ut

204 2370 284 2429 sic
321 2370 652 2431 ambrosius
691 2371 1031 2430 ebdomada
1066 2371 1396 2447 palmarum

205 2449 551 2527 contingens
579 2469 812 2526 semper
836 2448 897 2508 in
926 2448 1131 2509 feriam
1168 2461 1397 2509 sextam

202 2530 569 2588 anteferatur.
650 2529 749 2588 Sic
798 2547 937 2605 ergo
984 2528 1101 2587 hoc
1142 2529 1293 2588 festo
1333 2527 1397 2587 in

200 2605 390 2684 vigilia
412 2607 636 2684 pasche
664 2607 1045 2684 contingente
1061 2608 1205 2667 dum
1233 2617 1395 2667 ante-

203 2687 372 2746 fertur
398 2689 481 2748 ad
524 2687 836 2746 sabbatum
865 2697 1003 2746 ante
1030 2685 1395 2746 dominicam

201 2767 525 2841 palmarum
553 2766 722 2841 quod
750 2764 950 2825 evenit
970 2764 995 2801 ²
1032 2763 1095 2823 in
1138 2764 1396 2825 crastino

202 2843 671 2904 annunciationis
722 2854 865 2903 tunc
930 2844 1010 2904 ad
1076 2843 1399 2920 capitulum

203 2923 513 3000 incipiatur
564 2925 643 2984 de
684 2923 803 2982 hoc
848 2923 998 2982 sesto
1040 2921 1393 2983 visitationis

203 3001 421 3062 deinde
465 3004 545 3062 de
590 3000 1055 3062 annunciatione
1098 3002 1225 3062 sola
1271 3021 1395 3060 me-

202 3081 387 3141 moria
414 3082 493 3142 de
521 3081 676 3141 festo
702 3099 844 3140 vero
873 3079 1103 3156 duplici
1145 3090 1395 3140 tantum.

207 3161 321 3219 Aut
348 3159 521 3237 quasi
547 3159 771 3236 duplici
798 3160 915 3219 hoc
943 3161 1158 3220 festum
1194 3177 1395 3236 prece-

204 3239 381 3300 dente
424 3241 522 3299 vel
566 3251 855 3316 sequente
880 3237 944 3297 in
970 3237 1235 3328 utrisque
1264 3257 1392 3298 ves-

204 3317 353 3394 peris
400 3319 476 3378 sit
530 3320 659 3378 sola
703 3315 1002 3378 memoria.
1088 3319 1151 3378 S1
1195 3327 1397 3376 autem

205 3394 299 3457 die
323 3398 545 3474 pasche
571 3396 689 3456 hoc
716 3398 931 3456 festum
956 3394 1271 3472 contigerit
1295 3406 1399 3456 aut

203 3484 324 3536 tota
340 3475 669 3552 septimana
691 3485 977 3552 sequente
1004 3473 1399 3551 semper.feria

206 3553 443 3629 quarta³
465 3565 601 3630 post
620 3556 887 3613 clausum
907 3555 1126 3631 pasche
1144 3554 1401 3613 celebre-

204 3642 441 3693 turcum
460 3633 829 3709 expositione
846 3633 907 3692 in
928 3633 955 3671 ⁴
982 3631 1166 3693 tribus
1192 3631 1397 3692 lectio-

204 3710 377 3772 nibus
411 3723 471 3773 et
514 3711 699 3772 tribus
732 3711 1149 3789 Responsoriis
1175 3709 1401 3771 scilicet

204 3789 391 3865 primo
428 3803 595 3851 sexto
639 3801 699 3850 et
726 3809 890 3851 nono
917 3800 977 3852 et
1004 3788 1215 3850 ceteris
1242 3789 1397 3866 utin

206 3869 677 3929 annunciationis
698 3869 723 3906 ³
765 3889 905 3929 cum
944 3868 1195 3960 propriis
1248 3868 1397 3928 anti-

206 3948 415 4023 phonis
432 3960 491 4009 et
512 3947 753 4026 psalmis
779 3950 857 4008 de
884 3967 1077 4026 pnmo
1103 3958 1396 4007 nocturno

206 4037 264 4085 et
288 4026 549 4087 similiter
574 4027 636 4087 in
662 4027 937 4087 laudibus
979 4026 1399 4098 convenienter

204 4123 309 4179 pro
325 4118 589 4183 tempore
606 4106 883 4184 paschali.
912 4107 975 4168 Si
990 4117 1191 4168 autem
1210 4105 1398 4166 domi-

206 4182 336 4244 nica
374 4185 437 4244 in
464 4186 611 4246 albis
640 4185 952 4263 contigerit
977 4195 1125 4245 tune
1152 4195 1399 4262 propter

204 4263 415 4323 festum
439 4264 720 4326 ambrosii
741 4263 803 4324 in
830 4264 961 4343 ipsa
987 4263 1131 4325 feria
1149 4266 1401 4341 quarta³

299 4391 314 4421 ¹
352 4391 482 4441 Haec
524 4393 725 4442 mbr-ica
770 4393 827 4441 in
876 4392 1037 4443 litere&
1080 4391 1247 4441 rubris·
1289 4397 1392 4441 tota

204 4457 337 4518 apud
366 4457 436 4521 Sj.
476 4459 799 4524 imprimitur.
984 4461 1007 4490 ²
1035 4457 1284 4508 evenerit:
1312 4457 1383 4521 Sj.

1492 1895 1612 1955 hoc
1639 1895 1854 1956 festum
1882 1894 1944 1954 in
1971 1894 2114 1955 feria
2140 1895 2406 1955 secunda
2431 1893 2694 1954 celebre-

1495 1986 1592 2034 tur
1618 1985 1678 2034 et
1704 1975 1922 2035 habeat
1947 1973 2204 2050 integras
2231 1973 2450 2050 primas
2485 1991 2692 2048 vespe·

1494 2073 1588 2114 ras
1615 2052 1680 2113 in
1705 2053 2008 2116 dominica
2034 2072 2174 2113 cum
2201 2051 2500 2112 memoriis
2541 2051 2699 2110 illius

1496 2131 1780 2208 temporis
1807 2143 1868 2192 et
1893 2131 1956 2191 in
1985 2130 2264 2192 secundis
2299 2129 2562 2208 vesperis
2590 2130 2699 2190 erit

1496 2211 1576 2272 de
1623 2221 1833 2271 sancto
1877 2209 2199 2271 Ambrosio
2237 2211 2365 2270 sola
2411 2207 2699 2269 memoria

1496 2309 1636 2350 cum
1663 2289 1962 2350 memoriis
1987 2289 2144 2349 illius
2170 2287 2470 2366 temporis.
2535 2289 2698 2349 Con-

1496 2368 1764 2446 tingente
1813 2381 2016 2428 autem
2069 2369 2188 2428 hoc
2239 2371 2392 2428 festo
2445 2367 2509 2426 in
2555 2366 2700 2426 feria

1498 2449 1763 2508 secunda
1814 2458 1952 2524 post
2005 2446 2370 2508 dominicam
2431 2445 2494 2505 in
2549 2445 2699 2506 albis

1498 2526 1740 2603 speciali
1781 2526 1958 2586 nobis
2000 2527 2202 2603 regula
2243 2544 2394 2602 opus
2448 2535 2538 2585 est
2592 2543 2700 2600 per

1496 2605 1890 2666 mutationem
1917 2606 2224 2682 paululum
2243 2605 2484 2680 antique
2502 2604 2705 2680 regule

1499 2683 1992 2744 annunciationis
2066 2685 2224 2743 Nam
2254 2682 2358 2743 tali
2383 2701 2545 2741 anno
2574 2681 2704 2758 ipsa

1499 2762 1962 2824 annunciatione
2018 2761 2116 2823 die
2181 2760 2404 2838 pasche
2471 2760 2701 2820 contin-

1498 2853 1676 2919 gente
1731 2841 1832 2902 Ad
1899 2841 2062 2900 hunc
2127 2838 2484 2900 visitationis
2539 2838 2701 2898 diem

1500 2923 1683 2981 debet
1718 2919 2011 2980 transferri
2052 2929 2112 2979 et
2151 2917 2266 2979 isto
2293 2917 2393 2978 die
2419 2917 2704 2977 celebrari

1499 2999 1839 3060 visitatione
1869 2997 2144 3057 nimirum
2174 2998 2428 3057 cedente
2467 3015 2698 3056 annun-

1499 3076 1742 3138 ciationi
1769 3079 1939 3153 cujus
1965 3076 2115 3136 ratio
2144 3087 2336 3152 preter
2363 3074 2600 3136 solitum
2629 3094 2704 3134 ex

1502 3157 1622 3217 hoc
1644 3159 1869 3232 pendet
1889 3175 2056 3215 sacro
2074 3154 2353 3232 mysterio
2371 3165 2435 3213 ut
2461 3153 2522 3212 in
2541 3153 2702 3213 festis

1499 3234 1800 3313 genitricis
1846 3235 1946 3296 dei
1989 3235 2140 3294 ordo
2167 3243 2432 3293 servetur
2457 3231 2700 3292 historie

1500 3315 1690 3374 sancti
1717 3312 2019 3392 evangelii.
2083 3314 2244 3373 Nam
2271 3313 2352 3372 ad
2377 3311 2701 3389 capitulum

1500 3392 1564 3453 in
1609 3393 1886 3454 secundis
1913 3391 2176 3468 vesperis
2224 3388 2700 3451 annunciationis

1500 3472 1815 3550 incipietur
1854 3474 1931 3533 de
1971 3473 2123 3531 festo
2150 3469 2502 3531 visitationis
2531 3467 2701 3546 quasi

1498 3551 1788 3612 continuo
1809 3561 1948 3627 post
1972 3549 2495 3610 annunciationem
2523 3567 2700 3625 ange-

1499 3630 1688 3690 licam.
1777 3632 2085 3707 Exurgens
2131 3629 2316 3688 maria
2361 3647 2499 3688 cum
2545 3626 2702 3687 festi-

1500 3707 1744 3770 natione
1770 3709 1916 3770 abiit
1946 3721 2054 3769 etc.
2112 3707 2391 3769 Similiter
2416 3707 2464 3767 si
2483 3708 2700 3768 festum

1500 3787 1978 3848 annunciationis
2004 3786 2146 3848 feria
2189 3788 2452 3846 secunda
2477 3786 2699 3862 pasche

1499 3867 1810 3945 contigerit
1838 3886 1960 3926 non
1989 3878 2057 3926 ut
2083 3865 2226 3926 olim
2264 3864 2326 3923 in
2352 3863 2554 3923 feriam
2584 3873 2696 3922 ter-

1499 3945 1645 4006 tiam
1675 3947 1783 4006 sed
1810 3945 1872 4004 in
1901 3946 2226 4008 secundam
2266 3952 2402 4019 post
2429 3943 2700 4001 clausum

1497 4025 1724 4102 pascha
1749 4023 2062 4100 differatur.
2147 4025 2224 4081 In
2251 4021 2394 4080 seria
2417 4039 2558 4080 vero
2585 4031 2701 4079 ter.

1498 4103 1583 4164 tia
1629 4115 1691 4164 et
1733 4113 1940 4179 quarta
1985 4099 2232 4178 antiqua
2274 4100 2401 4175 ejus
2438 4109 2703 4159 servetur

1497 4184 1700 4260 regula
1742 4178 2077 4240 visitatione
2117 4189 2318 4239 tamen
2359 4176 2701 4238 immediate

1499 4262 1898 4337 subsequente
1965 4275 2198 4334 semper
2279 4257 2342 4316 in
2422 4255 2701 4316 secundis

1591 4391 1612 4420 ⁸
1642 4387 1831 4438 tem‘a:
1864 4387 1938 4452 Sy.
2127 4387 2146 4417 ⁴
2183 4384 2305 4436 ‘in'
2327 4401 2422 4438 om.
2453 4385 2526 4452 Si.

1574 4459 1612 4522 ‚⁸
1644 4453 2040 4504 annunciatione
2056 4465 2072 4500 .·
2107 4452 2182 4516 sj.
