3117 4959
385 260 491 316 IN
530 260 1106 319 DEPOSITIONE
1150 261 1213 318 S.
1262 261 1681 319 WJLFRJDJ
1719 263 2386 323 ARCHIEPISCOPI.

696 369 839 425 615

130 471 521 557 derelinqui.
556 475 671 540 sed
705 476 871 540 deus
912 474 1111 558 jussit
1140 494 1220 540 ea
1250 474 1338 539 ab

130 562 393 645 angelis
423 563 672 627 intacta
694 565 1027 628 custodiri.
1122 564 1339 628 Rece-

126 651 449 715 dentibus
466 671 626 714 vero
654 651 1051 715 satellitibus
1074 660 1337 734 tempo-

124 758 205 802 re
268 747 593 802 nocturno
652 740 1090 804 succedente:
1135 739 1337 802 erecti

122 835 294 890 sunt
322 836 647 910 martyres
676 827 931 910 angelis
960 827 1341 891 comitanti-

122 915 265 979 bus
311 915 873 998 apprehensisque
921 917 1337 999 propriorum

124 1022 491 1085 corporum
531 1003 859 1087 capitibus
900 1013 1341 1087 pervenerunt

120 1091 219 1154 ad
256 1090 531 1154 fluvium
560 1092 703 1156 :cui
737 1091 909 1156 icta¹
943 1090 1341 1156 vocabulum

118 1188 255 1244 est.
347 1177 923 1262 Transmeatoque
964 1180 1141 1243 vado
1184 1187 1341 1242 ante

117 1265 309 1330 hanc
340 1266 573 1330 horam
618 1266 1001 1330 hominibus
1046 1267 1341 1348 incogni-

117 1365 201 1418 to
252 1376 269 1419 :
331 1365 401 1418 et
460 1354 705 1418 idcirco
763 1356 1011 1419 vadum
1068 1354 1341 1418 nichasii

116 1451 522 1526 nuncupato
556 1463 571 1507 :
624 1445 1085 1526 requieverunt
1131 1443 1197 1506 in
1245 1443 1342 1504 in·

116 1530 283 1594 sula
330 1529 633 1612 ejusdem
683 1530 1016 1595 fluminis:
1061 1531 1148 1594 ad
1198 1529 1339 1592 lau·

114 1619 292 1682 dem
324 1619 579 1682 domini
610 1620 814 1682 nostri
866 1619 1025 1700 Jesu
1078 1617 1343 1683 Christi.

120 1705 367 1772 Cetera
410 1705 491 1769 de
534 1706 859 1770 communi
894 1706 1343 1790 plurimorum

114 1803 525 1874 martyrum.

119 1887 195 1960 π
226 1881 567 1964 Depositio
585 1881 799 1946 sancti
814 1880 1107 1962 wilfridi
1130 1879 1343 1944 archi-

114 1969 409 2053 episcopi
431 1969 835 2034 eboracensis.
900 1969 1028 2034 Ad
1050 1980 1347 2052 vesperas

112 2067 237 2123 αῆ.
333 2058 635 2123 Amavit.
694 2067 758 2120 et
782 2067 976 2121 cetere
1002 2057 1351 2139 antiphone

108 2166 281 2210 mm
340 2145 628 2229 psalmis
685 2145 1064 2229 ferialibus.
1191 2144 1342 2226 Cap.

114 2235 319 2298 Ecce
338 2234 663 2298 sacerdos.
716 2235 831 2298 Re.
856 2234 1054 2297 Miles
1080 2231 1343 2297 Christi.

108 2323 451 2403 Hymnus
482 2323 619 2385 Iste
641 2321 991 2387 confessor.
1053 2337 1102 2407 γ
1132 2321 1345 2384 Ama-

106 2413 247 2476 vit.
341 2410 430 2474 In
463 2409 742 2492 evangel.
786 2418 895 2474 an.
985 2409 1345 2474 Confessor

110 2497 414 2565 domini.
458 2507 561 2580 ps’.
610 2497 1019 2580 Magnificat.
1095 2497 1341 2561 Orati0.

110 2589 417 2720 Deus
448 2586 635 2669 cujus
664 2586 879 2668 gratia
923 2586 1161 2649 beatus
1204 2584 1345 2648 wil-

324 2675 507 2737 ndus
534 2673 841 2756 pontifex
872 2673 1106 2738 lucidis
1152 2672 1345 2736 meri-

110 2773 367 2830 torum
398 2762 601 2845 signis
633 2760 1039 2826 excellenter
1058 2759 1345 2824 effulsit:

110 2859 371 2937 presta
415 2850 607 2913 nobis
654 2850 1032 2933 propicius:
1077 2857 1153 2911 ut
1201 2848 1347 2930 ejus

110 2957 411 3021 semper
426 2938 794 3021 patrocinio
806 2937 1212 3001 muniamur:
1234 2956 1345 3000 cu-
1388 2967 1404 2980 ε

102 3029 237 3114 jus
276 3027 581 3090 doctrina
612 3025 697 3089 ad
732 3025 1112 3108 appetenda
1142 3023 1345 3088 celes·

106 3119 223 3182 tia
245 3115 277 3153 ⁹
308 3114 760 3178 informamur.
834 3132 955 3196 per
980 3112 1343 3176 dominum.

108 3202 263 3271 Ad
310 3211 515 3267 matu.
572 3201 749 3266 Invi.
860 3201 1089 3266 Unum
1122 3200 1343 3263 deum.

93 3303 212 3378 ps'.
272 3291 537 3356 Venite.
629 3298 692 3352 et
716 3298 915 3352 cetera
960 3287 1160 3350 unius
1200 3307 1343 3350 con-

88 3378 417 3466 fessoris
428 3376 774 3461 pontificis.
1061 3375 1275 3438 Lectio
1284 3375 1347 3458 j.

106 3471 452 3606 Anno
503 3465 703 3549 igitur
748 3463 835 3527 ab
896 3463 1347 3527 incarnatione

310 3554 497 3618 verbi
540 3554 647 3616 dei
696 3551 1183 3617 sexcentesimo
1234 3551 1349 3614 tri-

107 3643 398 3711 cesimo
423 3651 658 3724 quarto
687 3660 703 3704 :
748 3648 1067 3722 regnante
1098 3640 1165 3704 in
1198 3659 1351 3701 nor-

108 3730 488 3800 thumbria
530 3730 617 3793 a'
658 3747 1033 3791 successore
1077 3725 1347 3789 nobilis·

106 3821 291 3888 simi
326 3818 611 3882 eadwini
648 3817 819 3898 regis
866 3813 1347 3878 northanhum-

109 3910 495 3975 brororum
520 3905 543 3942 ⁴
590 3903 1007 3967 sanctissimo
1040 3921 1191 3985 rege
1238 3922 1346 3965 os-

107 3997 409 4064 waldo:
457 3994 540 4056 de
586 3991 813 4056 inclita
856 3990 1073 4078 gentis
1120 3989 1351 4072 anglo-

110 4105 285 4152 rum
342 4081 656 4166 prosapia
701 4100 866 4162 puer
894 4079 1003 4142 dei
1032 4077 1348 4142 wilfridus

112 4171 464 4240 nobiliter
520 4177 767 4233 natus:
841 4177 911 4231 et
970 4187 1008 4231 e
1066 4165 1349 4248 vestigio

238 4321 255 4353 ¹
296 4320 375 4370 ita
398 4336 413 4367 :
450 4317 511 4365 R.
522 4315 589 4366 N.

244 4391 265 4419 ⁴
300 4380 885 4434 northanhumbrorum:
922 4377 1125 4431 R.N.S.

242 4456 267 4485 ⁸
309 4457 326 4480 ⁶
346 4451 405 4498 a’
432 4463 535 4498 om.
566 4464 579 4497 ι
616 4447 667 4497 S.

1075 4313 1097 4344 ²
1136 4311 1399 4363 ‘celestia’
1426 4327 1527 4364 om.
1557 4329 1572 4362 ε
1607 4310 1660 4363 S.

1072 4446 1092 4473 ⁸*
1126 4442 1462 4508 dalphinum:
1496 4441 1630 4496 N.S.

1976 370 2118 426 616

1438 475 1666 540 celesti
1698 484 1802 540 est
1837 477 2146 560 prodigio
2177 482 2430 546 mundo
2459 481 2650 546 nobi-

1438 562 1690 627 lissime
1721 565 2126 648 designatus,
2333 569 2546 634 Lectio
2575 572 2648 653 ij.

1441 653 1818 786 Sanctus
1877 655 2080 735 igitur
2143 655 2460 720 wilfridus
2535 659 2648 722 ubi

1578 742 2226 823 quartumdecimum
2263 747 2460 808 etatis
2491 766 2649 809 con-

1444 827 1600 908 tigit
1648 847 1944 892 annum:
1989 831 2172 893 venit
2233 831 2300 894 in
2363 833 2648 898 insulam

1444 915 2066 981 lindisfarnensem:
2128 918 2353 1001 ibique
2413 941 2648 985 mona-

1445 1003 1723 1066 chorum
1749 1004 2099 1068 famulatui
2125 1025 2197 1069 se
2219 1010 2646 1075 contradens:

1446 1089 1806 1172 diligenter
1900 1112 1980 1155 ea
2074 1113 2206 1175 que
2279 1099 2647 1162 monastice

1445 1180 1776 1243 castitatis
1835 1199 1912 1243 ac
1974 1180 2241 1263 pietatis
2300 1194 2532 1249 erant:
2578 1195 2650 1248 et

1446 1267 1701 1330 discere
1720 1267 1746 1304 ⁸
1794 1268 2070 1332 curabat
2098 1279 2168 1332 et
2197 1290 2412 1353 agere.
2507 1274 2646 1338 Ubi

1446 1374 1600 1418 cum
1632 1354 1891 1438 aliquot
1921 1375 2132 1420 annos
2162 1358 2293 1422 deo
2323 1360 2594 1424 serviret
2630 1382 2646 1425 ε

1446 1442 1917 1506 animadvertit
1965 1444 2240 1509 minime
2285 1447 2648 1529 perfectam

1447 1549 1592 1594 esse
1624 1531 1884 1594 virtutis
1914 1532 2090 1595 viam
2116 1553 2130 1597 :
2177 1554 2307 1615 que
2337 1537 2648 1600 tradeba-

1446 1627 1555 1681 tur
1585 1639 1624 1681 a
1655 1618 1896 1683 scotis:
1925 1623 2401 1704 proposuitque
2425 1625 2650 1688 animo

1448 1725 1704 1769 romam
1735 1707 1958 1770 venire
1985 1727 2002 1770 ε
2048 1718 2117 1771 et
2149 1712 2646 1776 monasteriales

1446 1794 1610 1856 ritus
1642 1793 1732 1856 ibi
1764 1795 2007 1859 videre.
2302 1798 2516 1862 Lectio
2544 1801 2644 1883 iij.

1464 1882 1843 2012 Veniens
1871 1902 2028 1946 vero
2058 1903 2355 1949 romam:
2402 1896 2469 1949 et
2499 1909 2646 1951 ora-

1613 1969 1906 2032 tionibus
1964 1991 2042 2035 ac
2104 1972 2650 2040 meditationibus

1448 2077 1664 2120 rerum
1747 2058 2336 2124 ecclesiasticarum
2401 2067 2648 2144 quotti-

1446 2145 1649 2207 diana
1687 2146 2106 2229 mancipatus
2151 2147 2512 2215 instantia:
2559 2153 2648 2214 a⁶

1447 2232 1783 2296 bonifacio
1821 2235 2283 2298 archidiacono
2331 2249 2650 2319 quattuor

1450 2319 1942 2402 evangeliorum
2009 2321 2210 2386 libros
2256 2325 2530 2392 didicit:
2577 2337 2648 2392 et

1448 2407 1583 2471 alia
1613 2408 1822 2472 multa
1863 2410 2320 2476 ecclesiasticis
2352 2415 2648 2499 discipli-

1449 2496 1552 2559 nis
1584 2495 1790 2562 utilia.
1884 2497 2056 2562 Cum
2104 2509 2328 2563 autem
2375 2513 2647 2567 sanctus

1446 2583 1766 2647 wilfridus
1797 2605 2057 2650 menses
2088 2586 2343 2670 aliquot
2367 2591 2430 2653 in
2459 2612 2648 2655 roma

1446 2673 1688 2736 studiis
1729 2672 2138 2756 indulgeret:
2184 2677 2380 2740 rediit
2409 2679 2476 2740 in
2506 2681 2648 2762 gal-

1449 2758 1608 2822 liam
1639 2759 1726 2824 ad
1765 2760 2087 2825 dalfinum
2107 2759 2133 2800 ⁷
2164 2763 2646 2846 lugdunensem

1448 2847 2068 2931 archiepiscopum:
2115 2859 2183 2913 et
2245 2861 2378 2916 tres
2437 2875 2650 2918 annos

1448 2936 1624 3018 apud
1650 2954 1804 2999 eum
1827 2947 2314 3004 commoratus:
2346 2951 2649 3007 attonsus

1448 3031 1551 3087 est
1598 3023 1686 3086 ab
1738 3043 1856 3087 eo:
1901 3033 1970 3087 et
2018 3025 2083 3087 in
2137 3035 2328 3090 tanto
2381 3029 2650 3094 habitus

1449 3130 1720 3175 amore:
1768 3119 1841 3175 ut
1903 3110 2212 3177 heredem
2273 3116 2400 3180 sibi
2463 3118 2648 3183 illum

1448 3199 1664 3262 facere
1694 3199 2034 3281 cogitaret.
2278 3203 2496 3268 Lectio
2527 3207 2648 3289 iiij.

1446 3287 1895 3418 Predictus
1923 3308 2080 3352 vero
2111 3289 2392 3355 dalfinus
2414 3293 2439 3330 ⁰
2463 3293 2676 3374 jussu'

1609 3374 1980 3438 brimhildis
2024 3379 2249 3459 regine
2297 3380 2383 3442 ad
2433 3382 2654 3446 decol-

1450 3461 1726 3526 landum
1751 3463 1990 3528 ductus
2017 3474 2134 3529 est.
2167 3487 2366 3548 quem
2385 3481 2652 3535 secutus

1451 3559 1553 3614 est
1608 3550 1926 3615 wilfridus
1974 3553 2246 3618 clericus
2296 3556 2484 3638 ejus:
2536 3560 2652 3622 de-

1452 3639 1750 3701 siderans
1781 3658 1931 3703 cum
1953 3660 2034 3703 eo
2053 3645 2460 3710 occumbere.
2513 3647 2648 3712 Sed

1452 3745 1606 3789 cum
1640 3738 2092 3808 cognoverunt
2124 3749 2278 3793 eum
2311 3734 2650 3798 carnifices

1452 3815 1539 3877 de
1586 3815 1856 3878 natione
1905 3816 2296 3898 anglorum:
2343 3841 2653 3903 peperce-

1454 3911 1610 3964 runt
1661 3902 1772 3966 ei:
1837 3921 2052 3985 neque
2111 3924 2264 3968 eum
2323 3910 2656 3973 trucidare

1453 3989 1806 4052 voluerunt
1881 4010 2032 4053 cum
2109 4012 2230 4055 suo
2320 3997 2654 4077 pontifice.

1456 4077 1745 4143 Sanctus
1774 4077 2088 4141 wilfridus
2118 4079 2517 4146 britanniam
2542 4107 2656 4148 ve-

1454 4165 1642 4228 niens
1677 4185 1692 4229 :
1733 4164 2126 4248 conjunctus
2186 4177 2290 4231 est
2338 4171 2656 4238 amiciciis

1948 4312 1970 4342 ⁸
2007 4312 2258 4364 ‘a’om.:
2297 4317 2436 4369 R.N.

1949 4379 1972 4409 ⁸
2003 4377 2169 4430 dicere
2195 4399 2208 4432 z
2245 4383 2449 4436 R.N.S.

1958 4446 1980 4475 ⁸
2011 4445 2312 4511 dalphinus:
2349 4450 2414 4502 R.
