3117 4959
1325 248 1386 303 S.
1439 247 1801 302 BERTINI
1840 247 2069 302 ABBA
2084 248 2215 304 TIS

1053 357 1208 414 538

518 464 788 548 quintus
832 462 892 526 ei
941 463 1008 526 in
1057 463 1514 545 episcopatum
1571 482 1719 526 sue-

515 554 755 616 cessit:
799 552 1158 615 translatus
1210 561 1310 616 est
1354 551 1422 614 in
1469 561 1718 614 wenta-

518 661 676 704 nam
737 641 1124 704 civitatem:
1185 649 1252 703 et
1313 639 1381 702 in
1443 638 1719 703 ecclesia

519 729 866 792 beatorum
915 727 1368 809 apostolorum
1420 727 1589 807 petri
1649 735 1719 790 et

519 816 698 900 pauli
718 815 1076 878 honorifice
1097 815 1490 878 tumulavit.¹
1541 815 1720 878 Evo-

519 903 662 966 luto
680 914 905 967 autem
928 903 1140 966 multo
1158 913 1456 984 tempore
1481 903 1717 965 beatus

519 991 923 1055 adelwoldus
955 1010 1198 1072 magne
1227 990 1562 1072 religionis
1591 991 1718 1053 vir:

517 1080 632 1161 qui
683 1079 748 1142 in
796 1079 1180 1161 episcopatu
1212 1079 1719 1142 vicesimussex-

519 1175 628 1230 tus
672 1167 1068 1232 successit²:
1114 1166 1380 1229 deloco
1433 1166 1546 1230 ubi
1600 1185 1717 1247 po-

518 1257 720 1318 situm
741 1254 952 1318 fuerat
969 1254 1456 1318 sanctissimum
1479 1272 1719 1335 corpus

519 1343 844 1406 elevavit:
890 1351 958 1406 et
1020 1342 1088 1405 in
1147 1342 1382 1405 eadem
1443 1342 1721 1405 ecclesia

514 1430 714 1513 juxta
729 1431 942 1513 majus
956 1430 1162 1493 altare
1181 1427 1721 1492 honorificentius

518 1519 904 1582 collocavit:
978 1519 1064 1581 ad
1137 1517 1402 1582 laudem
1463 1517 1719 1580 domini

520 1607 726 1670 nostri
756 1607 916 1688 Jesu
949 1605 1210 1671 Christi.
1311 1605 1468 1668 Tres
1495 1605 1725 1668 ultime

519 1694 807 1758 lectz'ones
849 1694 928 1758 de
967 1693 1348 1775 expositione
1401 1693 1724 1773 evangelii

520 1783 663 1846 Vos
722 1784 881 1845 estis
941 1781 1060 1845 lux
1121 1781 1369 1846 mundi.
1465 1781 1721 1845 Omelia

521 1880 599 1933 ut
642 1869 712 1932 in
755 1869 1094 1933 communi.
1181 1889 1422 1932 nonum
1469 1873 1719 1950 respon-

519 1957 766 2022 sorium
828 1957 980 2023 Sint
1031 1956 1257 2022 lumbi.
1353 1955 1575 2021 Cetera
1632 1955 1729 2020 ad

523 2045 888 2108 matutinas
937 2055 1000 2108 et
1042 2045 1238 2108 horas
1278 2043 1360 2107 de
1398 2043 1727 2108 communi

523 2133 725 2196 unius
749 2132 1128 2210 confessoris
1159 2132 1490 2214 pontificis
1507 2155 1531 2196 .·
1576 2153 1723 2195 cum

523 2221 810 2284 oratione
837 2221 1284 2303 Omnipotens
1322 2221 1726 2303 sempiterne

525 2308 706 2372 deus
789 2307 858 2370 E
860 2317 889 2370 t
897 2308 1040 2390 fiat
1067 2309 1376 2372 memoria
1403 2308 1485 2370 de
1507 2319 1727 2372 sancto

525 2395 752 2460 birino,
871 2398 1004 2460 Αῆ.
1050 2396 1344 2461 Amavit.
1439 2413 1484 2481 y
1531 2397 1727 2479 Mag-

529 2481 834 2548 nifieavit.
933 2484 1164 2548 Oratio
1233 2486 1314 2548 de
1383 2485 1723 2548 communi.

527 2571 654 2636 Ad
675 2582 964 2653 vesperas
993 2581 1098 2637 an.
1193 2573 1366 2638 Ecce
1397 2573 1723 2636 sacerdos,

528 2659 795 2723 Psalmi
833 2660 1125 2740 feriales,
1169 2671 1232 2724 et
1275 2671 1476 2724 cetera
1528 2661 1730 2724 unius

526 2749 902 2829 confessoris
923 2749 1244 2832 pontificis
1269 2771 1413 2812 cum
1443 2749 1729 2812 oratione

531 2836 978 2919 Omnipotens
1066 2838 1466 2919 sempiterne
1542 2838 1725 2902 deuS.

534 2928 597 3002 ΕΙ
665 2925 1000 2988 Memoria
1071 2926 1152 2988 de
1203 2934 1419 2988 sancto
1485 2926 1728 2989 bertino

529 3012 770 3076 abbate.
901 3013 1034 3077 Αῆ.
1103 3014 1368 3095 Justum
1423 3013 1725 3078 deduxit.

531 3117 578 3184 y
655 3100 1127 3183 Magnificavit.
1223 3101 1452 3166 Oratio
1514 3103 1728 3166 Inter-

529 3188 758 3254 cessio.
817 3199 896 3252 ut
921 3188 992 3252 in
1022 3191 1358 3254 communi.

537 3281 600 3352 (Ι
651 3276 740 3340 Si
768 3277 1114 3341 translatio
1158 3277 1376 3340 sancti
1416 3277 1736 3342 cuthberti

533 3363 603 3426 in
633 3365 958 3428 dominica
994 3366 1276 3429 evenerit
1293 3389 1318 3429 .·
1360 3367 1729 3448 differatur.

531 3461 594 3514 et
622 3451 716 3516 ibi
745 3452 1098 3532 incipiatur
1122 3453 1409 3534 hystoria
1441 3456 1514 3520 Si
1535 3456 1731 3519 bona.

531 3539 636 3602 Et
661 3538 802 3620 fiat
830 3539 1140 3602 memoria
1169 3542 1249 3604 de
1274 3552 1490 3605 sancto
1521 3543 1735 3606 birino

535 3636 820 3690 tantum:
840 3647 982 3690 cum
1005 3628 1356 3709 antiphona
1377 3630 1735 3694 Confessor

536 3715 806 3778 domini.
884 3733 931 3800 y
963 3715 1258 3780 Amavit.
1312 3717 1557 3782 Oratio.
1624 3720 1733 3782 Da

533 3807 894 3886 quesumus
935 3805 1357 3886 omnipotens
1388 3809 1571 3870 deuS.
1660 3817 1739 3870 ut

535 3893 606 3956 in
637 3891 973 3957 communi.
1051 3893 1147 3956 Et
1165 3894 1263 3957 ad
1275 3895 1630 3975 capitulum
1664 3895 1733 3958 in-

533 3981 859 4045 dominica
948 3981 1303 4063 incipiatur
1369 3982 1448 4045 de
1517 3994 1736 4047 sancto

534 4070 867 4134 cuthberto,
897 4081 962 4134 et
990 4071 1298 4134 memoria
1333 4071 1475 4154 fiat
1510 4071 1591 4134 de
1622 4071 1737 4134 do-

535 4159 775 4222 minica
805 4168 867 4221 et
895 4160 1205 4222 memoria
1234 4160 1315 4223 de
1338 4169 1554 4222 sancto
1601 4160 1737 4222 ber-

537 4247 672 4310 tino
701 4247 934 4311 abbate.
981 4257 1046 4310 et
1073 4247 1142 4310 in
1171 4257 1453 4312 crastino
1480 4249 1617 4332 fiat
1660 4248 1741 4311 de

639 4384 652 4412 ¹
691 4383 999 4434 tumulatus:
1037 4385 1178 4433 RN.

937 4453 954 4481 ⁴
991 4451 1260 4500 memoria:
1295 4449 1437 4500 RN.

1549 4385 1571 4413 ²
1603 4383 1823 4434 succedit
1851 4402 1864 4433 ε
1902 4383 2041 4434 R.N.

2338 357 2491 412 334

1816 471 2035 526 sancto
2058 461 2395 526 cuthberto.
2424 472 2489 524 et
2508 462 2717 525 medis
2738 461 2999 525 lectiones

1816 551 1897 613 de
1920 561 2141 614 sancto
2160 552 2418 614 bertino.
2448 571 2591 613 cum
2612 551 3001 631 responsoria

1822 639 2115 702 Domine
2147 639 2522 720 prevenisti.
2564 638 2687 702 Re.
2738 638 2873 702 Iste
2898 637 3020 714 ho-¹

1824 746 1937 790 mo
1997 726 2085 789 ab
2146 726 2609 791 adolescentia.
2736 726 2851 788 Re.
2898 727 3020 788 Vir!

1821 814 2127 878 israelita.
2217 815 2575 896 Expositio.
2676 815 2821 877 Vos
2866 816 2999 877 estis

1821 901 1941 965 lux
1996 903 2245 966 mundi.
2334 913 2399 966 et
2426 923 2669 964 nonum
2708 912 2997 981 responso-

1820 989 2017 1054 rium.
2114 990 2363 1054 Sancte
2393 990 2793 1053 cuthberte⁸
2835 999 2895 1052 et
2916 1010 2999 1052 su-

1802 1088 1931 1159 per
1987 1079 2325 1159 psalmum
2431 1079 2840 1141 Benedictus
2914 1087 2999 1142 ati.

1820 1165 2013 1247 Euge
2056 1185 2260 1229 serve.
2348 1166 2446 1230 Et
2488 1167 2872 1228 memoriam
2899 1165 2921 1202 ⁴
2946 1165 3004 1228 dc

1817 1264 2035 1317 sancto
2083 1253 2343 1318 bertino.
2432 1257 2569 1318 An.
2621 1253 2767 1316 Iste
2810 1254 2998 1316 homo.

1822 1345 1885 1419 ΕΙ
1938 1343 2025 1404 Si
2098 1341 2307 1404 medie
2374 1344 2673 1406 lectiones
2746 1342 2885 1404 sint
2943 1343 3003 1403 de

1816 1439 2035 1492 sancto
2086 1429 2302 1493 birino
2346 1430 2416 1494 in
2460 1432 2571 1493 die
2610 1431 2833 1493 sancti
2854 1430 3001 1492 cuth-

1818 1517 1985 1580 berti
2019 1540 2044 1581 :
2096 1538 2353 1582 nonum.
2472 1519 2591 1582 Re.
2668 1519 2819 1582 erit.
2878 1519 3003 1582 Sint

1818 1605 2046 1670 lumbi.
2162 1605 2511 1670 sinautem
2579 1627 2831 1670 nonum
2910 1605 2999 1670 Re.

1816 1697 1957 1759 erit.
2050 1692 2299 1759 Sancte
2329 1695 2698 1759 cuthberte.
2778 1695 2861 1756 In
2888 1694 3003 1755 lau-

1817 1783 2010 1846 dibus
2067 1793 2204 1847 ane.
2264 1792 2326 1845 et
2387 1794 2593 1846 cetera
2670 1792 2761 1846 ut·
2818 1793 2999 1863 supra

1817 1873 2151 1936 Memoria
2177 1871 2257 1934 de
2281 1881 2501 1935 sancto
2540 1871 2807 1936 bertino.
2892 1871 2999 1934 Ανῖ.

1822 1961 1961 2024 Iste
1992 1959 2211 2023 homo,
2300 1971 2407 2023 etc.

1826 2053 1889 2127 εἷ
1941 2047 2176 2110 Sancti
2203 2047 2443 2111 bertini
2467 2047 2747 2113 abbatis,
2824 2045 3001 2128 Lecj.

1823 2137 2271 2270 Egregrius
2315 2137 2425 2199 dei
2470 2137 2687 2201 abbas
2734 2136 3007 2199 bertinus

1974 2234 2127 2307 post
2150 2225 2495 2288 audomari
2520 2225 2786 2287 obitum
2806 2223 3005 2286 multis

1824 2312 2085 2376 vixerat
2115 2313 2336 2376 annis:
2368 2313 2771 2394 turbamque
2803 2331 3007 2373 mona-

1824 2400 2097 2465 chorum
2158 2401 2284 2464 sub
2336 2401 2635 2464 districte
2688 2419 2869 2464 sacre
2925 2419 3005 2460 re-

1824 2489 1979 2572 gule
2052 2487 2219 2570 jugo
2294 2489 2734 2552 custodiebat.
2872 2487 3007 2549 Post

1826 2577 2177 2640 transitum
2240 2586 2466 2639 autem
2534 2576 2719 2640 beati
2794 2573 3005 2640 bertini

1826 2665 2119 2746 quadam
2150 2675 2346 2729 nocte
2376 2665 2719 2728 dominica
2750 2675 2881 2728 troe
2908 2661 3007 2725 viri

1828 2753 1913 2816 ad
1946 2753 2381 2834 piscationem
2405 2754 2633 2816 ibant.
2665 2762 2739 2815 et
2766 2761 2999 2816 tantam

1828 2841 2325 2904 multitudinem
2346 2841 2627 2923 piscium
2643 2841 3005 2923 capiebant:

1826 2939 2149 3012 quantam
2218 2948 2559 3011 nunquam
2620 2939 2829 2993 antea
2898 2945 3005 2988 una

1829 3017 2306 3100 prendiderunt
2338 3027 2549 3081 nocte.
2629 3017 2795 3081 Post
2824 3017 3005 3097 pisca-

1829 3108 2079 3170 tionem
2112 3126 2270 3169 vero
2300 3105 2460 3169 lati⁵
2506 3106 2912 3187 navigabant
2938 3101 3001 3162 ad

1829 3202 2093 3276 portum
2125 3215 2140 3257 ε
2186 3196 2302 3257 sed
2334 3195 2421 3256 de
2454 3193 2765 3257 navicula
2790 3213 2861 3254 se
2890 3209 3001 3252 mo-

1828 3301 1981 3345 vere
2012 3301 2146 3343 non
2177 3289 2507 3363 poterant.
2676 3281 2893 3343 Lectio
2916 3297 3001 3340 set.

1830 3371 2076 3501 Duo
2136 3371 2313 3432 enim
2376 3388 2465 3431 ex
2523 3367 2620 3431 eis
2666 3369 2909 3450 pedum
2951 3373 3003 3426 et

1991 3476 2305 3519 manuum
2352 3456 2568 3519 officio
2612 3457 2857 3537 privati
2885 3461 3002 3517 toto

1832 3543 2097 3607 fuerunt
2120 3564 2395 3626 corpore
2424 3545 2717 3608 contriti.
2772 3542 3001 3607 Tertius

1832 3641 2058 3696 autem
2112 3631 2329 3695 officio
2386 3633 2630 3714 pedum
2688 3632 3000 3714 privatus:

1832 3721 2068 3783 surdus
2108 3720 2385 3784 effectus
2415 3728 2534 3783 est.
2628 3721 2827 3784 Ultio
2854 3719 2997 3781 enim

1834 3828 2033 3890 super
2078 3828 2193 3870 eos
2242 3809 2425 3872 venit
2476 3808 2707 3871 dIvina
2769 3817 3000 3891 propter

1836 3896 2047 3959 noctis
2072 3896 2403 3960 dominice
2426 3897 2997 3978 transgressionem

1832 3984 2197 4047 Venientes
2228 3993 2453 4048 autem
2501 3985 2587 4047 ad
2634 3985 2849 4048 sancti
2890 3985 2997 4046 ber-

1835 4071 1955 4135 tini
1986 4071 2447 4154 sepulchrum:
2479 4073 2831 4154 pristinam
2862 4089 2999 4134 rece·

1835 4170 2072 4242 perunt
2092 4161 2467 4224 sanitatem.
2514 4159 2815 4241 Quidam
2839 4161 2995 4223 etiam

1833 4247 2040 4311 homo
2101 4249 2397 4330 maligno
2456 4249 2697 4330 spiritu
2754 4248 3026 4332 repletus⁴

2400 4386 2421 4414 ⁸
2451 4384 2753 4435 cuthberthe
2779 4405 2792 4436 z
2830 4381 2947 4434 RN.
3024 4361 3026 4404 Ξ

2200 4453 2221 4480 ³
2254 4449 2377 4500 leti:
2416 4451 2481 4500 N.
