3117 4959
1028 291 1091 346 S.
1142 285 1426 344 EGIDII
1467 285 1525 340 A
1534 285 1698 341 ΒΒΑ
1711 287 1858 344 TIS.

714 397 863 450 527

182 507 514 636 Postea
576 523 731 566 vero
784 503 961 586 cepit
1036 503 1373 586 predictus

321 613 444 656 rex
494 591 873 673 frequenter
931 591 1370 654 edificationis

178 701 381 744 causa
410 679 867 761 colloquique¹
901 679 1243 762 voluptate
1275 700 1373 743 re-

178 771 390 832 visere
426 789 441 832 z
487 776 557 832 et
601 768 845 830 sanctis
899 767 1041 847 ejus
1104 769 1375 830 monitis

178 857 437 919 erudiri.
530 855 812 937 Cunque
884 856 1007 918 sibi
1076 857 1372 918 renuenti

178 945 401 1026 sepius
434 945 809 1007 innumeras
838 943 1101 1005 offerret
1132 963 1331 1025 gazas
1360 963 1375 1006 t

176 1032 453 1095 tandem
488 1032 743 1095 monuit
793 1051 946 1094 eum
996 1031 1094 1094 vir
1144 1031 1250 1093 dei
1302 1042 1377 1094 ut

174 1120 334 1183 inde
402 1121 621 1202 potius
690 1118 959 1200 aliquod
1019 1119 1373 1182 cenobium

174 1216 626 1272 construeret:
674 1208 739 1270 in
795 1227 931 1287 quo
984 1227 1206 1270 servos
1266 1207 1373 1269 dei

172 1305 648 1378 congregaret:
695 1295 807 1376 qui
855 1295 1129 1358 domino
1160 1294 1373 1358 famu-

173 1387 487 1448 larentur.
601 1382 801 1465 Quod
848 1403 1000 1445 cum
1059 1382 1371 1446 fecisset:

170 1473 396 1535 victus
415 1472 671 1554 egidius
685 1470 985 1552 precibus
1007 1471 1175 1552 regis
1192 1479 1373 1552 post-

170 1579 383 1642 quam
476 1559 833 1641 plurimum
942 1557 1371 1622 reluctasset:

168 1647 477 1730 ejusdem
522 1647 901 1710 monasterii
952 1667 1175 1710 curam
1230 1667 1372 1709 sus-

172 1738 369 1819 cepit.
503 1736 617 1799 Re.
697 1734 1087 1798 Parentibus
1146 1745 1369 1797 autem

174 1823 321 1906 ejus
384 1823 449 1886 in
514 1843 677 1905 pace
726 1822 1067 1886 defunctis,
1163 1822 1369 1885 Patri-

174 1912 382 1974 monii
436 1913 537 1974 sui
587 1911 925 1975 Christum
978 1909 1133 1974 fecit
1187 1910 1369 1973 here-

173 2001 349 2063 dem.
442 2016 487 2084 y
536 1997 822 2062 Mirabili
874 1998 1075 2061 modo
1123 2018 1371 2080 paupe-

175 2089 391 2151 rando
412 2088 435 2124 ²
480 2087 810 2151 ditescens
842 2087 1003 2148 dum
1035 2094 1369 2168 tempora-

169 2177 336 2239 lium
384 2176 738 2257 impendiis
783 2185 1010 2238 eterna
1064 2173 1367 2239 lucratur.

170 2264 577 2328 Patrimonii.
652 2262 893 2326 Gloria.
968 2263 1369 2327 Patrimonii.

162 2353 255 2416 In
306 2352 401 2433 τῇ.
447 2361 600 2415 noct.
649 2359 755 2414 αῆ.
802 2350 1133 2415 Credebat
1185 2353 1365 2432 quod

163 2440 497 2504 didicerat
530 2461 567 2501 a
598 2459 753 2502 vero
800 2438 1119 2520 magistro
1152 2438 1216 2501 in
1252 2459 1367 2521 pa-

164 2529 409 2592 tientia
438 2529 711 2590 tandem
744 2527 997 2590 animas
1024 2527 1365 2608 possideri.

148 2625 258 2700 pj‘.
312 2615 601 2678 Domine
650 2616 811 2698 quis,
904 2615 965 2677 Α
980 2624 1038 2678 ἢ.
1101 2615 1368 2679 Virtute

164 2707 400 2786 itaque
458 2714 685 2767 vectus
738 2704 822 2767 ad
872 2703 1217 2768 sublimia:
1264 2723 1367 2766 sa-

164 2791 490 2856 cerdotali
538 2791 743 2854 insula
784 2793 1022 2854 meruit
1054 2793 1365 2855 decorari.

147 2889 257 2964 pff.
346 2881 635 2943 Domine
712 2880 777 2942 in
855 2880 1113 2943 virtute.
1234 2881 1367 2944 Ar'i.

166 2968 487 3033 Obtinuit
538 2969 715 3031 enim
778 2967 939 3031 illud
999 2965 1367 3049 sapientis:

162 3056 353 3138 quod
407 3057 473 3118 in
522 3064 823 3137 tempore
866 3056 959 3117 ire
1006 3055 1223 3118 sacta³
1268 3063 1369 3118 est

162 3143 631 3207 reconciliatio
737 3152 837 3225 p}
936 3142 1206 3205 Domini
1268 3152 1371 3206 est

162 3242 361 3295 terra.
438 3249 485 3316 y
533 3231 1004 3313 Magnificavit.
1078 3231 1369 3311 Septima

162 3319 351 3383 lectio
380 3329 635 3382 tantum
666 3321 746 3382 de
771 3317 1152 3399 expositione
1176 3339 1370 3380 evan-

149 3407 331 3490 gelii
398 3408 741 3469 secundum
814 3407 1023 3469 lucam
1050 3429 1073 3469 .·
1152 3407 1372 3469 Nemo

166 3497 509 3559 lucernam
569 3494 889 3559 accendit.
986 3493 1239 3558 Omelia
1298 3503 1375 3557 ut

168 3585 243 3646 in
296 3583 633 3646 communi.
723 3583 835 3645 Re.
884 3581 985 3645 At
1015 3582 1127 3645 ubi
1160 3583 1371 3644 sancti

166 3672 294 3734 viri
344 3673 549 3734 virtus
602 3691 716 3752 pre
750 3669 1207 3751 magnitudine
1254 3691 1373 3732 sua

167 3760 379 3823 latere
413 3779 542 3821 non
596 3760 829 3840 potuit.
924 3757 1373 3823 Confluebant

167 3847 259 3910 ad
295 3867 445 3910 eum
489 3846 755 3927 plurimi
804 3847 1093 3927 corporis
1126 3847 1373 3908 anime-

167 3955 307 4017 que
382 3933 702 3997 beneficia
776 3933 1204 4015 postulantes,
1327 3950 1374 4017 y

170 4023 322 4087 Nec
367 4043 525 4085 vero
586 4021 697 4086 ubi
752 4021 945 4084 dator
990 4020 1256 4084 hilaris:
1306 4031 1373 4084 et

169 4110 355 4193 quod
388 4112 655 4175 daretur
686 4110 951 4172 abunde
985 4110 1212 4172 aderat
1233 4109 1375 4190 spei

172 4219 295 4262 sue
327 4219 597 4262 munere
628 4197 1127 4261 frustrabantur.
1198 4197 1375 4261 Con-

280 4383 664 4448 ¹colloquiique
687 4383 965 4500 :⁴R.(}{dS.'
1022 4449 1089 4498 dd
1167 4449 1287 4499 RN

554 4477 561 4484 ·
768 4455 782 4477 ⁸
836 4466 851 4498 ι
902 4465 935 4498 o
991 4465 1021 4498 a
1116 4467 1129 4498 ε
1291 4485 1303 4498 .

1209 4385 1231 4414 ²
1263 4383 1584 4448 pauperendo
1609 4402 1622 4433 ε
1661 4383 1720 4432 R.
1731 4383 1796 4431 N.

1997 399 2152 453 528

1492 503 1791 568 fluebant
1851 504 1937 567 ad
1998 525 2150 567 eum
2221 503 2484 587 plurimi
2549 525 2690 568 cor-

1480 594 1658 675 poris
1687 593 2040 675 animeque
2087 591 2404 656 beneficia
2455 603 2682 674 postu-

1480 681 1712 744 lantes·
2295 680 2508 743 Lectio
2539 681 2680 762 vig'j.

1479 769 1894 899 Proxima
1943 769 2167 850 itaque
2214 767 2323 831 die
2372 769 2529 831 dum
2585 771 2679 831 vir

1633 865 1900 919 sanctus
1981 857 2247 919 missam
2318 856 2402 918 de
2495 877 2676 920 more

1480 944 1820 1008 celebrans
1841 965 1961 1024 pro
1974 945 2114 1026 Jam
2130 944 2317 1025 ⁴rege
2329 945 2672 1007 dominum

1479 1031 1545 1094 in
1579 1052 1832 1095 canone
1862 1033 2322 1114 deprecaretur
2369 1035 2675 1114 apparuit

1478 1120 1539 1184 ei
1589 1120 1866 1201 angelus
1913 1121 2166 1183 domini
2216 1139 2414 1202 super
2465 1122 2674 1184 altare

1478 1208 1784 1271 cedulam
1834 1227 2087 1289 ponens
2118 1211 2184 1271 in
2216 1229 2350 1289 qua
2381 1208 2672 1290 descrip-

1478 1304 1622 1358 tum
1656 1306 1796 1359 erat
1829 1297 2058 1359 ordine
2111 1306 2177 1360 et
2233 1298 2448 1377 ipsum
2502 1299 2672 1378 regis

1478 1395 1870 1464 peccatum:
1947 1393 2015 1447 et
2089 1385 2290 1466 egidii
2368 1386 2670 1466 precibus

1477 1491 1622 1533 esse
1674 1472 1777 1534 ei⁶
1825 1471 2216 1536 dimissum:
2263 1473 2316 1534 si
2367 1473 2672 1553 penitens

1422 1544 1439 1568 ‘
1475 1566 1738 1621 tantum
1771 1560 1859 1622 ab
1889 1579 1970 1622 eo
2016 1561 2376 1623 desisteret.
2469 1559 2669 1642 Quod

1475 1647 1710 1710 videns
1771 1648 1878 1710 dei
1942 1647 2276 1711 famulus:
2325 1657 2394 1710 et
2453 1649 2672 1710 officio

1476 1744 1744 1815 peracto
1793 1735 1930 1817 regi
1979 1735 2329 1817 legendam
2380 1735 2673 1801 tradidit.

1476 1823 1988 1905 Recognoscens
2041 1825 2242 1905 igitur
2289 1844 2407 1886 rex
2457 1823 2672 1886 scelus

1472 1912 1653 1991 quod
1716 1911 2010 1975 fecerat:
2086 1913 2171 1976 ad
2235 1912 2438 1994 pedes
2501 1911 2673 1975 illius

1472 2000 1758 2080 procidit
1813 1998 2161 2081 flagitans:
2215 2008 2290 2063 ut
2339 2000 2515 2081 apud
2549 2000 2670 2062 do-

1472 2087 1726 2150 minum
1776 2088 1910 2150 suis
1961 2089 2265 2169 precibus
2295 2088 2672 2169 patrocina-

1472 2185 1666 2240 retur.
1758 2176 1873 2239 Re.
1940 2175 2220 2258 Cunque
2261 2178 2429 2238 mira
2479 2185 2672 2257 gesta

1472 2262 1744 2326 laudum
1805 2265 2116 2346 preconia
2190 2273 2670 2345 sequerentur:

1472 2352 1638 2415 mari
1687 2353 1966 2414 transito
2015 2351 2328 2416 Natalem
2377 2351 2666 2432 greciam

1470 2459 1592 2503 sua
1653 2441 1985 2520 presentia
2045 2441 2356 2504 viduavit.
2463 2456 2508 2524 y
2557 2439 2670 2502 In-

1470 2536 1740 2590 cautum
1778 2548 1923 2592 esse
1947 2527 2254 2608 judicans
2285 2528 2446 2591 levis
2493 2527 2671 2591 fame

1472 2616 1691 2697 precio
1723 2616 2104 2679 thesaurum
2130 2616 2303 2679 bone
2334 2617 2670 2679 conscien-

1468 2705 1561 2767 tie
1593 2704 1956 2767 vendicare.
2035 2703 2348 2767 Natalem
2380 2705 2666 2785 greciam

1470 2811 1592 2853 sua
1623 2793 1953 2873 presentia
1984 2791 2296 2855 viduavit.
2407 2792 2548 2853 Lec.
2582 2791 2612 2852 i
2621 2814 2666 2855 t.

1469 2879 1840 3012 Sanctus
1911 2898 2068 2941 vero
2128 2879 2386 2960 egidius
2436 2887 2669 2960 postea

1603 2985 1756 3028 cum
1804 2967 2028 3047 paucis
2075 2965 2382 3029 fratribus
2414 2987 2668 3029 romam

1472 3055 1808 3136 perrexit:
1855 3062 1929 3117 ut
1971 3054 2440 3117 monasterium
2474 3075 2668 3117 suum

1474 3141 1841 3223 apostolico
1887 3141 2016 3223 juri
2068 3143 2512 3224 manciparet:
2584 3163 2668 3204 ne

1471 3231 1666 3294 alicui
1697 3229 1863 3294 laice
1910 3249 2189 3313 persone
2229 3229 2672 3293 ecclesiastice

1472 3318 1808 3399 religionis
1919 3319 2146 3400 ignare
2263 3317 2670 3382 subderetur.

1480 3406 1702 3486 Hujus
1734 3407 1957 3486 itaque
2005 3407 2252 3470 decreti
2283 3406 2368 3469 ab
2401 3415 2667 3488 aposto-

1474 3493 1602 3557 lico
1622 3493 1952 3575 prefixum
1972 3494 2210 3559 detulit
2224 3515 2448 3558 secum
2472 3496 2666 3576 privi-

1474 3581 1739 3663 legium.
1805 3583 1962 3644 Duo
1990 3603 2257 3665 quoque
2288 3584 2668 3666 cypressina

1474 3671 1648 3733 ostia
1679 3680 2058 3734 sanctorum
2112 3671 2434 3754 imagInes
2475 3693 2666 3753 apos-

1475 3759 1764 3821 tolorum
1800 3759 2128 3841 insculpta
2158 3760 2345 3823 dedit
2377 3761 2436 3822 ei
2469 3781 2662 3841 apos-

1476 3847 1714 3909 tolicus
1748 3847 1811 3907 in
1847 3848 2084 3928 pignus
2107 3847 2461 3910 charitatis.
2519 3847 2670 3928 Quc

1476 3934 1576 3996 vir
1623 3935 1876 3997 domini
1925 3935 2148 3997 divine
2207 3935 2670 4016 gubernationi

1476 4023 1956 4085 commendans
2010 4023 2076 4083 in
2138 4022 2424 4102 tyberim
2474 4023 2670 4086 misit.

1480 4109 1616 4193 Qui
1665 4129 1814 4172 cum
1860 4111 2264 4190 pervenisset
2295 4109 2378 4172 ad
2413 4129 2676 4171 monas-

1478 4199 1717 4261 terium
1751 4218 1984 4261 suum:
2019 4217 2180 4260 mox
2207 4219 2247 4260 a
2277 4198 2675 4278 quibusdam

2037 4383 2058 4411 ⁸
2091 4381 2281 4433 sactus:
2321 4383 2380 4434 R.

1643 4453 1663 4481 ⁸
1702 4448 1934 4499 ‘ei’om.
1968 4467 1980 4498 ε
2018 4449 2068 4498 S.
