3117 4959
1276 246 1387 308 ΙΝ
1426 245 1479 308 C
1475 247 1806 308 OMMEM
1810 247 1970 308 ΘΚΑ
1984 245 2074 306 T!
2070 249 2247 308 ΘΝΕ

1030 356 1189 414 666

498 475 653 552 post
697 465 1006 531 tenebras
1050 483 1245 549 spero
1290 463 1525 530 lucem.
1619 463 1696 530 Si

498 555 875 620 sustinuero
946 551 1241 618 infernus
1267 553 1513 617 domus
1543 569 1698 617 mea

499 653 647 708 es:t
631 643 691 684 ·¹
769 643 835 707 in
912 642 1203 707 tenebris
1278 640 1485 705 stravi
1567 640 1702 705 lec-

498 731 717 796 tulum
770 750 1013 795 meum.
1137 727 1475 792 Putredini
1534 727 1702 793 dixi.

504 819 703 883 Pater
749 839 937 882 meus
982 838 1093 882 es:
1138 827 1354 906 mater
1398 829 1549 880 mea
1583 823 1702 880 :et

502 926 691 971 soror
741 927 895 970 mea
935 905 1288 970 vermibus
1410 903 1549 970 Ubi
1595 911 1700 967 est

502 1015 663 1077 ergo
728 1013 905 1059 nunc
968 991 1361 1077 prestolatio
1420 1012 1573 1055 mea
1631 999 1702 1054 et

502 1083 827 1165 patientia
880 1101 1031 1160 mea
1070 1100 1086 1145 ι
1160 1088 1233 1144 tu
1294 1097 1369 1143 es
1426 1078 1702 1143 domine

502 1172 671 1236 deus
701 1190 907 1234 meus,
997 1169 1115 1232 Re.
1165 1168 1558 1232 Peccantem
1592 1186 1700 1230 me

501 1257 801 1340 quotidie
850 1265 917 1321 et
946 1277 1081 1320 non
1123 1257 1701 1338 repenitentem.
1631 1255 1701 1293 ¹·

502 1347 706 1410 timor
792 1345 1024 1408 mortis
1126 1344 1483 1408 conturbat
1571 1363 1699 1407 me.

504 1431 683 1517 Quia
744 1432 811 1496 in
872 1431 1131 1496 inferno
1189 1431 1371 1495 nulla
1435 1440 1538 1495 est
1599 1447 1700 1494 re·

505 1521 806 1604 demptio
846 1521 1155 1585 miserere
1203 1519 1332 1583 mei
1382 1519 1586 1583 deus:
1630 1529 1702 1584 et

504 1609 689 1674 salva
749 1629 873 1673 me.
965 1625 1011 1694 y
1059 1608 1242 1670 Deus
1302 1607 1369 1670 in
1428 1606 1702 1670 nomine

504 1707 625 1762 tuo
654 1696 910 1760 salvum
936 1715 1043 1759 me
1071 1695 1216 1761 sac:
1262 1705 1331 1758 et
1360 1693 1427 1758 in
1457 1695 1701 1759 virtute

507 1795 625 1850 tua
654 1785 860 1849 libera
892 1804 1017 1848 me.
1062 1783 1255 1866 Quia.
1318 1782 1536 1846 Lectio
1558 1782 1702 1864 viij.

668 1873 777 1937 elli
832 1891 981 1936 mee
1026 1871 1440 1953 consumptis
1484 1871 1702 1934 carni-

666 1961 793 2024 bus
853 1959 1114 2024 adhesit
1174 1979 1251 2022 os
1324 1977 1566 2022 meum.
1633 1967 1701 2022 et

505 2048 819 2114 derelicta
849 2056 1007 2111 sunt
1028 2046 1499 2111 tantummodo
1524 2045 1703 2110 labia

506 2137 680 2201 circa
712 2137 945 2200 dentes
994 2155 1196 2199 meos,
1288 2134 1700 2198 Miseremini

509 2224 639 2288 mei
688 2223 1087 2287 miseremini
1136 2223 1264 2286 mei
1311 2221 1549 2286 saltem
1582 2241 1701 2285 vos

508 2311 703 2376 amici
754 2311 925 2377 mei:
971 2310 1135 2393 quia
1181 2330 1417 2374 manus
1446 2308 1702 2374 domini

505 2399 729 2482 tetigit
762 2419 885 2464 me.
977 2398 1203 2482 Quare
1233 2397 1702 2482 persequimini

508 2507 617 2552 me
647 2487 818 2552 sicut
864 2487 1029 2551 deus
1078 2496 1147 2552 et
1197 2487 1502 2550 carnibus
1534 2487 1702 2550 meis

506 2574 934 2640 saturamini?
977 2573 1145 2657 Quis
1166 2574 1323 2637 mihi
1338 2574 1585 2638 tribuat
1601 2583 1706 2638 :ut

506 2665 880 2728 scribantur
908 2682 1245 2726 sermones
1277 2661 1407 2725 mei
1434 2662 1458 2725 ?
1534 2661 1704 2744 Quis

508 2751 671 2816 mihi
702 2751 859 2816 det:
906 2759 980 2814 ut
1009 2757 1371 2814 exarentur
1418 2751 1483 2813 in
1533 2749 1707 2814 libro

506 2840 663 2905 stilo
691 2839 903 2904 ferreo
933 2848 1003 2902 et
1032 2837 1288 2920 plumbi
1320 2836 1568 2901 lamina
1597 2837 1705 2902 vel

505 2927 677 2992 celte
700 2927 1088 3011 sculpantur
1108 2926 1175 2989 in
1198 2925 1417 2990 scilice
1439 2925 1501 2990 2⁸
1548 2924 1706 2991 Scio

506 3017 724 3081 enim:
801 3015 985 3098 quod
1061 3014 1443 3097 redemptor
1518 3031 1706 3077 meus

506 3105 715 3168 vivit:
761 3112 831 3168 et
890 3103 958 3168 in
1022 3103 1387 3166 novissimo
1446 3099 1557 3165 die
1619 3102 1708 3164 de

506 3201 685 3257 terra
714 3199 1123 3256 surrecturus
1168 3209 1336 3254 sum.
1430 3189 1521 3253 Et
1569 3209 1708 3253 rur—

508 3301 657 3344 sum
688 3278 1127 3345 circundabor
1152 3277 1327 3361 pelle
1358 3297 1508 3341 mea
1538 3285 1608 3340 et
1639 3276 1704 3342 in

508 3389 707 3434 carne
756 3387 905 3431 mea
957 3367 1203 3430 videbo
1245 3364 1449 3430 deum
1492 3365 1708 3430 salva-

510 3464 723 3520 torem
786 3474 1025 3519 meum.
1162 3453 1385 3536 Quem
1446 3453 1705 3517 visurus

508 3564 659 3607 sum
704 3542 1016 3624 egoipse:
1063 3551 1130 3604 et
1176 3541 1351 3604 oculi
1386 3541 1514 3605 mei
1546 3561 1708 3605 con-

508 3631 799 3714 specturi
832 3637 1026 3692 sunt:
1072 3639 1139 3692 et
1174 3648 1305 3692 non
1340 3629 1523 3692 alius.
1574 3629 1708 3693 Re-

510 3720 732 3803 posita
761 3725 863 3782 est
908 3716 1032 3780 hec
1076 3737 1231 3799 spes
1280 3737 1430 3780 mea
1461 3718 1525 3780 in
1558 3717 1706 3782 sinu

511 3827 679 3872 me0.
772 3806 887 3870 Re.
936 3804 1121 3868 Deus
1162 3813 1387 3869 eterne
1418 3805 1485 3868 in
1517 3805 1708 3886 cujus

510 3896 803 3960 humana
834 3893 1129 3958 conditio
1174 3901 1505 3976 potestate
1550 3912 1709 3956 con-

510 3985 687 4049 sistit
746 3984 1007 4047 animas
1060 3983 1359 4045 omnium
1410 3981 1714 4057 fidelium,

508 4073 973 4138 defunctorum
1023 4088 1382 4151 quesumus
1428 4069 1516 4132 ab
1564 4089 1709 4132 om-

510 4162 705 4226 nibus
734 4160 1007 4224 absolve
1044 4157 1353 4241 peccatis
1446 4157 1545 4222 Ut
1595 4177 1710 4239 pe-

511 4247 791 4312 nitentie
822 4247 1112 4312 fructum
1162 4265 1362 4328 quem
1393 4244 1705 4309 voluntas

2317 355 2482 414 666

1805 484 1939 530 non
1991 465 2296 548 perdant.
2394 482 2442 552 γ
2487 464 2625 548 Qui
2685 463 2748 528 in
2801 483 2954 530 cruoe

1798 554 2057 636 positus
2116 553 2447 618 latronem
2500 572 2650 617 sero
2701 553 2956 635 peniten-

1798 650 1940 704 tem
1979 642 2332 724 suscepisti
2379 660 2612 704 eorum
2659 659 2960 723 precamur
3032 657 3035 706 1

1799 728 1910 810 pie
1939 737 2215 811 peccata
2243 728 2412 792 dele.
2491 729 2590 793 Ut
2621 731 2958 811 penitentie.

1797 815 2020 880 Aliud
2056 816 2564 899 Responsorium
2611 825 2822 879 oda-vo
2863 817 2964 880 10oe

1797 903 2064 967 dicatur
2075 913 2337 968 tantum
2368 905 2442 970 in
2471 903 2582 968 die
2601 904 2961 967 animarum.

1797 991 1917 1055 Re.
2008 991 2310 1056 Absolve
2395 992 2674 1056 domine
2745 993 2961 1054 animas
3032 1039 3034 1046 .

1797 1099 2028 1143 eorum
2059 1081 2148 1143 ab
2177 1081 2365 1144 omni
2413 1081 2686 1144 vinculo
2730 1080 2966 1143 delicto-
3031 1055 3035 1174 1

1801 1185 1946 1230 rum
1979 1187 2113 1231 non
2145 1189 2260 1232 eas
2312 1178 2730 1233 tormentum
2771 1167 2964 1230 mortis

1799 1256 2108 1337 attingat.
2202 1258 2360 1321 Non
2413 1273 2681 1320 reorum
2723 1255 2967 1319 cathena

1798 1345 2213 1427 constringat
2257 1343 2379 1408 sed
2411 1344 2758 1409 miseratio
2783 1353 2888 1407 tua
2909 1344 2962 1406 in

1797 1431 1982 1513 pacis
2001 1433 2024 1470 ⁴
2056 1453 2170 1496 eas
2211 1452 2290 1496 ac
2336 1433 2502 1497 lucis
2547 1433 2818 1515 regione
2841 1451 2967 1495 con-

1797 1519 2049 1584 stituat.
2127 1539 2176 1606 y
2222 1520 2316 1583 Et
2343 1540 2475 1602 que
2508 1519 2646 1584 illis
2675 1530 2826 1584 sunt
2848 1520 2968 1602 dig-

1798 1627 1884 1670 ne
1915 1606 2190 1672 domine
2217 1609 2630 1672 cruciatibus
2657 1608 2884 1692 culpe:
2907 1618 2963 1672 tu

1798 1695 1895 1758 eis
1924 1697 2142 1778 gratia
2173 1695 2468 1760 lenitatis
2499 1695 2800 1780 indulge.
2841 1697 2964 1759 Non

1797 1802 2060 1848 reorum
2091 1783 2395 1848 cathena.
2567 1785 2789 1848 Lasia
2813 1803 2968 1847 nona.

1809 1871 2096 2038 Quare
2126 1872 2212 1935 de
2246 1871 2450 1936 vulva
2489 1872 2794 1936 eduxisti
2841 1891 2969 1935 me:

1932 1960 2048 2043 qui
2097 1961 2354 2025 utinam
2405 1970 2849 2044 consumptus
2890 1979 2974 2022 ee-

1795 2065 1985 2113 sem:
2075 2067 2162 2113 ne
2233 2047 2468 2112 oculus
2541 2067 2663 2114 me
2735 2049 2972 2113 videret.

1795 2134 2103 2200 -Fuissem
2179 2137 2370 2218 quasi
2431 2155 2566 2200 non
2633 2157 2848 2201 essem
2905 2136 2973 2197 de
3033 2195 3035 2198 Α

1797 2230 1988 2287 utero
2048 2223 2410 2288 translatus
2481 2225 2570 2288 ad
2653 2224 2976 2290 tumulum.

1800 2311 2123 2393 Nunquid
2186 2331 2322 2375 non
2382 2314 2699 2394 paucitas
2751 2315 2974 2376 dierum

1800 2416 2100 2462 meorum
2131 2397 2396 2463 finietur
2427 2401 2668 2464 brevi?
2724 2401 2978 2467 Dimitte

1797 2506 1959 2568 ergo
2019 2506 2128 2550 me
2178 2487 2501 2552 domine:
2545 2497 2632 2552 ut
2693 2489 2977 2572 plangam

1799 2573 2145 2657 paululum
2178 2575 2478 2638 dolorem
2511 2595 2792 2640 meum.
2821 2585 2978 2641 ante·

1798 2682 2001 2744 quam
2047 2662 2292 2726 vadam
2324 2673 2393 2727 et
2425 2683 2562 2728 non
2593 2663 3035 2732 revertarad

1797 2759 2042 2814 terram
2074 2751 2550 2816 tenebrosam:
2597 2763 2676 2817 et
2707 2755 3035 2856 opertam*

1801 2839 2033 2903 mortis
2054 2838 2357 2921 caligine.
2427 2839 2720 2905 Terram
2754 2841 2982 2906 miserie

1799 2935 1869 2989 et
1897 2927 2364 2992 tenebrarum:
2411 2927 2526 2991 ubi
2557 2931 2813 2994 umbra
2841 2947 2980 2992 mor·

1799 3013 1926 3079 tis:
1973 3023 2042 3078 et
2073 3015 2292 3079 nullus
2341 3016 2544 3079 ordo.
2590 3019 2726 3081 sed
2775 3011 3035 3110 εοιιιρί-ἷζ

1800 3111 2026 3166 ternus
2099 3101 2334 3168 horror
2405 3102 2776 3170 inhabitat.
2893 3104 2980 3168 Re.
3032 3089 3035 3222 i

1801 3189 2046 3254 Libera
2071 3210 2178 3255 me
2202 3191 2473 3255 domine
2484 3193 2574 3257 de
2601 3203 2831 3259 morte
2851 3205 2980 3257 eter-

1801 3297 1888 3341 na
1919 3279 1984 3342 in
2016 3279 2124 3343 die
2155 3278 2273 3342 illa
2296 3281 2690 3345 tremenda:
2723 3280 2980 3366 Quando

1801 3365 1922 3430 celi
1955 3368 2269 3430 movendi
2300 3376 2457 3432 sunt
2487 3378 2559 3433 et
2587 3379 2826 3436 terra:
2853 3371 2978 3434 dum

1799 3455 2058 3518 veneris
2133 3454 2435 3536 judicare
2509 3453 2826 3522 seculum
2892 3473 3035 3538 per

1801 3541 2042 3624 ignem.
2133 3559 2182 3626 γ
2231 3543 2395 3608 Dies
2441 3542 2560 3608 illa
2593 3545 2756 3611 dies
2787 3547 2982 3610 iteca·

1801 3628 2121 3694 lamitatis
2150 3639 2220 3694 et
2251 3632 2513 3695 miserie
2559 3633 2718 3697 diae
2773 3649 3035 3714 magua

1799 3727 1869 3782 et
1897 3737 2126 3782 amara
2153 3719 2368 3783 valde.
2430 3719 2756 3802 Quando.
2817 3721 2980 3786 Reiu-

1799 3805 2084 3887 cipiatur
2096 3807 2598 3888 Responsorium
2619 3809 2873 3874 Libera
2889 3827 2982 3871 me

1801 3911 1846 3979 γ
1874 3893 2123 3958 Audivi
2152 3915 2407 3959 vocem.
2466 3897 2555 3960 In
2571 3897 2981 3962 laudibnsafi.

1957 3982 2319 4047 xultabunt
2361 3983 2646 4049 domino
2691 4007 2852 4050 ossa
2893 3985 2984 4048 hu-

1956 4070 2228 4134 miliata.
2307 4079 2409 4152 pf.
2460 4072 2812 4138 Miserere.
2879 4073 2981 4136 Ai-

1806 4157 2078 4221 Exaudi
2127 4156 2401 4222 domine
2448 4161 2835 4226 orationem
2879 4179 2984 4224 me-

1801 4265 1958 4310 am:
2005 4245 2092 4309 ad
2145 4255 2214 4310 te
2266 4248 2491 4311 omnis
2551 4269 2714 4314 caro
2779 4248 2982 4314 veniet

510 4355 740 4400 eorum
800 4333 1060 4419 optavit
1128 4332 1427 4416 preventi
1492 4341 1707 4396 morte
1787 4341 1888 4415 pf.
1937 4332 2038 4398 Te
2069 4334 2278 4400 decet.
2369 4336 2506 4401 Aa.
2557 4336 2676 4400 Me
2724 4333 2984 4417 suscepit

554 4472 569 4502 ¹
612 4475 690 4517 ‘et
711 4467 725 4492 '
746 4468 845 4517 add
872 4487 885 4518 ι
920 4467 1137 4517 w.R.S.

1276 4469 1296 4497 ‘²
1329 4467 1676 4531 penitentem:
1714 4467 1928 4518 W.R.S.

2069 4470 2090 4499 ⁸
2121 4468 2298 4520 silice:
2335 4469 2495 4520 W.R.
2639 4475 2660 4504 ⁴
2693 4489 2860 4538 paee:
2891 4472 2942 4520 R.

2973 4565 3036 4930 Λ
