<?xml version="1.0" encoding="UTF-8"?>
<!DOCTYPE html PUBLIC "-//W3C//DTD XHTML 1.0 Transitional//EN"
    "http://www.w3.org/TR/xhtml1/DTD/xhtml1-transitional.dtd">
<html xmlns="http://www.w3.org/1999/xhtml" xml:lang="en" lang="en">
 <head>
  <title>
</title>
<meta http-equiv="Content-Type" content="text/html;charset=utf-8" />
  <meta name='ocr-system' content='tesseract 3.04.00' />
  <meta name='ocr-capabilities' content='ocr_page ocr_carea ocr_par ocr_line ocrx_word'/>
</head>
<body>
  <div class='ocr_page' id='page_1' title='image "breviariumadusu03yorkgoog_0374.png"; bbox 0 0 3117 4959; ppageno 0'>
   <div class='ocr_carea' id='block_1_1' title="bbox 1020 249 1858 308">
    <p class='ocr_par' dir='ltr' id='par_1_1' title="bbox 1020 249 1858 308">
     <span class='ocr_line' id='line_1_1' title="bbox 1020 249 1858 308; baseline 0.002 -2"><span class='ocrx_word' id='word_1_1' title='bbox 1020 253 1083 307; x_wconf 88' lang='lat' dir='ltr'>S.</span> <span class='ocrx_word' id='word_1_2' title='bbox 1134 249 1551 308; x_wconf 74' lang='lat' dir='ltr'><em>EDMUNDI</em></span> <span class='ocrx_word' id='word_1_3' title='bbox 1593 251 1858 308; x_wconf 82' lang='lat' dir='ltr'><em>REGIS.</em></span> 
     </span>
    </p>
   </div>
   <div class='ocr_carea' id='block_1_2' title="bbox 747 359 904 414">
    <p class='ocr_par' dir='ltr' id='par_1_2' title="bbox 747 359 904 414">
     <span class='ocr_line' id='line_1_2' title="bbox 747 359 904 414; baseline 0.025 -4"><span class='ocrx_word' id='word_1_4' title='bbox 747 359 904 414; x_wconf 79' lang='lat'>703</span> 
     </span>
    </p>
   </div>
   <div class='ocr_carea' id='block_1_3' title="bbox 106 463 1389 4336">
    <p class='ocr_par' dir='ltr' id='par_1_3' title="bbox 106 463 1389 4239">
     <span class='ocr_line' id='line_1_3' title="bbox 184 463 1383 546; baseline 0.002 -19"><span class='ocrx_word' id='word_1_5' title='bbox 184 463 415 528; x_wconf 82' lang='lat' dir='ltr'>nitatis</span> <span class='ocrx_word' id='word_1_6' title='bbox 442 484 458 528; x_wconf 93' lang='lat'>:</span> <span class='ocrx_word' id='word_1_7' title='bbox 502 470 752 546; x_wconf 90' lang='lat' dir='ltr'>quante</span> <span class='ocrx_word' id='word_1_8' title='bbox 786 463 851 526; x_wconf 93' lang='lat' dir='ltr'>in</span> <span class='ocrx_word' id='word_1_9' title='bbox 882 483 1223 546; x_wconf 87' lang='lat' dir='ltr'>perversos</span> <span class='ocrx_word' id='word_1_10' title='bbox 1252 465 1383 530; x_wconf 88' lang='lat' dir='ltr'>dis-</span> 
     </span>
     <span class='ocr_line' id='line_1_4' title="bbox 182 552 1389 618; baseline 0.002 -3"><span class='ocrx_word' id='word_1_11' title='bbox 182 552 513 615; x_wconf 88' lang='lat' dir='ltr'>trictionis</span> <span class='ocrx_word' id='word_1_12' title='bbox 541 573 557 615; x_wconf 95' lang='lat'>:</span> <span class='ocrx_word' id='word_1_13' title='bbox 588 571 721 614; x_wconf 89' lang='lat' dir='ltr'>non</span> <span class='ocrx_word' id='word_1_14' title='bbox 765 561 867 615; x_wconf 90' lang='lat' dir='ltr'>est</span> <span class='ocrx_word' id='word_1_15' title='bbox 908 561 1133 616; x_wconf 88' lang='lat' dir='ltr'>nostre</span> <span class='ocrx_word' id='word_1_16' title='bbox 1180 553 1389 618; x_wconf 83' lang='lat' dir='ltr'>facul-</span> 
     </span>
     <span class='ocr_line' id='line_1_5' title="bbox 184 638 1385 705; baseline 0.002 -3"><span class='ocrx_word' id='word_1_17' title='bbox 184 641 344 702; x_wconf 85' lang='lat' dir='ltr'><strong>tatis</strong></span> <span class='ocrx_word' id='word_1_18' title='bbox 363 638 683 704; x_wconf 84' lang='lat' dir='ltr'>evolvere.</span> <span class='ocrx_word' id='word_1_19' title='bbox 738 639 911 704; x_wconf 91' lang='lat' dir='ltr'>Cum</span> <span class='ocrx_word' id='word_1_20' title='bbox 935 660 1093 704; x_wconf 86' lang='lat' dir='ltr'>vero</span> <span class='ocrx_word' id='word_1_21' title='bbox 1116 650 1385 705; x_wconf 88' lang='lat' dir='ltr'>sanctus</span> 
     </span>
     <span class='ocr_line' id='line_1_6' title="bbox 184 727 1383 811; baseline 0.002 -21"><span class='ocrx_word' id='word_1_22' title='bbox 184 727 563 791; x_wconf 88' lang='lat' dir='ltr'>edmundus</span> <span class='ocrx_word' id='word_1_23' title='bbox 622 735 763 791; x_wconf 91' lang='lat' dir='ltr'>tam</span> <span class='ocrx_word' id='word_1_24' title='bbox 825 729 1235 811; x_wconf 90' lang='lat' dir='ltr'>conspicuis¹</span> <span class='ocrx_word' id='word_1_25' title='bbox 1316 731 1383 792; x_wconf 88' lang='lat' dir='ltr'>in</span> 
     </span>
     <span class='ocr_line' id='line_1_7' title="bbox 187 814 1385 880; baseline 0.001 -1"><span class='ocrx_word' id='word_1_26' title='bbox 187 814 456 879; x_wconf 88' lang='lat' dir='ltr'>Christo</span> <span class='ocrx_word' id='word_1_27' title='bbox 544 823 617 878; x_wconf 93' lang='lat' dir='ltr'>et</span> <span class='ocrx_word' id='word_1_28' title='bbox 706 815 985 879; x_wconf 89' lang='lat' dir='ltr'>ecclesia</span> <span class='ocrx_word' id='word_1_29' title='bbox 1062 817 1385 880; x_wconf 88' lang='lat' dir='ltr'>emineret</span> 
     </span>
     <span class='ocr_line' id='line_1_8' title="bbox 180 903 1385 969; baseline 0.002 -3"><span class='ocrx_word' id='word_1_30' title='bbox 180 903 515 966; x_wconf 89' lang='lat' dir='ltr'>bonorum</span> <span class='ocrx_word' id='word_1_31' title='bbox 611 911 882 967; x_wconf 85' lang='lat' dir='ltr'><strong>actuum</strong></span> <span class='ocrx_word' id='word_1_32' title='bbox 975 907 1385 969; x_wconf 84' lang='lat' dir='ltr'>ornamentis</span> 
     </span>
     <span class='ocr_line' id='line_1_9' title="bbox 178 989 1385 1072; baseline 0.002 -19"><span class='ocrx_word' id='word_1_33' title='bbox 178 991 489 1054; x_wconf 90' lang='lat' dir='ltr'>inimicus</span> <span class='ocrx_word' id='word_1_34' title='bbox 516 989 791 1054; x_wconf 88' lang='lat' dir='ltr'>humani</span> <span class='ocrx_word' id='word_1_35' title='bbox 842 991 1103 1072; x_wconf 89' lang='lat' dir='ltr'>generis</span> <span class='ocrx_word' id='word_1_36' title='bbox 1155 993 1215 1056; x_wconf 90' lang='lat' dir='ltr'>ei</span> <span class='ocrx_word' id='word_1_37' title='bbox 1264 993 1385 1056; x_wconf 91' lang='lat' dir='ltr'>ad-</span> 
     </span>
     <span class='ocr_line' id='line_1_10' title="bbox 176 1079 1382 1145; baseline 0.002 -3"><span class='ocrx_word' id='word_1_38' title='bbox 176 1080 541 1142; x_wconf 85' lang='lat' dir='ltr'>versarium</span> <span class='ocrx_word' id='word_1_39' title='bbox 625 1079 898 1141; x_wconf 88' lang='lat' dir='ltr'><strong>immisit</strong></span> <span class='ocrx_word' id='word_1_40' title='bbox 949 1100 965 1144; x_wconf 92' lang='lat'><strong>:</strong></span> <span class='ocrx_word' id='word_1_41' title='bbox 1052 1079 1382 1145; x_wconf 88' lang='lat' dir='ltr'>vocabulo</span> 
     </span>
     <span class='ocr_line' id='line_1_11' title="bbox 174 1165 1381 1248; baseline 0.002 -19"><span class='ocrx_word' id='word_1_42' title='bbox 174 1165 508 1248; x_wconf 85' lang='lat' dir='ltr'>hinguar:</span> <span class='ocrx_word' id='word_1_43' title='bbox 556 1174 626 1229; x_wconf 91' lang='lat' dir='ltr'>et</span> <span class='ocrx_word' id='word_1_44' title='bbox 674 1166 955 1230; x_wconf 89' lang='lat' dir='ltr'>alterurn</span> <span class='ocrx_word' id='word_1_45' title='bbox 1003 1165 1233 1232; x_wconf 87' lang='lat' dir='ltr'><strong>hubba</strong></span> <span class='ocrx_word' id='word_1_46' title='bbox 1262 1188 1381 1231; x_wconf 90' lang='lat' dir='ltr'>no-</span> 
     </span>
     <span class='ocr_line' id='line_1_12' title="bbox 174 1253 1379 1337; baseline 0.002 -20"><span class='ocrx_word' id='word_1_47' title='bbox 174 1255 362 1318; x_wconf 88' lang='lat' dir='ltr'>mine</span> <span class='ocrx_word' id='word_1_48' title='bbox 383 1255 498 1337; x_wconf 91' lang='lat' dir='ltr'>qui</span> <span class='ocrx_word' id='word_1_49' title='bbox 530 1253 751 1318; x_wconf 89' lang='lat' dir='ltr'>conati</span> <span class='ocrx_word' id='word_1_50' title='bbox 782 1264 937 1318; x_wconf 91' lang='lat' dir='ltr'>sunt</span> <span class='ocrx_word' id='word_1_51' title='bbox 967 1255 1035 1317; x_wconf 91' lang='lat' dir='ltr'>in</span> <span class='ocrx_word' id='word_1_52' title='bbox 1066 1256 1379 1319; x_wconf 87' lang='lat' dir='ltr'>extermi-</span> 
     </span>
     <span class='ocr_line' id='line_1_13' title="bbox 172 1341 1377 1407; baseline 0 -1"><span class='ocrx_word' id='word_1_53' title='bbox 172 1343 366 1406; x_wconf 89' lang='lat' dir='ltr'>nium</span> <span class='ocrx_word' id='word_1_54' title='bbox 415 1342 742 1407; x_wconf 87' lang='lat' dir='ltr'>adducere</span> <span class='ocrx_word' id='word_1_55' title='bbox 792 1343 999 1407; x_wconf 83' lang='lat' dir='ltr'>totius</span> <span class='ocrx_word' id='word_1_56' title='bbox 1038 1341 1205 1406; x_wconf 86' lang='lat' dir='ltr'>fines</span> <span class='ocrx_word' id='word_1_57' title='bbox 1248 1343 1377 1406; x_wconf 86' lang='lat' dir='ltr'>bri-</span> 
     </span>
     <span class='ocr_line' id='line_1_14' title="bbox 169 1430 1377 1514; baseline 0.002 -21"><span class='ocrx_word' id='word_1_58' title='bbox 169 1430 423 1493; x_wconf 87' lang='lat' dir='ltr'>tannie.</span> <span class='ocrx_word' id='word_1_59' title='bbox 1065 1430 1277 1494; x_wconf 82' lang='lat' dir='ltr'>Lectio</span> <span class='ocrx_word' id='word_1_60' title='bbox 1306 1451 1377 1514; x_wconf 70' lang='lat' dir='ltr'>y.</span> 
     </span>
     <span class='ocr_line' id='line_1_15' title="bbox 179 1517 1377 1684; baseline 0.001 -102"><span class='ocrx_word' id='word_1_61' title='bbox 179 1518 381 1684; x_wconf 74' lang='lat' dir='ltr'>Qui</span> <span class='ocrx_word' id='word_1_62' title='bbox 440 1517 726 1600; x_wconf 83' lang='lat' dir='ltr'>hinguar</span> <span class='ocrx_word' id='word_1_63' title='bbox 794 1517 1011 1582; x_wconf 90' lang='lat' dir='ltr'>accito</span> <span class='ocrx_word' id='word_1_64' title='bbox 1084 1538 1221 1581; x_wconf 91' lang='lat' dir='ltr'>uno</span> <span class='ocrx_word' id='word_1_65' title='bbox 1286 1539 1377 1583; x_wconf 87' lang='lat' dir='ltr'>ex</span> 
     </span>
     <span class='ocr_line' id='line_1_16' title="bbox 310 1605 1380 1671; baseline 0 -1"><span class='ocrx_word' id='word_1_66' title='bbox 310 1605 917 1670; x_wconf 88' lang='lat' dir='ltr'><strong>commilitonibus:</strong></span> <span class='ocrx_word' id='word_1_67' title='bbox 964 1625 1117 1670; x_wconf 88' lang='lat' dir='ltr'>eum</span> <span class='ocrx_word' id='word_1_68' title='bbox 1158 1606 1247 1671; x_wconf 89' lang='lat' dir='ltr'>ad</span> <span class='ocrx_word' id='word_1_69' title='bbox 1280 1628 1380 1670; x_wconf 88' lang='lat' dir='ltr'>re-</span> 
     </span>
     <span class='ocr_line' id='line_1_17' title="bbox 166 1694 1375 1777; baseline 0 -19"><span class='ocrx_word' id='word_1_70' title='bbox 166 1715 331 1777; x_wconf 87' lang='lat' dir='ltr'>gem</span> <span class='ocrx_word' id='word_1_71' title='bbox 363 1695 757 1777; x_wconf 87' lang='lat' dir='ltr'>expeditum</span> <span class='ocrx_word' id='word_1_72' title='bbox 790 1694 1055 1776; x_wconf 85' lang='lat' dir='ltr'><strong>dirigit:</strong></span> <span class='ocrx_word' id='word_1_73' title='bbox 1102 1695 1375 1777; x_wconf 91' lang='lat' dir='ltr'>ipseque</span> 
     </span>
     <span class='ocr_line' id='line_1_18' title="bbox 166 1781 1375 1865; baseline 0.001 -20"><span class='ocrx_word' id='word_1_74' title='bbox 166 1803 329 1845; x_wconf 91' lang='lat' dir='ltr'>cum</span> <span class='ocrx_word' id='word_1_75' title='bbox 360 1783 597 1864; x_wconf 89' lang='lat' dir='ltr'>grandi</span> <span class='ocrx_word' id='word_1_76' title='bbox 628 1783 951 1851; x_wconf 84' lang='lat' dir='ltr'>comitatu</span> <span class='ocrx_word' id='word_1_77' title='bbox 988 1781 1171 1845; x_wconf 88' lang='lat' dir='ltr'>lento</span> <span class='ocrx_word' id='word_1_78' title='bbox 1203 1782 1375 1865; x_wconf 90' lang='lat' dir='ltr'>pede</span> 
     </span>
     <span class='ocr_line' id='line_1_19' title="bbox 167 1869 1372 1953; baseline 0.001 -20"><span class='ocrx_word' id='word_1_79' title='bbox 167 1870 625 1952; x_wconf 89' lang='lat' dir='ltr'><strong>subsequitur:</strong></span> <span class='ocrx_word' id='word_1_80' title='bbox 658 1878 726 1933; x_wconf 88' lang='lat' dir='ltr'>et</span> <span class='ocrx_word' id='word_1_81' title='bbox 750 1869 1033 1953; x_wconf 89' lang='lat' dir='ltr'>imperat</span> <span class='ocrx_word' id='word_1_82' title='bbox 1051 1879 1126 1934; x_wconf 90' lang='lat' dir='ltr'>ut</span> <span class='ocrx_word' id='word_1_83' title='bbox 1148 1890 1372 1952; x_wconf 90' lang='lat' dir='ltr'>regem</span> 
     </span>
     <span class='ocr_line' id='line_1_20' title="bbox 167 1958 1375 2022; baseline 0.001 -1"><span class='ocrx_word' id='word_1_84' title='bbox 167 1960 271 2022; x_wconf 90' lang='lat' dir='ltr'>ita</span> <span class='ocrx_word' id='word_1_85' title='bbox 331 1959 673 2022; x_wconf 89' lang='lat' dir='ltr'>incautum</span> <span class='ocrx_word' id='word_1_86' title='bbox 724 1958 1079 2022; x_wconf 85' lang='lat' dir='ltr'>adoriatur.</span> <span class='ocrx_word' id='word_1_87' title='bbox 1170 1959 1375 2022; x_wconf 91' lang='lat' dir='ltr'>Terre</span> 
     </span>
     <span class='ocr_line' id='line_1_21' title="bbox 167 2044 1374 2128; baseline -0.001 -19"><span class='ocrx_word' id='word_1_88' title='bbox 167 2048 475 2128; x_wconf 86' lang='lat' dir='ltr'>marique</span> <span class='ocrx_word' id='word_1_89' title='bbox 568 2045 963 2109; x_wconf 90' lang='lat' dir='ltr'>metuendus</span> <span class='ocrx_word' id='word_1_90' title='bbox 1061 2044 1374 2108; x_wconf 89' lang='lat' dir='ltr'>dominus</span> 
     </span>
     <span class='ocr_line' id='line_1_22' title="bbox 165 2132 1376 2216; baseline -0.001 -19"><span class='ocrx_word' id='word_1_91' title='bbox 165 2143 403 2197; x_wconf 87' lang='lat' dir='ltr'>noster</span> <span class='ocrx_word' id='word_1_92' title='bbox 478 2132 765 2216; x_wconf 85' lang='lat' dir='ltr'>hinguar</span> <span class='ocrx_word' id='word_1_93' title='bbox 844 2153 967 2197; x_wconf 86' lang='lat' dir='ltr'>rex</span> <span class='ocrx_word' id='word_1_94' title='bbox 1027 2133 1376 2197; x_wconf 85' lang='lat' dir='ltr'>invictissi-</span> 
     </span>
     <span class='ocr_line' id='line_1_23' title="bbox 164 2221 1373 2292; baseline 0 -8"><span class='ocrx_word' id='word_1_95' title='bbox 164 2241 325 2285; x_wconf 87' lang='lat' dir='ltr'>mus</span> <span class='ocrx_word' id='word_1_96' title='bbox 374 2221 695 2284; x_wconf 89' lang='lat' dir='ltr'>mandat:</span> <span class='ocrx_word' id='word_1_97' title='bbox 741 2229 817 2284; x_wconf 93' lang='lat' dir='ltr'>ut</span> <span class='ocrx_word' id='word_1_98' title='bbox 867 2240 1020 2285; x_wconf 89' lang='lat' dir='ltr'>cum</span> <span class='ocrx_word' id='word_1_99' title='bbox 1067 2241 1151 2292; x_wconf 86' lang='lat' dir='ltr'>eo</span> <span class='ocrx_word' id='word_1_100' title='bbox 1202 2222 1373 2286; x_wconf 90' lang='lat' dir='ltr'>anti-</span> 
     </span>
     <span class='ocr_line' id='line_1_24' title="bbox 163 2309 1373 2392; baseline 0.002 -20"><span class='ocrx_word' id='word_1_101' title='bbox 163 2330 343 2392; x_wconf 90' lang='lat' dir='ltr'>quos</span> <span class='ocrx_word' id='word_1_102' title='bbox 374 2309 718 2373; x_wconf 88' lang='lat' dir='ltr'>thesauros</span> <span class='ocrx_word' id='word_1_103' title='bbox 739 2309 865 2372; x_wconf 92' lang='lat' dir='ltr'>sub</span> <span class='ocrx_word' id='word_1_104' title='bbox 881 2328 965 2371; x_wconf 90' lang='lat' dir='ltr'>eo</span> <span class='ocrx_word' id='word_1_105' title='bbox 984 2319 1373 2390; x_wconf 85' lang='lat' dir='ltr'>regnaturus</span> 
     </span>
     <span class='ocr_line' id='line_1_25' title="bbox 106 2396 1374 2480; baseline 0.001 -20"><span class='ocrx_word' id='word_1_106' title='bbox 106 2423 113 2430; x_wconf 91' lang='lat'><strong>·</strong></span> <span class='ocrx_word' id='word_1_107' title='bbox 162 2396 451 2464; x_wconf 78' lang='lat' dir='ltr'>dividaS.</span> <span class='ocrx_word' id='word_1_108' title='bbox 528 2397 739 2478; x_wconf 90' lang='lat' dir='ltr'>Cujus</span> <span class='ocrx_word' id='word_1_109' title='bbox 770 2397 825 2460; x_wconf 93' lang='lat' dir='ltr'>si</span> <span class='ocrx_word' id='word_1_110' title='bbox 858 2398 1230 2480; x_wconf 88' lang='lat' dir='ltr'>aspernaris</span> <span class='ocrx_word' id='word_1_111' title='bbox 1254 2418 1374 2480; x_wconf 89' lang='lat' dir='ltr'>po-</span> 
     </span>
     <span class='ocr_line' id='line_1_26' title="bbox 161 2483 1372 2568; baseline 0 -18"><span class='ocrx_word' id='word_1_112' title='bbox 161 2486 489 2550; x_wconf 87' lang='lat' dir='ltr'>tentiam:</span> <span class='ocrx_word' id='word_1_113' title='bbox 524 2485 664 2549; x_wconf 91' lang='lat' dir='ltr'>vita</span> <span class='ocrx_word' id='word_1_114' title='bbox 693 2485 1003 2566; x_wconf 89' lang='lat' dir='ltr'>indignus</span> <span class='ocrx_word' id='word_1_115' title='bbox 1026 2483 1372 2568; x_wconf 87' lang='lat' dir='ltr'>judicabe-</span> 
     </span>
     <span class='ocr_line' id='line_1_27' title="bbox 162 2573 1371 2656; baseline 0.002 -20"><span class='ocrx_word' id='word_1_116' title='bbox 162 2575 261 2636; x_wconf 87' lang='lat' dir='ltr'>ris</span> <span class='ocrx_word' id='word_1_117' title='bbox 292 2582 361 2636; x_wconf 92' lang='lat' dir='ltr'>et</span> <span class='ocrx_word' id='word_1_118' title='bbox 393 2592 611 2654; x_wconf 85' lang='lat' dir='ltr'>regnO.</span> <span class='ocrx_word' id='word_1_119' title='bbox 1024 2573 1245 2636; x_wconf 82' lang='lat' dir='ltr'>Lectio</span> <span class='ocrx_word' id='word_1_120' title='bbox 1275 2573 1371 2656; x_wconf 80' lang='lat' dir='ltr'>iij.</span> 
     </span>
     <span class='ocr_line' id='line_1_28' title="bbox 158 2661 1370 2794; baseline -0.001 -70"><span class='ocrx_word' id='word_1_121' title='bbox 158 2664 409 2794; x_wconf 77' lang='lat' dir='ltr'>Rex</span> <span class='ocrx_word' id='word_1_122' title='bbox 440 2681 598 2724; x_wconf 90' lang='lat' dir='ltr'>uero</span> <span class='ocrx_word' id='word_1_123' title='bbox 627 2661 1002 2724; x_wconf 88' lang='lat' dir='ltr'>edmundus</span> <span class='ocrx_word' id='word_1_124' title='bbox 1046 2680 1199 2724; x_wconf 91' lang='lat' dir='ltr'>cum</span> <span class='ocrx_word' id='word_1_125' title='bbox 1248 2663 1370 2724; x_wconf 90' lang='lat' dir='ltr'>mi·</span> 
     </span>
     <span class='ocr_line' id='line_1_29' title="bbox 320 2748 1369 2831; baseline 0 -19"><span class='ocrx_word' id='word_1_126' title='bbox 320 2769 441 2812; x_wconf 91' lang='lat' dir='ltr'>nas</span> <span class='ocrx_word' id='word_1_127' title='bbox 472 2749 641 2831; x_wconf 89' lang='lat' dir='ltr'>regis</span> <span class='ocrx_word' id='word_1_128' title='bbox 674 2750 861 2830; x_wconf 89' lang='lat' dir='ltr'>impii</span> <span class='ocrx_word' id='word_1_129' title='bbox 884 2748 1215 2813; x_wconf 89' lang='lat' dir='ltr'>audisset:</span> <span class='ocrx_word' id='word_1_130' title='bbox 1248 2749 1369 2812; x_wconf 89' lang='lat' dir='ltr'>hec</span> 
     </span>
     <span class='ocr_line' id='line_1_30' title="bbox 160 2835 1371 2904; baseline 0.001 -6"><span class='ocrx_word' id='word_1_131' title='bbox 160 2835 296 2899; x_wconf 86' lang='lat' dir='ltr'><strong>sibi</strong></span> <span class='ocrx_word' id='word_1_132' title='bbox 357 2838 755 2900; x_wconf 88' lang='lat' dir='ltr'>remandans</span> <span class='ocrx_word' id='word_1_133' title='bbox 815 2835 1081 2900; x_wconf 88' lang='lat' dir='ltr'>dicebat</span> <span class='ocrx_word' id='word_1_134' title='bbox 1109 2856 1125 2904; x_wconf 91' lang='lat'><strong>:</strong></span> <span class='ocrx_word' id='word_1_135' title='bbox 1192 2835 1371 2900; x_wconf 91' lang='lat' dir='ltr'>The-</span> 
     </span>
     <span class='ocr_line' id='line_1_31' title="bbox 160 2922 1371 3007; baseline 0.001 -19"><span class='ocrx_word' id='word_1_136' title='bbox 160 2943 398 2988; x_wconf 86' lang='lat' dir='ltr'>sauros</span> <span class='ocrx_word' id='word_1_137' title='bbox 419 2933 486 2988; x_wconf 86' lang='lat' dir='ltr'>et</span> <span class='ocrx_word' id='word_1_138' title='bbox 516 2925 781 2988; x_wconf 91' lang='lat' dir='ltr'>divitias</span> <span class='ocrx_word' id='word_1_139' title='bbox 811 2943 979 3007; x_wconf 89' lang='lat' dir='ltr'>quas</span> <span class='ocrx_word' id='word_1_140' title='bbox 1003 2924 1195 2987; x_wconf 91' lang='lat' dir='ltr'>nobis</span> <span class='ocrx_word' id='word_1_141' title='bbox 1213 2922 1371 2989; x_wconf 91' lang='lat' dir='ltr'>hac-</span> 
     </span>
     <span class='ocr_line' id='line_1_32' title="bbox 160 3012 1367 3095; baseline 0.003 -19"><span class='ocrx_word' id='word_1_142' title='bbox 160 3021 364 3076; x_wconf 90' lang='lat' dir='ltr'>tenus</span> <span class='ocrx_word' id='word_1_143' title='bbox 393 3012 673 3076; x_wconf 92' lang='lat' dir='ltr'>contulit</span> <span class='ocrx_word' id='word_1_144' title='bbox 697 3012 991 3095; x_wconf 90' lang='lat' dir='ltr'>propicia</span> <span class='ocrx_word' id='word_1_145' title='bbox 1010 3012 1321 3076; x_wconf 87' lang='lat' dir='ltr'>divinitas</span> <span class='ocrx_word' id='word_1_146' title='bbox 1352 3033 1367 3080; x_wconf 89' lang='lat'><strong>:</strong></span> 
     </span>
     <span class='ocr_line' id='line_1_33' title="bbox 159 3100 1366 3164; baseline 0.001 -1"><span class='ocrx_word' id='word_1_147' title='bbox 159 3109 392 3164; x_wconf 86' lang='lat' dir='ltr'>sumat</span> <span class='ocrx_word' id='word_1_148' title='bbox 412 3109 479 3164; x_wconf 91' lang='lat' dir='ltr'>et</span> <span class='ocrx_word' id='word_1_149' title='bbox 510 3109 859 3164; x_wconf 88' lang='lat' dir='ltr'>consumat</span> <span class='ocrx_word' id='word_1_150' title='bbox 887 3109 1005 3162; x_wconf 89' lang='lat' dir='ltr'>tua</span> <span class='ocrx_word' id='word_1_151' title='bbox 1030 3100 1366 3164; x_wconf 89' lang='lat' dir='ltr'>insatiabi-</span> 
     </span>
     <span class='ocr_line' id='line_1_34' title="bbox 158 3188 1367 3270; baseline 0.001 -19"><span class='ocrx_word' id='word_1_152' title='bbox 158 3189 245 3251; x_wconf 89' lang='lat' dir='ltr'>lis</span> <span class='ocrx_word' id='word_1_153' title='bbox 279 3189 561 3253; x_wconf 89' lang='lat' dir='ltr'>aviditas</span> <span class='ocrx_word' id='word_1_154' title='bbox 590 3210 603 3252; x_wconf 93' lang='lat'><strong>:</strong></span> <span class='ocrx_word' id='word_1_155' title='bbox 651 3197 718 3252; x_wconf 89' lang='lat' dir='ltr'>et</span> <span class='ocrx_word' id='word_1_156' title='bbox 750 3197 825 3252; x_wconf 93' lang='lat' dir='ltr'>ut</span> <span class='ocrx_word' id='word_1_157' title='bbox 854 3188 1033 3270; x_wconf 88' lang='lat' dir='ltr'>cepit</span> <span class='ocrx_word' id='word_1_158' title='bbox 1063 3197 1180 3252; x_wconf 89' lang='lat' dir='ltr'>tua</span> <span class='ocrx_word' id='word_1_159' title='bbox 1210 3209 1367 3252; x_wconf 91' lang='lat' dir='ltr'>seva</span> 
     </span>
     <span class='ocr_line' id='line_1_35' title="bbox 159 3275 1365 3360; baseline 0 -20"><span class='ocrx_word' id='word_1_160' title='bbox 159 3277 393 3340; x_wconf 81' lang='lat' dir='ltr'>feritas</span> <span class='ocrx_word' id='word_1_161' title='bbox 424 3285 579 3360; x_wconf 90' lang='lat' dir='ltr'>post</span> <span class='ocrx_word' id='word_1_162' title='bbox 608 3275 893 3340; x_wconf 82' lang='lat' dir='ltr'>famulos</span> <span class='ocrx_word' id='word_1_163' title='bbox 941 3295 1165 3358; x_wconf 89' lang='lat' dir='ltr'>regem</span> <span class='ocrx_word' id='word_1_164' title='bbox 1197 3277 1365 3340; x_wconf 89' lang='lat' dir='ltr'>solio</span> 
     </span>
     <span class='ocr_line' id='line_1_36' title="bbox 158 3363 1363 3447; baseline 0 -18"><span class='ocrx_word' id='word_1_165' title='bbox 158 3365 478 3447; x_wconf 84' lang='lat' dir='ltr'>diripiat:</span> <span class='ocrx_word' id='word_1_166' title='bbox 540 3364 627 3427; x_wconf 89' lang='lat' dir='ltr'>ad</span> <span class='ocrx_word' id='word_1_167' title='bbox 704 3364 1012 3428; x_wconf 90' lang='lat' dir='ltr'>ultimum</span> <span class='ocrx_word' id='word_1_168' title='bbox 1081 3363 1363 3446; x_wconf 88' lang='lat' dir='ltr'>jugulet.</span> 
     </span>
     <span class='ocr_line' id='line_1_37' title="bbox 158 3452 1363 3534; baseline 0 -18"><span class='ocrx_word' id='word_1_169' title='bbox 158 3453 323 3516; x_wconf 84' lang='lat' dir='ltr'>Rex</span> <span class='ocrx_word' id='word_1_170' title='bbox 356 3471 586 3534; x_wconf 89' lang='lat' dir='ltr'>regum</span> <span class='ocrx_word' id='word_1_171' title='bbox 618 3453 747 3516; x_wconf 89' lang='lat' dir='ltr'>ista</span> <span class='ocrx_word' id='word_1_172' title='bbox 776 3454 1095 3515; x_wconf 89' lang='lat' dir='ltr'>miserans</span> <span class='ocrx_word' id='word_1_173' title='bbox 1139 3452 1321 3518; x_wconf 90' lang='lat' dir='ltr'>videt</span> <span class='ocrx_word' id='word_1_174' title='bbox 1349 3475 1363 3516; x_wconf 93' lang='lat'>:</span> 
     </span>
     <span class='ocr_line' id='line_1_38' title="bbox 157 3541 1361 3622; baseline 0 -18"><span class='ocrx_word' id='word_1_175' title='bbox 157 3549 231 3604; x_wconf 91' lang='lat' dir='ltr'>et</span> <span class='ocrx_word' id='word_1_176' title='bbox 280 3561 505 3606; x_wconf 90' lang='lat' dir='ltr'>secum</span> <span class='ocrx_word' id='word_1_177' title='bbox 567 3549 644 3604; x_wconf 93' lang='lat' dir='ltr'>ut</span> <span class='ocrx_word' id='word_1_178' title='bbox 688 3541 889 3605; x_wconf 89' lang='lat' dir='ltr'>credo</span> <span class='ocrx_word' id='word_1_179' title='bbox 936 3547 1361 3622; x_wconf 89' lang='lat' dir='ltr'>regnaturum</span> 
     </span>
     <span class='ocr_line' id='line_1_39' title="bbox 156 3627 1365 3693; baseline 0 -1"><span class='ocrx_word' id='word_1_180' title='bbox 156 3628 250 3693; x_wconf 91' lang='lat' dir='ltr'>ad</span> <span class='ocrx_word' id='word_1_181' title='bbox 330 3638 627 3692; x_wconf 89' lang='lat' dir='ltr'>eternam</span> <span class='ocrx_word' id='word_1_182' title='bbox 700 3629 910 3692; x_wconf 87' lang='lat' dir='ltr'>vitam</span> <span class='ocrx_word' id='word_1_183' title='bbox 971 3627 1365 3692; x_wconf 77' lang='lat' dir='ltr'>transferet.²</span> 
     </span>
     <span class='ocr_line' id='line_1_40' title="bbox 160 3715 1364 3798; baseline 0 -17"><span class='ocrx_word' id='word_1_184' title='bbox 160 3717 371 3781; x_wconf 90' lang='lat' dir='ltr'>Unde</span> <span class='ocrx_word' id='word_1_185' title='bbox 403 3717 667 3780; x_wconf 88' lang='lat' dir='ltr'>noveris</span> <span class='ocrx_word' id='word_1_186' title='bbox 692 3716 873 3798; x_wconf 90' lang='lat' dir='ltr'>quod</span> <span class='ocrx_word' id='word_1_187' title='bbox 906 3735 1025 3780; x_wconf 83' lang='lat' dir='ltr'>rex</span> <span class='ocrx_word' id='word_1_188' title='bbox 1066 3715 1364 3781; x_wconf 83' lang='lat' dir='ltr'>christia·</span> 
     </span>
     <span class='ocr_line' id='line_1_41' title="bbox 155 3803 1365 3868; baseline 0.001 -1"><span class='ocrx_word' id='word_1_189' title='bbox 155 3825 287 3868; x_wconf 88' lang='lat' dir='ltr'>nus</span> <span class='ocrx_word' id='word_1_190' title='bbox 348 3805 721 3868; x_wconf 89' lang='lat' dir='ltr'>edmundus</span> <span class='ocrx_word' id='word_1_191' title='bbox 780 3822 917 3867; x_wconf 91' lang='lat' dir='ltr'>non</span> <span class='ocrx_word' id='word_1_192' title='bbox 982 3823 1055 3866; x_wconf 91' lang='lat' dir='ltr'>se</span> <span class='ocrx_word' id='word_1_193' title='bbox 1122 3803 1365 3868; x_wconf 90' lang='lat' dir='ltr'>subdet</span> 
     </span>
     <span class='ocr_line' id='line_1_42' title="bbox 156 3890 1361 3976; baseline 0.001 -20"><span class='ocrx_word' id='word_1_194' title='bbox 156 3912 429 3976; x_wconf 85' lang='lat' dir='ltr'>pagano</span> <span class='ocrx_word' id='word_1_195' title='bbox 460 3891 655 3956; x_wconf 88' lang='lat' dir='ltr'>duci:</span> <span class='ocrx_word' id='word_1_196' title='bbox 703 3892 829 3955; x_wconf 90' lang='lat' dir='ltr'>nisi</span> <span class='ocrx_word' id='word_1_197' title='bbox 875 3890 1061 3973; x_wconf 88' lang='lat' dir='ltr'>prius</span> <span class='ocrx_word' id='word_1_198' title='bbox 1087 3891 1361 3956; x_wconf 83' lang='lat' dir='ltr'>effectus</span> 
     </span>
     <span class='ocr_line' id='line_1_43' title="bbox 156 3979 1360 4063; baseline 0 -19"><span class='ocrx_word' id='word_1_199' title='bbox 156 3980 359 4044; x_wconf 88' lang='lat' dir='ltr'>fuerit</span> <span class='ocrx_word' id='word_1_200' title='bbox 390 3990 613 4044; x_wconf 91' lang='lat' dir='ltr'>nostre</span> <span class='ocrx_word' id='word_1_201' title='bbox 644 3980 992 4062; x_wconf 83' lang='lat' dir='ltr'>religionis,</span> <span class='ocrx_word' id='word_1_202' title='bbox 1066 3979 1203 4043; x_wconf 78' lang='lat' dir='ltr'>Lec.</span> <span class='ocrx_word' id='word_1_203' title='bbox 1239 3979 1360 4063; x_wconf 55' lang='lat' dir='ltr'>iiff.</span> 
     </span>
     <span class='ocr_line' id='line_1_44' title="bbox 176 4066 1363 4200; baseline 0.002 -70"><span class='ocrx_word' id='word_1_204' title='bbox 176 4070 406 4200; x_wconf 84' lang='lat' dir='ltr'>Vix</span> <span class='ocrx_word' id='word_1_205' title='bbox 454 4077 723 4132; x_wconf 90' lang='lat' dir='ltr'>sanctus</span> <span class='ocrx_word' id='word_1_206' title='bbox 752 4066 1130 4132; x_wconf 88' lang='lat' dir='ltr'>edmundus</span> <span class='ocrx_word' id='word_1_207' title='bbox 1160 4067 1363 4132; x_wconf 88' lang='lat' dir='ltr'>verba</span> 
     </span>
     <span class='ocr_line' id='line_1_45' title="bbox 330 4156 1362 4239; baseline 0.001 -20"><span class='ocrx_word' id='word_1_208' title='bbox 330 4157 815 4239; x_wconf 88' lang='lat' dir='ltr'>compleverat:</span> <span class='ocrx_word' id='word_1_209' title='bbox 848 4164 916 4219; x_wconf 89' lang='lat' dir='ltr'>et</span> <span class='ocrx_word' id='word_1_210' title='bbox 948 4156 1362 4220; x_wconf 87' lang='lat' dir='ltr'>renunciatu-</span> 
     </span>
    </p>

    <p class='ocr_par' dir='ltr' id='par_1_4' title="bbox 159 4243 1362 4336">
     <span class='ocr_line' id='line_1_46' title="bbox 159 4243 1362 4336; baseline 0 -28"><span class='ocrx_word' id='word_1_211' title='bbox 159 4263 293 4336; x_wconf 52' lang='lat' dir='ltr'>rus-</span> <span class='ocrx_word' id='word_1_212' title='bbox 322 4245 515 4308; x_wconf 86' lang='lat' dir='ltr'>miles</span> <span class='ocrx_word' id='word_1_213' title='bbox 560 4245 801 4328; x_wconf 87' lang='lat' dir='ltr'>pedem</span> <span class='ocrx_word' id='word_1_214' title='bbox 857 4244 953 4308; x_wconf 91' lang='lat' dir='ltr'>de.</span> <span class='ocrx_word' id='word_1_215' title='bbox 991 4243 1201 4308; x_wconf 86' lang='lat' dir='ltr'>domo</span> <span class='ocrx_word' id='word_1_216' title='bbox 1246 4263 1362 4308; x_wconf 84' lang='lat' dir='ltr'>ex-</span> 
     </span>
    </p>
   </div>
   <div class='ocr_carea' id='block_1_4' title="bbox 364 4406 723 4470">
    <p class='ocr_par' dir='ltr' id='par_1_5' title="bbox 364 4406 723 4470">
     <span class='ocr_line' id='line_1_47' title="bbox 364 4406 723 4470; baseline 0.008 -17"><span class='ocrx_word' id='word_1_217' title='bbox 364 4407 377 4436; x_wconf 90' lang='lat'>¹</span> <span class='ocrx_word' id='word_1_218' title='bbox 414 4406 723 4470; x_wconf 60' lang='lat' dir='ltr'>conspicuus</span> 
     </span>
    </p>
   </div>
   <div class='ocr_carea' id='block_1_5' title="bbox 1214 4405 1678 4458">
    <p class='ocr_par' dir='ltr' id='par_1_6' title="bbox 1214 4405 1678 4458">
     <span class='ocr_line' id='line_1_48' title="bbox 1214 4405 1678 4458; baseline 0.006 -3"><span class='ocrx_word' id='word_1_219' title='bbox 1214 4405 1235 4434; x_wconf 78' lang='lat'>²</span> <span class='ocrx_word' id='word_1_220' title='bbox 1266 4405 1550 4456; x_wconf 73' lang='lat' dir='ltr'>transferret</span> <span class='ocrx_word' id='word_1_221' title='bbox 1574 4423 1586 4455; x_wconf 92' lang='lat'><strong>:</strong></span> <span class='ocrx_word' id='word_1_222' title='bbox 1624 4405 1678 4458; x_wconf 87' lang='lat' dir='ltr'>S.</span> 
     </span>
    </p>
   </div>
   <div class='ocr_carea' id='block_1_6' title="bbox 2011 359 2160 413">
    <p class='ocr_par' dir='ltr' id='par_1_7' title="bbox 2011 359 2160 413">
     <span class='ocr_line' id='line_1_49' title="bbox 2011 359 2160 413; baseline -0.02 0"><span class='ocrx_word' id='word_1_223' title='bbox 2011 359 2160 413; x_wconf 78' lang='lat'>⁷04</span> 
     </span>
    </p>
   </div>
   <div class='ocr_carea' id='block_1_7' title="bbox 1486 461 2691 722">
    <p class='ocr_par' dir='ltr' id='par_1_8' title="bbox 1486 461 2691 722">
     <span class='ocr_line' id='line_1_50' title="bbox 1486 461 2690 544; baseline -0.004 -14"><span class='ocrx_word' id='word_1_224' title='bbox 1486 465 1770 532; x_wconf 87' lang='lat' dir='ltr'>tulerat:</span> <span class='ocrx_word' id='word_1_225' title='bbox 1817 484 1968 530; x_wconf 88' lang='lat' dir='ltr'>ecce</span> <span class='ocrx_word' id='word_1_226' title='bbox 2016 463 2199 530; x_wconf 86' lang='lat' dir='ltr'>venit</span> <span class='ocrx_word' id='word_1_227' title='bbox 2245 461 2531 544; x_wconf 84' lang='lat' dir='ltr'>hinguar</span> <span class='ocrx_word' id='word_1_228' title='bbox 2579 461 2690 543; x_wconf 85' lang='lat' dir='ltr'>ju-</span> 
     </span>
     <span class='ocr_line' id='line_1_51' title="bbox 1491 550 2691 636; baseline -0.004 -18"><span class='ocrx_word' id='word_1_229' title='bbox 1491 554 1654 618; x_wconf 89' lang='lat' dir='ltr'>bens</span> <span class='ocrx_word' id='word_1_230' title='bbox 1714 553 1810 618; x_wconf 90' lang='lat' dir='ltr'>illi</span> <span class='ocrx_word' id='word_1_231' title='bbox 1872 552 2165 636; x_wconf 90' lang='lat' dir='ltr'>pandere</span> <span class='ocrx_word' id='word_1_232' title='bbox 2224 550 2508 615; x_wconf 88' lang='lat' dir='ltr'>breviter</span> <span class='ocrx_word' id='word_1_233' title='bbox 2572 571 2691 632; x_wconf 91' lang='lat' dir='ltr'>per</span> 
     </span>
     <span class='ocr_line' id='line_1_52' title="bbox 1487 638 2687 722; baseline -0.004 -16"><span class='ocrx_word' id='word_1_234' title='bbox 1487 643 1716 706; x_wconf 87' lang='lat' dir='ltr'>omnia</span> <span class='ocrx_word' id='word_1_235' title='bbox 1745 641 2035 706; x_wconf 89' lang='lat' dir='ltr'>archana</span> <span class='ocrx_word' id='word_1_236' title='bbox 2058 639 2232 722; x_wconf 87' lang='lat' dir='ltr'>regis</span> <span class='ocrx_word' id='word_1_237' title='bbox 2253 638 2504 701; x_wconf 90' lang='lat' dir='ltr'>ultima.</span> <span class='ocrx_word' id='word_1_238' title='bbox 2536 638 2687 720; x_wconf 84' lang='lat' dir='ltr'>Que</span> 
     </span>
    </p>
   </div>
   <div class='ocr_carea' id='block_1_8' title="bbox 1462 727 2686 4323">
    <p class='ocr_par' dir='ltr' id='par_1_9' title="bbox 1474 727 2686 2128">
     <span class='ocr_line' id='line_1_53' title="bbox 1486 727 2686 811; baseline -0.004 -19"><span class='ocrx_word' id='word_1_239' title='bbox 1486 729 1600 794; x_wconf 91' lang='lat' dir='ltr'>ille</span> <span class='ocrx_word' id='word_1_240' title='bbox 1652 731 1816 792; x_wconf 90' lang='lat' dir='ltr'>dum</span> <span class='ocrx_word' id='word_1_241' title='bbox 1859 729 2218 811; x_wconf 88' lang='lat' dir='ltr'>exequitur</span> <span class='ocrx_word' id='word_1_242' title='bbox 2266 727 2550 807; x_wconf 88' lang='lat' dir='ltr'>imperat</span> <span class='ocrx_word' id='word_1_243' title='bbox 2580 735 2686 808; x_wconf 93' lang='lat' dir='ltr'>ty-</span> 
     </span>
     <span class='ocr_line' id='line_1_54' title="bbox 1486 818 2684 896; baseline 0 -16"><span class='ocrx_word' id='word_1_244' title='bbox 1486 838 1732 881; x_wconf 88' lang='lat' dir='ltr'>rannus</span> <span class='ocrx_word' id='word_1_245' title='bbox 1763 827 1838 880; x_wconf 91' lang='lat' dir='ltr'>ut</span> <span class='ocrx_word' id='word_1_246' title='bbox 1869 818 2086 880; x_wconf 89' lang='lat' dir='ltr'>solum</span> <span class='ocrx_word' id='word_1_247' title='bbox 2119 834 2344 896; x_wconf 89' lang='lat' dir='ltr'>regem</span> <span class='ocrx_word' id='word_1_248' title='bbox 2392 822 2684 880; x_wconf 84' lang='lat' dir='ltr'>teneant.</span> 
     </span>
     <span class='ocr_line' id='line_1_55' title="bbox 1484 900 2684 985; baseline -0.005 -16"><span class='ocrx_word' id='word_1_249' title='bbox 1484 906 1678 969; x_wconf 87' lang='lat' dir='ltr'>Tunc</span> <span class='ocrx_word' id='word_1_250' title='bbox 1707 915 1976 969; x_wconf 89' lang='lat' dir='ltr'>sanctus</span> <span class='ocrx_word' id='word_1_251' title='bbox 2026 901 2401 967; x_wconf 88' lang='lat' dir='ltr'>edmundus</span> <span class='ocrx_word' id='word_1_252' title='bbox 2449 900 2518 964; x_wconf 92' lang='lat' dir='ltr'>in</span> <span class='ocrx_word' id='word_1_253' title='bbox 2566 921 2684 985; x_wconf 88' lang='lat' dir='ltr'>pa-</span> 
     </span>
     <span class='ocr_line' id='line_1_56' title="bbox 1483 990 2686 1073; baseline -0.002 -18"><span class='ocrx_word' id='word_1_254' title='bbox 1483 991 1648 1057; x_wconf 90' lang='lat' dir='ltr'>latio</span> <span class='ocrx_word' id='word_1_255' title='bbox 1695 1002 1768 1057; x_wconf 92' lang='lat' dir='ltr'>ut</span> <span class='ocrx_word' id='word_1_256' title='bbox 1803 993 2046 1058; x_wconf 91' lang='lat' dir='ltr'>Christi</span> <span class='ocrx_word' id='word_1_257' title='bbox 2080 990 2456 1054; x_wconf 89' lang='lat' dir='ltr'>membrum</span> <span class='ocrx_word' id='word_1_258' title='bbox 2505 991 2686 1073; x_wconf 87' lang='lat' dir='ltr'>capi-</span> 
     </span>
     <span class='ocr_line' id='line_1_57' title="bbox 1480 1076 2685 1146; baseline -0.003 0"><span class='ocrx_word' id='word_1_259' title='bbox 1480 1089 1631 1146; x_wconf 88' lang='lat' dir='ltr'>tur:</span> <span class='ocrx_word' id='word_1_260' title='bbox 1679 1082 1790 1145; x_wconf 77' lang='lat' dir='ltr'>et³</span> <span class='ocrx_word' id='word_1_261' title='bbox 1817 1079 2096 1145; x_wconf 87' lang='lat' dir='ltr'>vinculis</span> <span class='ocrx_word' id='word_1_262' title='bbox 2139 1076 2494 1142; x_wconf 88' lang='lat' dir='ltr'>artioribus</span> <span class='ocrx_word' id='word_1_263' title='bbox 2525 1097 2685 1142; x_wconf 91' lang='lat' dir='ltr'>con-</span> 
     </span>
     <span class='ocr_line' id='line_1_58' title="bbox 1480 1165 2680 1248; baseline -0.001 -18"><span class='ocrx_word' id='word_1_264' title='bbox 1480 1169 1748 1234; x_wconf 87' lang='lat' dir='ltr'>strictus</span> <span class='ocrx_word' id='word_1_265' title='bbox 1842 1177 2001 1232; x_wconf 90' lang='lat' dir='ltr'>ante</span> <span class='ocrx_word' id='word_1_266' title='bbox 2085 1166 2362 1248; x_wconf 88' lang='lat' dir='ltr'>impium</span> <span class='ocrx_word' id='word_1_267' title='bbox 2439 1165 2680 1230; x_wconf 88' lang='lat' dir='ltr'>ducem</span> 
     </span>
     <span class='ocr_line' id='line_1_59' title="bbox 1479 1253 2682 1338; baseline 0 -20"><span class='ocrx_word' id='word_1_268' title='bbox 1479 1256 1734 1320; x_wconf 87' lang='lat' dir='ltr'>sistitur</span> <span class='ocrx_word' id='word_1_269' title='bbox 1777 1277 1794 1322; x_wconf 94' lang='lat'>:</span> <span class='ocrx_word' id='word_1_270' title='bbox 1883 1255 2072 1338; x_wconf 89' lang='lat' dir='ltr'>quasi</span> <span class='ocrx_word' id='word_1_271' title='bbox 2151 1253 2456 1318; x_wconf 88' lang='lat' dir='ltr'>Christus</span> <span class='ocrx_word' id='word_1_272' title='bbox 2523 1262 2682 1318; x_wconf 90' lang='lat' dir='ltr'>ante</span> 
     </span>
     <span class='ocr_line' id='line_1_60' title="bbox 1480 1339 2683 1426; baseline 0 -21"><span class='ocrx_word' id='word_1_273' title='bbox 1480 1343 1764 1424; x_wconf 89' lang='lat' dir='ltr'>pilatum</span> <span class='ocrx_word' id='word_1_274' title='bbox 1854 1342 2233 1426; x_wconf 88' lang='lat' dir='ltr'>presidem:</span> <span class='ocrx_word' id='word_1_275' title='bbox 2323 1339 2683 1422; x_wconf 90' lang='lat' dir='ltr'>multisque</span> 
     </span>
     <span class='ocr_line' id='line_1_61' title="bbox 1479 1428 2678 1495; baseline -0.002 0"><span class='ocrx_word' id='word_1_276' title='bbox 1479 1432 1696 1495; x_wconf 92' lang='lat' dir='ltr'>modis</span> <span class='ocrx_word' id='word_1_277' title='bbox 1749 1431 2086 1495; x_wconf 87' lang='lat' dir='ltr'>illuditur:</span> <span class='ocrx_word' id='word_1_278' title='bbox 2136 1447 2214 1492; x_wconf 89' lang='lat' dir='ltr'>ac</span> <span class='ocrx_word' id='word_1_279' title='bbox 2263 1428 2538 1491; x_wconf 90' lang='lat' dir='ltr'>tandem</span> <span class='ocrx_word' id='word_1_280' title='bbox 2589 1429 2678 1494; x_wconf 88' lang='lat' dir='ltr'>ad</span> 
     </span>
     <span class='ocr_line' id='line_1_62' title="bbox 1476 1515 2680 1600; baseline -0.003 -17"><span class='ocrx_word' id='word_1_281' title='bbox 1476 1520 1818 1600; x_wconf 89' lang='lat' dir='ltr'>quandam</span> <span class='ocrx_word' id='word_1_282' title='bbox 1850 1518 2152 1582; x_wconf 88' lang='lat' dir='ltr'>arborem</span> <span class='ocrx_word' id='word_1_283' title='bbox 2197 1515 2483 1579; x_wconf 85' lang='lat' dir='ltr'>vicinam</span> <span class='ocrx_word' id='word_1_284' title='bbox 2528 1536 2680 1599; x_wconf 91' lang='lat' dir='ltr'>per-</span> 
     </span>
     <span class='ocr_line' id='line_1_63' title="bbox 1477 1603 2678 1687; baseline -0.002 -17"><span class='ocrx_word' id='word_1_285' title='bbox 1477 1607 1740 1671; x_wconf 84' lang='lat' dir='ltr'>ducitur</span> <span class='ocrx_word' id='word_1_286' title='bbox 1792 1629 1809 1672; x_wconf 93' lang='lat'>:</span> <span class='ocrx_word' id='word_1_287' title='bbox 1899 1605 1984 1670; x_wconf 92' lang='lat' dir='ltr'>ad</span> <span class='ocrx_word' id='word_1_288' title='bbox 2079 1624 2284 1687; x_wconf 90' lang='lat' dir='ltr'>quam</span> <span class='ocrx_word' id='word_1_289' title='bbox 2361 1603 2678 1683; x_wconf 86' lang='lat' dir='ltr'>religatus</span> 
     </span>
     <span class='ocr_line' id='line_1_64' title="bbox 1476 1691 2680 1777; baseline 0 -21"><span class='ocrx_word' id='word_1_290' title='bbox 1476 1693 1700 1777; x_wconf 87' lang='lat' dir='ltr'>flagris</span> <span class='ocrx_word' id='word_1_291' title='bbox 1731 1693 2100 1758; x_wconf 90' lang='lat' dir='ltr'>durissimis</span> <span class='ocrx_word' id='word_1_292' title='bbox 2122 1691 2496 1755; x_wconf 82' lang='lat' dir='ltr'>diutissime</span> <span class='ocrx_word' id='word_1_293' title='bbox 2515 1713 2680 1756; x_wconf 82' lang='lat' dir='ltr'>vex-</span> 
     </span>
     <span class='ocr_line' id='line_1_65' title="bbox 1474 1778 2682 1861; baseline -0.002 -15"><span class='ocrx_word' id='word_1_294' title='bbox 1474 1791 1625 1848; x_wconf 88' lang='lat' dir='ltr'>atur</span> <span class='ocrx_word' id='word_1_295' title='bbox 1655 1804 1776 1847; x_wconf 91' lang='lat' dir='ltr'>nec</span> <span class='ocrx_word' id='word_1_296' title='bbox 1820 1783 2103 1846; x_wconf 91' lang='lat' dir='ltr'>vincitur</span> <span class='ocrx_word' id='word_1_297' title='bbox 2145 1799 2409 1861; x_wconf 89' lang='lat' dir='ltr'>semper</span> <span class='ocrx_word' id='word_1_298' title='bbox 2458 1778 2682 1844; x_wconf 89' lang='lat' dir='ltr'>Chris-</span> 
     </span>
     <span class='ocr_line' id='line_1_66' title="bbox 1476 1865 2674 1936; baseline 0 -2"><span class='ocrx_word' id='word_1_299' title='bbox 1476 1879 1620 1934; x_wconf 91' lang='lat' dir='ltr'>tum</span> <span class='ocrx_word' id='word_1_300' title='bbox 1642 1869 2014 1936; x_wconf 91' lang='lat' dir='ltr'>invocando</span> <span class='ocrx_word' id='word_1_301' title='bbox 2034 1865 2366 1933; x_wconf 88' lang='lat' dir='ltr'>flebilibus</span> <span class='ocrx_word' id='word_1_302' title='bbox 2383 1867 2674 1934; x_wconf 86' lang='lat' dir='ltr'>vocibus.</span> 
     </span>
     <span class='ocr_line' id='line_1_67' title="bbox 1492 1954 2678 2090; baseline 0.003 -73"><span class='ocrx_word' id='word_1_303' title='bbox 1492 1961 1763 2090; x_wconf 72' lang='lat' dir='ltr'>Tunc</span> <span class='ocrx_word' id='word_1_304' title='bbox 1815 1957 2172 2022; x_wconf 89' lang='lat' dir='ltr'>adversarii</span> <span class='ocrx_word' id='word_1_305' title='bbox 2221 1957 2289 2018; x_wconf 90' lang='lat' dir='ltr'>in</span> <span class='ocrx_word' id='word_1_306' title='bbox 2337 1954 2578 2039; x_wconf 81' lang='lat' dir='ltr'>[Lectio</span> <span class='ocrx_word' id='word_1_307' title='bbox 2614 1977 2678 2022; x_wconf 89' lang='lat' dir='ltr'>v.</span> 
     </span>
     <span class='ocr_line' id='line_1_68' title="bbox 1633 2042 2676 2128; baseline -0.002 -18"><span class='ocrx_word' id='word_1_308' title='bbox 1633 2047 1918 2110; x_wconf 82' lang='lat' dir='ltr'>furorem</span> <span class='ocrx_word' id='word_1_309' title='bbox 1947 2045 2148 2110; x_wconf 90' lang='lat' dir='ltr'>versi:</span> <span class='ocrx_word' id='word_1_310' title='bbox 2169 2045 2358 2128; x_wconf 90' lang='lat' dir='ltr'>quasi</span> <span class='ocrx_word' id='word_1_311' title='bbox 2381 2042 2676 2108; x_wconf 90' lang='lat' dir='ltr'>ludendo</span> 
     </span>
    </p>

    <p class='ocr_par' dir='ltr' id='par_1_10' title="bbox 1462 2133 2676 4323">
     <span class='ocr_line' id='line_1_69' title="bbox 1472 2133 2676 2217; baseline -0.001 -20"><span class='ocrx_word' id='word_1_312' title='bbox 1472 2133 1559 2197; x_wconf 91' lang='lat' dir='ltr'>ad</span> <span class='ocrx_word' id='word_1_313' title='bbox 1635 2135 1902 2217; x_wconf 89' lang='lat' dir='ltr'>signum</span> <span class='ocrx_word' id='word_1_314' title='bbox 1979 2151 2132 2197; x_wconf 87' lang='lat' dir='ltr'>eum</span> <span class='ocrx_word' id='word_1_315' title='bbox 2191 2142 2340 2196; x_wconf 90' lang='lat' dir='ltr'>toto</span> <span class='ocrx_word' id='word_1_316' title='bbox 2401 2151 2676 2214; x_wconf 90' lang='lat' dir='ltr'>corpore</span> 
     </span>
     <span class='ocr_line' id='line_1_70' title="bbox 1473 2220 2676 2304; baseline -0.002 -18"><span class='ocrx_word' id='word_1_317' title='bbox 1473 2223 1870 2304; x_wconf 89' lang='lat' dir='ltr'>sagittarum</span> <span class='ocrx_word' id='word_1_318' title='bbox 1920 2221 2074 2288; x_wconf 91' lang='lat' dir='ltr'>telis</span> <span class='ocrx_word' id='word_1_319' title='bbox 2123 2220 2558 2286; x_wconf 84' lang='lat' dir='ltr'>confodiunt:</span> <span class='ocrx_word' id='word_1_320' title='bbox 2584 2229 2676 2285; x_wconf 87' lang='lat' dir='ltr'>-et</span> 
     </span>
     <span class='ocr_line' id='line_1_71' title="bbox 1470 2309 2676 2392; baseline 0.001 -20"><span class='ocrx_word' id='word_1_321' title='bbox 1470 2310 1747 2374; x_wconf 86' lang='lat' dir='ltr'>vulnera</span> <span class='ocrx_word' id='word_1_322' title='bbox 1763 2311 2146 2375; x_wconf 89' lang='lat' dir='ltr'>vulneribus</span> <span class='ocrx_word' id='word_1_323' title='bbox 2167 2309 2640 2392; x_wconf 87' lang='lat' dir='ltr'>imprimebant</span> <span class='ocrx_word' id='word_1_324' title='bbox 2660 2329 2676 2373; x_wconf 90' lang='lat'>:</span> 
     </span>
     <span class='ocr_line' id='line_1_72' title="bbox 1470 2397 2676 2482; baseline 0.002 -22"><span class='ocrx_word' id='word_1_325' title='bbox 1470 2399 1634 2463; x_wconf 91' lang='lat' dir='ltr'>dum</span> <span class='ocrx_word' id='word_1_326' title='bbox 1661 2398 1885 2482; x_wconf 88' lang='lat' dir='ltr'>jacula</span> <span class='ocrx_word' id='word_1_327' title='bbox 1899 2397 2136 2480; x_wconf 88' lang='lat' dir='ltr'>jaculis</span> <span class='ocrx_word' id='word_1_328' title='bbox 2157 2399 2380 2463; x_wconf 88' lang='lat' dir='ltr'>locum</span> <span class='ocrx_word' id='word_1_329' title='bbox 2404 2397 2676 2463; x_wconf 89' lang='lat' dir='ltr'>dabant.</span> 
     </span>
     <span class='ocr_line' id='line_1_73' title="bbox 1475 2484 2674 2570; baseline -0.003 -18"><span class='ocrx_word' id='word_1_330' title='bbox 1475 2486 1720 2570; x_wconf 91' lang='lat' dir='ltr'>Sicque</span> <span class='ocrx_word' id='word_1_331' title='bbox 1740 2488 1990 2552; x_wconf 89' lang='lat' dir='ltr'>factum</span> <span class='ocrx_word' id='word_1_332' title='bbox 2009 2496 2112 2550; x_wconf 92' lang='lat' dir='ltr'>est</span> <span class='ocrx_word' id='word_1_333' title='bbox 2135 2508 2150 2550; x_wconf 89' lang='lat'>:</span> <span class='ocrx_word' id='word_1_334' title='bbox 2174 2493 2251 2549; x_wconf 89' lang='lat' dir='ltr'>ut</span> <span class='ocrx_word' id='word_1_335' title='bbox 2269 2484 2674 2569; x_wconf 89' lang='lat' dir='ltr'>spiculorum</span> 
     </span>
     <span class='ocr_line' id='line_1_74' title="bbox 1472 2574 2674 2640; baseline 0 -2"><span class='ocrx_word' id='word_1_336' title='bbox 1472 2575 1820 2640; x_wconf 90' lang='lat' dir='ltr'>terebratis</span> <span class='ocrx_word' id='word_1_337' title='bbox 1880 2575 2124 2640; x_wconf 85' lang='lat' dir='ltr'>aculeis</span> <span class='ocrx_word' id='word_1_338' title='bbox 2184 2574 2674 2638; x_wconf 85' lang='lat' dir='ltr'>circunsossus:</span> 
     </span>
     <span class='ocr_line' id='line_1_75' title="bbox 1472 2661 2675 2745; baseline -0.001 -20"><span class='ocrx_word' id='word_1_339' title='bbox 1472 2662 1806 2745; x_wconf 90' lang='lat' dir='ltr'>palpitans</span> <span class='ocrx_word' id='word_1_340' title='bbox 1880 2662 2143 2726; x_wconf 89' lang='lat' dir='ltr'>hereret</span> <span class='ocrx_word' id='word_1_341' title='bbox 2214 2661 2399 2727; x_wconf 86' lang='lat' dir='ltr'>velut</span> <span class='ocrx_word' id='word_1_342' title='bbox 2479 2681 2675 2743; x_wconf 88' lang='lat' dir='ltr'>asper</span> 
     </span>
     <span class='ocr_line' id='line_1_76' title="bbox 1469 2748 2672 2833; baseline -0.002 -21"><span class='ocrx_word' id='word_1_343' title='bbox 1469 2750 1788 2815; x_wconf 89' lang='lat' dir='ltr'>hericius:</span> <span class='ocrx_word' id='word_1_344' title='bbox 1835 2751 1903 2813; x_wconf 90' lang='lat' dir='ltr'>in</span> <span class='ocrx_word' id='word_1_345' title='bbox 1934 2750 2244 2833; x_wconf 84' lang='lat' dir='ltr'>passione</span> <span class='ocrx_word' id='word_1_346' title='bbox 2294 2748 2526 2813; x_wconf 90' lang='lat' dir='ltr'>similis</span> <span class='ocrx_word' id='word_1_347' title='bbox 2571 2769 2672 2811; x_wconf 87' lang='lat' dir='ltr'>se-</span> 
     </span>
     <span class='ocr_line' id='line_1_77' title="bbox 1470 2836 2669 2920; baseline -0.001 -20"><span class='ocrx_word' id='word_1_348' title='bbox 1470 2837 1778 2901; x_wconf 88' lang='lat' dir='ltr'>bastiano</span> <span class='ocrx_word' id='word_1_349' title='bbox 1808 2839 2076 2920; x_wconf 87' lang='lat' dir='ltr'>egregio</span> <span class='ocrx_word' id='word_1_350' title='bbox 2109 2838 2400 2919; x_wconf 84' lang='lat' dir='ltr'>martyri.</span> <span class='ocrx_word' id='word_1_351' title='bbox 2467 2836 2669 2900; x_wconf 90' lang='lat' dir='ltr'>Cum-</span> 
     </span>
     <span class='ocr_line' id='line_1_78' title="bbox 1470 2925 2666 3008; baseline -0.001 -19"><span class='ocrx_word' id='word_1_352' title='bbox 1470 2946 1600 3007; x_wconf 90' lang='lat' dir='ltr'>que</span> <span class='ocrx_word' id='word_1_353' title='bbox 1631 2925 1914 3008; x_wconf 88' lang='lat' dir='ltr'>hinguar</span> <span class='ocrx_word' id='word_1_354' title='bbox 1945 2925 2207 2988; x_wconf 85' lang='lat' dir='ltr'>furcifer</span> <span class='ocrx_word' id='word_1_355' title='bbox 2237 2925 2329 2988; x_wconf 91' lang='lat' dir='ltr'>sic</span> <span class='ocrx_word' id='word_1_356' title='bbox 2361 2933 2666 2988; x_wconf 88' lang='lat' dir='ltr'>sanctum</span> 
     </span>
     <span class='ocr_line' id='line_1_79' title="bbox 1468 3011 2668 3095; baseline -0.002 -19"><span class='ocrx_word' id='word_1_357' title='bbox 1468 3013 1883 3078; x_wconf 86' lang='lat' dir='ltr'>edmundum</span> <span class='ocrx_word' id='word_1_358' title='bbox 1958 3013 2368 3095; x_wconf 77' lang='lat' dir='ltr'>conspiceret</span> <span class='ocrx_word' id='word_1_359' title='bbox 2465 3011 2668 3074; x_wconf 89' lang='lat' dir='ltr'>incla-</span> 
     </span>
     <span class='ocr_line' id='line_1_80' title="bbox 1468 3099 2668 3167; baseline 0.001 -4"><span class='ocrx_word' id='word_1_360' title='bbox 1468 3111 1766 3164; x_wconf 88' lang='lat' dir='ltr'>mantem</span> <span class='ocrx_word' id='word_1_361' title='bbox 1799 3101 2136 3167; x_wconf 88' lang='lat' dir='ltr'>Christum</span> <span class='ocrx_word' id='word_1_362' title='bbox 2157 3100 2371 3163; x_wconf 87' lang='lat' dir='ltr'>lictori</span> <span class='ocrx_word' id='word_1_363' title='bbox 2391 3099 2668 3164; x_wconf 89' lang='lat' dir='ltr'>mandat</span> 
     </span>
     <span class='ocr_line' id='line_1_81' title="bbox 1466 3187 2664 3271; baseline 0.001 -19"><span class='ocrx_word' id='word_1_364' title='bbox 1466 3190 1768 3271; x_wconf 86' lang='lat' dir='ltr'>protinus</span> <span class='ocrx_word' id='word_1_365' title='bbox 1815 3199 1890 3253; x_wconf 93' lang='lat' dir='ltr'>ut</span> <span class='ocrx_word' id='word_1_366' title='bbox 1920 3197 2228 3271; x_wconf 90' lang='lat' dir='ltr'>amputet</span> <span class='ocrx_word' id='word_1_367' title='bbox 2259 3196 2462 3269; x_wconf 90' lang='lat' dir='ltr'>caput</span> <span class='ocrx_word' id='word_1_368' title='bbox 2502 3187 2664 3268; x_wconf 78' lang='lat' dir='ltr'>ejuS.</span> 
     </span>
     <span class='ocr_line' id='line_1_82' title="bbox 1465 3274 2662 3411; baseline -0.001 -70"><span class='ocrx_word' id='word_1_369' title='bbox 1465 3280 1565 3411; x_wconf 76' lang='lat' dir='ltr'><em>l</em></span> <span class='ocrx_word' id='word_1_370' title='bbox 1575 3277 1659 3341; x_wconf 92' lang='lat' dir='ltr'>lle</span> <span class='ocrx_word' id='word_1_371' title='bbox 1675 3278 2242 3341; x_wconf 81' lang='lat' dir='ltr'>uero-seminecem</span> <span class='ocrx_word' id='word_1_372' title='bbox 2265 3275 2440 3338; x_wconf 83' lang='lat' dir='ltr'>avel-</span> <span class='ocrx_word' id='word_1_373' title='bbox 2461 3274 2563 3358; x_wconf 92' lang='lat' dir='ltr'>[L.</span> <span class='ocrx_word' id='word_1_374' title='bbox 2577 3276 2662 3358; x_wconf 66' lang='grc' dir='ltr'>ψ’.</span> 
     </span>
     <span class='ocr_line' id='line_1_83' title="bbox 1575 3363 2665 3448; baseline -0.002 -20"><span class='ocrx_word' id='word_1_375' title='bbox 1575 3366 1652 3430; x_wconf 91' lang='lat' dir='ltr'>lit</span> <span class='ocrx_word' id='word_1_376' title='bbox 1695 3376 1971 3430; x_wconf 87' lang='lat' dir='ltr'>cruento</span> <span class='ocrx_word' id='word_1_377' title='bbox 2001 3365 2211 3448; x_wconf 87' lang='lat' dir='ltr'>stipiti</span> <span class='ocrx_word' id='word_1_378' title='bbox 2243 3363 2520 3428; x_wconf 83' lang='lat' dir='ltr'>festinus</span> <span class='ocrx_word' id='word_1_379' title='bbox 2549 3383 2562 3425; x_wconf 94' lang='lat'>:</span> <span class='ocrx_word' id='word_1_380' title='bbox 2595 3371 2665 3426; x_wconf 90' lang='lat' dir='ltr'>et</span> 
     </span>
     <span class='ocr_line' id='line_1_84' title="bbox 1464 3451 2666 3536; baseline -0.002 -20"><span class='ocrx_word' id='word_1_381' title='bbox 1464 3464 1736 3536; x_wconf 86' lang='lat' dir='ltr'>arrepto</span> <span class='ocrx_word' id='word_1_382' title='bbox 1761 3455 2048 3536; x_wconf 84' lang='lat' dir='ltr'>pugione</span> <span class='ocrx_word' id='word_1_383' title='bbox 2087 3451 2450 3535; x_wconf 76' lang='lat' dir='ltr'>spiculator</span> <span class='ocrx_word' id='word_1_384' title='bbox 2495 3452 2666 3514; x_wconf 89' lang='lat' dir='ltr'>inter</span> 
     </span>
     <span class='ocr_line' id='line_1_85' title="bbox 1463 3540 2663 3623; baseline -0.003 -18"><span class='ocrx_word' id='word_1_385' title='bbox 1463 3543 1667 3606; x_wconf 89' lang='lat' dir='ltr'>verba</span> <span class='ocrx_word' id='word_1_386' title='bbox 1696 3544 2025 3606; x_wconf 79' lang='lat' dir='ltr'>orationis</span> <span class='ocrx_word' id='word_1_387' title='bbox 2037 3561 2200 3606; x_wconf 61' lang='lat' dir='ltr'>eum:</span> <span class='ocrx_word' id='word_1_388' title='bbox 2217 3540 2663 3623; x_wconf 83' lang='lat' dir='ltr'>decapitando</span> 
     </span>
     <span class='ocr_line' id='line_1_86' title="bbox 1464 3629 2661 3713; baseline 0 -21"><span class='ocrx_word' id='word_1_389' title='bbox 1464 3629 1589 3693; x_wconf 91' lang='lat' dir='ltr'>hac</span> <span class='ocrx_word' id='word_1_390' title='bbox 1609 3631 1764 3694; x_wconf 88' lang='lat' dir='ltr'>luce</span> <span class='ocrx_word' id='word_1_391' title='bbox 1781 3631 2104 3713; x_wconf 90' lang='lat' dir='ltr'>privavit:</span> <span class='ocrx_word' id='word_1_392' title='bbox 2151 3639 2354 3712; x_wconf 86' lang='lat' dir='ltr'>atque</span> <span class='ocrx_word' id='word_1_393' title='bbox 2385 3629 2482 3692; x_wconf 90' lang='lat' dir='ltr'>ita</span> <span class='ocrx_word' id='word_1_394' title='bbox 2509 3649 2661 3692; x_wconf 87' lang='lat' dir='ltr'>curn</span> 
     </span>
     <span class='ocr_line' id='line_1_87' title="bbox 1463 3717 2666 3799; baseline -0.001 -19"><span class='ocrx_word' id='word_1_395' title='bbox 1463 3717 1691 3799; x_wconf 88' lang='lat' dir='ltr'>palma</span> <span class='ocrx_word' id='word_1_396' title='bbox 1748 3720 2021 3782; x_wconf 84' lang='lat' dir='ltr'>victorie</span> <span class='ocrx_word' id='word_1_397' title='bbox 2087 3738 2208 3784; x_wconf 81' lang='lat' dir='ltr'>rex</span> <span class='ocrx_word' id='word_1_398' title='bbox 2268 3726 2353 3792; x_wconf 29' lang='lat' dir='ltr'>‘et</span> <span class='ocrx_word' id='word_1_399' title='bbox 2412 3725 2666 3798; x_wconf 79' lang='lat' dir='ltr'>martyr</span> 
     </span>
     <span class='ocr_line' id='line_1_88' title="bbox 1462 3804 2662 3870; baseline -0.003 -2"><span class='ocrx_word' id='word_1_400' title='bbox 1462 3816 1770 3870; x_wconf 89' lang='lat' dir='ltr'>senatum</span> <span class='ocrx_word' id='word_1_401' title='bbox 1831 3807 2018 3870; x_wconf 88' lang='lat' dir='ltr'>curie</span> <span class='ocrx_word' id='word_1_402' title='bbox 2066 3804 2326 3868; x_wconf 89' lang='lat' dir='ltr'>celestis</span> <span class='ocrx_word' id='word_1_403' title='bbox 2375 3805 2662 3866; x_wconf 89' lang='lat' dir='ltr'>intravit.</span> 
     </span>
     <span class='ocr_line' id='line_1_89' title="bbox 1467 3891 2660 3974; baseline -0.004 -17"><span class='ocrx_word' id='word_1_404' title='bbox 1467 3892 1700 3958; x_wconf 80' lang='lat' dir='ltr'>Sancti</span> <span class='ocrx_word' id='word_1_405' title='bbox 1732 3894 2040 3974; x_wconf 88' lang='lat' dir='ltr'>martyris</span> <span class='ocrx_word' id='word_1_406' title='bbox 2094 3912 2338 3974; x_wconf 85' lang='lat' dir='ltr'>corpus.</span> <span class='ocrx_word' id='word_1_407' title='bbox 2380 3891 2660 3953; x_wconf 90' lang='lat' dir='ltr'>ministri</span> 
     </span>
     <span class='ocr_line' id='line_1_90' title="bbox 1464 3980 2664 4062; baseline -0.001 -20"><span class='ocrx_word' id='word_1_408' title='bbox 1464 3980 1718 4044; x_wconf 90' lang='lat' dir='ltr'>diaboli</span> <span class='ocrx_word' id='word_1_409' title='bbox 1825 3981 2268 4062; x_wconf 90' lang='lat' dir='ltr'>relinquentes</span> <span class='ocrx_word' id='word_1_410' title='bbox 2325 3998 2340 4042; x_wconf 94' lang='lat'><strong>:</strong></span> <span class='ocrx_word' id='word_1_411' title='bbox 2459 3986 2664 4059; x_wconf 91' lang='lat' dir='ltr'>caput</span> 
     </span>
     <span class='ocr_line' id='line_1_91' title="bbox 1463 4064 2663 4132; baseline -0.003 -1"><span class='ocrx_word' id='word_1_412' title='bbox 1463 4077 1766 4132; x_wconf 88' lang='lat' dir='ltr'>sanctum</span> <span class='ocrx_word' id='word_1_413' title='bbox 1802 4069 1867 4131; x_wconf 91' lang='lat' dir='ltr'>in</span> <span class='ocrx_word' id='word_1_414' title='bbox 1898 4067 2133 4131; x_wconf 86' lang='lat' dir='ltr'>silvam</span> <span class='ocrx_word' id='word_1_415' title='bbox 2163 4085 2178 4129; x_wconf 91' lang='lat'>:</span> <span class='ocrx_word' id='word_1_416' title='bbox 2227 4066 2338 4130; x_wconf 77' lang='lat' dir='ltr'>cui</span> <span class='ocrx_word' id='word_1_417' title='bbox 2374 4064 2663 4128; x_wconf 89' lang='lat' dir='ltr'>vocabu-</span> 
     </span>
     <span class='ocr_line' id='line_1_92' title="bbox 1464 4155 2663 4237; baseline -0.003 -18"><span class='ocrx_word' id='word_1_418' title='bbox 1464 4156 1612 4219; x_wconf 74' lang='lat' dir='ltr'>lum·</span> <span class='ocrx_word' id='word_1_419' title='bbox 1659 4165 1761 4219; x_wconf 91' lang='lat' dir='ltr'>est</span> <span class='ocrx_word' id='word_1_420' title='bbox 1812 4155 2255 4237; x_wconf 87' lang='lat' dir='ltr'>heglesdune:</span> <span class='ocrx_word' id='word_1_421' title='bbox 2317 4163 2663 4234; x_wconf 86' lang='lat' dir='ltr'>asportan-</span> 
     </span>
     <span class='ocr_line' id='line_1_93' title="bbox 1463 4241 2668 4323; baseline -0.001 -16"><span class='ocrx_word' id='word_1_422' title='bbox 1463 4252 1568 4308; x_wconf 92' lang='lat' dir='ltr'>tes</span> <span class='ocrx_word' id='word_1_423' title='bbox 1601 4245 1771 4308; x_wconf 91' lang='lat' dir='ltr'>inter</span> <span class='ocrx_word' id='word_1_424' title='bbox 1801 4243 2008 4308; x_wconf 89' lang='lat' dir='ltr'>densa</span> <span class='ocrx_word' id='word_1_425' title='bbox 2038 4243 2346 4323; x_wconf 86' lang='lat' dir='ltr'>veprium</span> <span class='ocrx_word' id='word_1_426' title='bbox 2381 4241 2668 4306; x_wconf 85' lang='lat' dir='ltr'>frutecta</span> 
     </span>
    </p>
   </div>
   <div class='ocr_carea' id='block_1_9' title="bbox 2035 4402 2466 4455">
    <p class='ocr_par' dir='ltr' id='par_1_11' title="bbox 2035 4402 2466 4455">
     <span class='ocr_line' id='line_1_94' title="bbox 2035 4402 2466 4455; baseline -0.002 0"><span class='ocrx_word' id='word_1_427' title='bbox 2035 4405 2057 4438; x_wconf 75' lang='lat'>⁸</span> <span class='ocrx_word' id='word_1_428' title='bbox 2093 4403 2326 4455; x_wconf 80' lang='lat' dir='ltr'>‘et’om.</span> <span class='ocrx_word' id='word_1_429' title='bbox 2359 4420 2372 4453; x_wconf 91' lang='lat'>:</span> <span class='ocrx_word' id='word_1_430' title='bbox 2408 4402 2466 4454; x_wconf 88' lang='lat' dir='ltr'>S.</span> 
     </span>
    </p>
   </div>
  </div>
 </body>
</html>
