<?xml version="1.0" encoding="UTF-8"?>
<!DOCTYPE html PUBLIC "-//W3C//DTD XHTML 1.0 Transitional//EN"
    "http://www.w3.org/TR/xhtml1/DTD/xhtml1-transitional.dtd">
<html xmlns="http://www.w3.org/1999/xhtml" xml:lang="en" lang="en">
 <head>
  <title>
</title>
<meta http-equiv="Content-Type" content="text/html;charset=utf-8" />
  <meta name='ocr-system' content='tesseract 3.04.00' />
  <meta name='ocr-capabilities' content='ocr_page ocr_carea ocr_par ocr_line ocrx_word'/>
</head>
<body>
  <div class='ocr_page' id='page_1' title='image "breviariumadusu03yorkgoog_0296.png"; bbox 0 0 3117 4959; ppageno 0'>
   <div class='ocr_carea' id='block_1_1' title="bbox 934 262 1835 320">
    <p class='ocr_par' dir='ltr' id='par_1_1' title="bbox 934 262 1835 320">
     <span class='ocr_line' id='line_1_1' title="bbox 934 262 1835 320; baseline 0.003 -2"><span class='ocrx_word' id='word_1_1' title='bbox 934 262 1346 318; x_wconf 80' lang='lat' dir='ltr'><em>NATJVITA</em></span> <span class='ocrx_word' id='word_1_2' title='bbox 1361 262 1494 318; x_wconf 89' lang='lat' dir='ltr'>TIS</span> <span class='ocrx_word' id='word_1_3' title='bbox 1540 263 1835 320; x_wconf 77' lang='lat' dir='ltr'>MARJE.</span> 
     </span>
    </p>
   </div>
   <div class='ocr_carea' id='block_1_2' title="bbox 665 371 808 426">
    <p class='ocr_par' dir='ltr' id='par_1_2' title="bbox 665 371 808 426">
     <span class='ocr_line' id='line_1_2' title="bbox 665 371 808 426; baseline 0 -1"><span class='ocrx_word' id='word_1_4' title='bbox 665 371 808 426; x_wconf 69' lang='lat'>347</span> 
     </span>
    </p>
   </div>
   <div class='ocr_carea' id='block_1_3' title="bbox 133 476 1334 3597">
    <p class='ocr_par' dir='ltr' id='par_1_3' title="bbox 133 476 1334 3597">
     <span class='ocr_line' id='line_1_3' title="bbox 164 476 1328 548; baseline -0.004 0"><span class='ocrx_word' id='word_1_5' title='bbox 164 483 274 548; x_wconf 86' lang='lat' dir='ltr'>iste</span> <span class='ocrx_word' id='word_1_6' title='bbox 301 477 545 543; x_wconf 85' lang='lat' dir='ltr'>veniet:</span> <span class='ocrx_word' id='word_1_7' title='bbox 575 476 820 541; x_wconf 89' lang='lat' dir='ltr'>saliens</span> <span class='ocrx_word' id='word_1_8' title='bbox 849 477 916 540; x_wconf 93' lang='lat' dir='ltr'>in</span> <span class='ocrx_word' id='word_1_9' title='bbox 949 477 1328 543; x_wconf 87' lang='lat' dir='ltr'>montibus:</span> 
     </span>
     <span class='ocr_line' id='line_1_4' title="bbox 163 559 1332 644; baseline -0.003 -10"><span class='ocrx_word' id='word_1_10' title='bbox 163 566 506 634; x_wconf 86' lang='lat' dir='ltr'>transiliens</span> <span class='ocrx_word' id='word_1_11' title='bbox 564 565 784 630; x_wconf 69' lang='lat' dir='ltr'>colles</span> <span class='ocrx_word' id='word_1_12' title='bbox 877 570 940 644; x_wconf 60' lang='grc' dir='ltr'>εἷ</span> <span class='ocrx_word' id='word_1_13' title='bbox 1002 559 1332 630; x_wconf 85' lang='lat' dir='ltr'>Memoria</span> 
     </span>
     <span class='ocr_line' id='line_1_5' title="bbox 161 652 1328 736; baseline -0.003 -14"><span class='ocrx_word' id='word_1_14' title='bbox 161 658 232 722; x_wconf 81' lang='lat' dir='ltr'>de</span> <span class='ocrx_word' id='word_1_15' title='bbox 283 653 682 734; x_wconf 56' lang='lat' dir='ltr'>martyribus.</span> <span class='ocrx_word' id='word_1_16' title='bbox 807 652 940 718; x_wconf 62' lang='lat' dir='ltr'>Or‘o</span> <span class='ocrx_word' id='word_1_17' title='bbox 982 663 1060 717; x_wconf 85' lang='lat' dir='ltr'>ut</span> <span class='ocrx_word' id='word_1_18' title='bbox 1113 665 1328 736; x_wconf 80' lang='lat' dir='ltr'>supra.</span> 
     </span>
     <span class='ocr_line' id='line_1_6' title="bbox 167 742 1330 824; baseline 0.001 -18"><span class='ocrx_word' id='word_1_19' title='bbox 167 743 386 824; x_wconf 82' lang='lat' dir='ltr'>Quinto</span> <span class='ocrx_word' id='word_1_20' title='bbox 412 742 524 806; x_wconf 89' lang='lat' dir='ltr'>die.</span> <span class='ocrx_word' id='word_1_21' title='bbox 1044 742 1258 806; x_wconf 84' lang='lat' dir='ltr'><em>Lectio</em></span> <span class='ocrx_word' id='word_1_22' title='bbox 1266 743 1330 824; x_wconf 88' lang='lat' dir='ltr'>j.</span> 
     </span>
     <span class='ocr_line' id='line_1_7' title="bbox 161 828 1331 966; baseline -0.003 -71"><span class='ocrx_word' id='word_1_23' title='bbox 161 830 464 966; x_wconf 67' lang='lat' dir='ltr'>Similis</span> <span class='ocrx_word' id='word_1_24' title='bbox 513 837 615 892; x_wconf 90' lang='lat' dir='ltr'>est</span> <span class='ocrx_word' id='word_1_25' title='bbox 667 828 948 893; x_wconf 90' lang='lat' dir='ltr'>dilectus</span> <span class='ocrx_word' id='word_1_26' title='bbox 993 849 1180 894; x_wconf 89' lang='lat' dir='ltr'>meus</span> <span class='ocrx_word' id='word_1_27' title='bbox 1225 851 1331 894; x_wconf 89' lang='lat' dir='ltr'>ca-</span> 
     </span>
     <span class='ocr_line' id='line_1_8' title="bbox 274 917 1328 1000; baseline 0.002 -20"><span class='ocrx_word' id='word_1_28' title='bbox 274 939 420 1000; x_wconf 89' lang='lat' dir='ltr'>pree</span> <span class='ocrx_word' id='word_1_29' title='bbox 489 917 898 1000; x_wconf 87' lang='lat' dir='ltr'>hinnuloque</span> <span class='ocrx_word' id='word_1_30' title='bbox 971 937 1328 988; x_wconf 86' lang='lat' dir='ltr'>cervorum.</span> 
     </span>
     <span class='ocr_line' id='line_1_9' title="bbox 165 1007 1331 1088; baseline -0.002 -16"><span class='ocrx_word' id='word_1_31' title='bbox 165 1007 259 1072; x_wconf 89' lang='lat' dir='ltr'>En</span> <span class='ocrx_word' id='word_1_32' title='bbox 301 1007 434 1088; x_wconf 88' lang='lat' dir='ltr'>ipse</span> <span class='ocrx_word' id='word_1_33' title='bbox 475 1016 609 1070; x_wconf 89' lang='lat' dir='ltr'>stat</span> <span class='ocrx_word' id='word_1_34' title='bbox 639 1015 791 1088; x_wconf 91' lang='lat' dir='ltr'>post</span> <span class='ocrx_word' id='word_1_35' title='bbox 825 1007 1146 1087; x_wconf 87' lang='lat' dir='ltr'>parietem</span> <span class='ocrx_word' id='word_1_36' title='bbox 1179 1026 1331 1070; x_wconf 90' lang='lat' dir='ltr'>nos-</span> 
     </span>
     <span class='ocr_line' id='line_1_10' title="bbox 161 1093 1331 1176; baseline -0.003 -16"><span class='ocrx_word' id='word_1_37' title='bbox 161 1105 318 1160; x_wconf 88' lang='lat' dir='ltr'>trum</span> <span class='ocrx_word' id='word_1_38' title='bbox 347 1095 668 1176; x_wconf 82' lang='lat' dir='ltr'>aspiciens</span> <span class='ocrx_word' id='word_1_39' title='bbox 698 1114 816 1176; x_wconf 90' lang='lat' dir='ltr'>per</span> <span class='ocrx_word' id='word_1_40' title='bbox 839 1093 1162 1156; x_wconf 86' lang='lat' dir='ltr'>fenestras</span> <span class='ocrx_word' id='word_1_41' title='bbox 1180 1114 1331 1176; x_wconf 89' lang='lat' dir='ltr'>pro-</span> 
     </span>
     <span class='ocr_line' id='line_1_11' title="bbox 160 1181 1332 1264; baseline -0.003 -18"><span class='ocrx_word' id='word_1_42' title='bbox 160 1183 418 1264; x_wconf 88' lang='lat' dir='ltr'>spiciens</span> <span class='ocrx_word' id='word_1_43' title='bbox 468 1202 585 1263; x_wconf 87' lang='lat' dir='ltr'>per</span> <span class='ocrx_word' id='word_1_44' title='bbox 636 1181 981 1246; x_wconf 82' lang='lat' dir='ltr'>cancellos,</span> <span class='ocrx_word' id='word_1_45' title='bbox 1075 1181 1182 1245; x_wconf 90' lang='lat' dir='ltr'>En</span> <span class='ocrx_word' id='word_1_46' title='bbox 1233 1182 1332 1243; x_wconf 92' lang='lat' dir='ltr'>di-</span> 
     </span>
     <span class='ocr_line' id='line_1_12' title="bbox 157 1269 1332 1352; baseline -0.002 -18"><span class='ocrx_word' id='word_1_47' title='bbox 157 1269 342 1335; x_wconf 88' lang='lat' dir='ltr'>lectus</span> <span class='ocrx_word' id='word_1_48' title='bbox 367 1290 549 1334; x_wconf 88' lang='lat' dir='ltr'>meus</span> <span class='ocrx_word' id='word_1_49' title='bbox 569 1270 861 1352; x_wconf 89' lang='lat' dir='ltr'>loquitur</span> <span class='ocrx_word' id='word_1_50' title='bbox 891 1269 1070 1334; x_wconf 91' lang='lat' dir='ltr'>mihi.</span> <span class='ocrx_word' id='word_1_51' title='bbox 1118 1269 1332 1352; x_wconf 86' lang='lat' dir='ltr'><strong>Surge</strong></span> 
     </span>
     <span class='ocr_line' id='line_1_13' title="bbox 153 1357 1334 1440; baseline 0.002 -20"><span class='ocrx_word' id='word_1_52' title='bbox 153 1379 409 1440; x_wconf 89' lang='lat' dir='ltr'>propera</span> <span class='ocrx_word' id='word_1_53' title='bbox 465 1358 682 1422; x_wconf 88' lang='lat' dir='ltr'>amica</span> <span class='ocrx_word' id='word_1_54' title='bbox 755 1377 907 1422; x_wconf 86' lang='lat' dir='ltr'>mea</span> <span class='ocrx_word' id='word_1_55' title='bbox 934 1379 948 1421; x_wconf 90' lang='lat'>:</span> <span class='ocrx_word' id='word_1_56' title='bbox 1026 1357 1334 1422; x_wconf 85' lang='lat' dir='ltr'>columba</span> 
     </span>
     <span class='ocr_line' id='line_1_14' title="bbox 155 1445 1330 1527; baseline 0.001 -17"><span class='ocrx_word' id='word_1_57' title='bbox 155 1467 326 1512; x_wconf 90' lang='lat' dir='ltr'>mea:</span> <span class='ocrx_word' id='word_1_58' title='bbox 357 1445 648 1510; x_wconf 86' lang='lat' dir='ltr'>formosa</span> <span class='ocrx_word' id='word_1_59' title='bbox 677 1465 826 1509; x_wconf 90' lang='lat' dir='ltr'>mea</span> <span class='ocrx_word' id='word_1_60' title='bbox 857 1453 926 1508; x_wconf 93' lang='lat' dir='ltr'>et</span> <span class='ocrx_word' id='word_1_61' title='bbox 955 1445 1123 1510; x_wconf 89' lang='lat' dir='ltr'>veni.</span> <span class='ocrx_word' id='word_1_62' title='bbox 1155 1446 1238 1508; x_wconf 92' lang='lat' dir='ltr'>L.</span> <span class='ocrx_word' id='word_1_63' title='bbox 1263 1445 1330 1527; x_wconf 79' lang='lat' dir='ltr'>ij.</span> 
     </span>
     <span class='ocr_line' id='line_1_15' title="bbox 274 1530 1332 1616; baseline -0.001 -18"><span class='ocrx_word' id='word_1_64' title='bbox 274 1555 376 1598; x_wconf 89' lang='lat' dir='ltr'>am</span> <span class='ocrx_word' id='word_1_65' title='bbox 435 1535 616 1598; x_wconf 89' lang='lat' dir='ltr'>enim</span> <span class='ocrx_word' id='word_1_66' title='bbox 677 1530 994 1616; x_wconf 91' lang='lat' dir='ltr'>hyemps¹</span> <span class='ocrx_word' id='word_1_67' title='bbox 1069 1535 1332 1600; x_wconf 88' lang='lat' dir='ltr'>transiit</span> 
     </span>
     <span class='ocr_line' id='line_1_16' title="bbox 147 1536 1330 1708; baseline 0 -22"><span class='ocrx_word' id='word_1_68' title='bbox 147 1536 474 1708; x_wconf 66' lang='lat' dir='ltr'>⁴Jimber</span> <span class='ocrx_word' id='word_1_69' title='bbox 492 1621 662 1686; x_wconf 89' lang='lat' dir='ltr'>abiit</span> <span class='ocrx_word' id='word_1_70' title='bbox 683 1632 754 1686; x_wconf 88' lang='lat' dir='ltr'>et</span> <span class='ocrx_word' id='word_1_71' title='bbox 771 1622 1052 1686; x_wconf 84' lang='lat' dir='ltr'><strong>recessit.</strong></span> <span class='ocrx_word' id='word_1_72' title='bbox 1101 1622 1158 1686; x_wconf 93' lang='lat' dir='ltr'>F</span> <span class='ocrx_word' id='word_1_73' title='bbox 1159 1621 1330 1686; x_wconf 79' lang='lat' dir='ltr'>lores</span> 
     </span>
     <span class='ocr_line' id='line_1_17' title="bbox 151 1711 1328 1792; baseline 0.001 -18"><span class='ocrx_word' id='word_1_74' title='bbox 151 1719 581 1792; x_wconf 84' lang='lat' dir='ltr'>apparuerunt</span> <span class='ocrx_word' id='word_1_75' title='bbox 655 1711 724 1773; x_wconf 92' lang='lat' dir='ltr'>in</span> <span class='ocrx_word' id='word_1_76' title='bbox 799 1719 975 1774; x_wconf 88' lang='lat' dir='ltr'>terra</span> <span class='ocrx_word' id='word_1_77' title='bbox 1049 1717 1278 1773; x_wconf 89' lang='lat' dir='ltr'>nostra</span> <span class='ocrx_word' id='word_1_78' title='bbox 1309 1731 1328 1775; x_wconf 74' lang='lat' dir='ltr'><em>z</em></span> 
     </span>
     <span class='ocr_line' id='line_1_18' title="bbox 149 1797 1327 1881; baseline 0 -19"><span class='ocrx_word' id='word_1_79' title='bbox 149 1805 392 1880; x_wconf 87' lang='lat' dir='ltr'>tempus</span> <span class='ocrx_word' id='word_1_80' title='bbox 420 1798 787 1881; x_wconf 83' lang='lat' dir='ltr'><strong>putationis</strong></span> <span class='ocrx_word' id='word_1_81' title='bbox 817 1797 1104 1862; x_wconf 85' lang='lat' dir='ltr'>advenit.</span> <span class='ocrx_word' id='word_1_82' title='bbox 1166 1798 1327 1862; x_wconf 85' lang='lat' dir='ltr'>Vox</span> 
     </span>
     <span class='ocr_line' id='line_1_19' title="bbox 147 1887 1328 1950; baseline 0.002 -2"><span class='ocrx_word' id='word_1_83' title='bbox 147 1887 398 1950; x_wconf 87' lang='lat' dir='ltr'>turturis</span> <span class='ocrx_word' id='word_1_84' title='bbox 427 1887 662 1950; x_wconf 90' lang='lat' dir='ltr'>audita</span> <span class='ocrx_word' id='word_1_85' title='bbox 707 1895 810 1950; x_wconf 90' lang='lat' dir='ltr'>est</span> <span class='ocrx_word' id='word_1_86' title='bbox 852 1887 920 1949; x_wconf 89' lang='lat' dir='ltr'>in</span> <span class='ocrx_word' id='word_1_87' title='bbox 967 1894 1142 1950; x_wconf 89' lang='lat' dir='ltr'>terra</span> <span class='ocrx_word' id='word_1_88' title='bbox 1171 1904 1328 1950; x_wconf 87' lang='lat' dir='ltr'>nos-</span> 
     </span>
     <span class='ocr_line' id='line_1_20' title="bbox 148 1973 1326 2056; baseline 0 -18"><span class='ocrx_word' id='word_1_89' title='bbox 148 1981 273 2039; x_wconf 84' lang='lat' dir='ltr'>tra:</span> <span class='ocrx_word' id='word_1_90' title='bbox 316 1974 475 2038; x_wconf 88' lang='lat' dir='ltr'>ficus</span> <span class='ocrx_word' id='word_1_91' title='bbox 509 1973 789 2056; x_wconf 88' lang='lat' dir='ltr'>protulit</span> <span class='ocrx_word' id='word_1_92' title='bbox 831 1992 1096 2054; x_wconf 87' lang='lat' dir='ltr'>grossos</span> <span class='ocrx_word' id='word_1_93' title='bbox 1126 1993 1326 2038; x_wconf 84' lang='lat' dir='ltr'>suos:</span> 
     </span>
     <span class='ocr_line' id='line_1_21' title="bbox 143 2061 1324 2126; baseline -0.002 0"><span class='ocrx_word' id='word_1_94' title='bbox 143 2062 316 2126; x_wconf 77' lang='lat' dir='ltr'>vinee</span> <span class='ocrx_word' id='word_1_95' title='bbox 344 2061 658 2126; x_wconf 88' lang='lat' dir='ltr'>florentes</span> <span class='ocrx_word' id='word_1_96' title='bbox 689 2061 962 2125; x_wconf 93' lang='lat' dir='ltr'>odorem</span> <span class='ocrx_word' id='word_1_97' title='bbox 981 2062 1324 2124; x_wconf 87' lang='lat' dir='ltr'>dederunt.</span> 
     </span>
     <span class='ocr_line' id='line_1_22' title="bbox 291 2148 1328 2231; baseline -0.002 -19"><span class='ocrx_word' id='word_1_98' title='bbox 291 2169 383 2213; x_wconf 82' lang='lat' dir='ltr'>ox</span> <span class='ocrx_word' id='word_1_99' title='bbox 443 2149 711 2215; x_wconf 87' lang='lat' dir='ltr'><strong>Christi.</strong></span> <span class='ocrx_word' id='word_1_100' title='bbox 761 2149 974 2231; x_wconf 85' lang='lat' dir='ltr'>Surge</span> <span class='ocrx_word' id='word_1_101' title='bbox 1025 2148 1184 2231; x_wconf 84' lang='lat' dir='ltr'>[Lec.</span> <span class='ocrx_word' id='word_1_102' title='bbox 1227 2148 1328 2231; x_wconf 88' lang='lat' dir='ltr'>iij.</span> 
     </span>
     <span class='ocr_line' id='line_1_23' title="bbox 291 2237 1328 2319; baseline -0.002 -17"><span class='ocrx_word' id='word_1_103' title='bbox 291 2239 505 2302; x_wconf 89' lang='lat' dir='ltr'>amica</span> <span class='ocrx_word' id='word_1_104' title='bbox 541 2257 722 2302; x_wconf 89' lang='lat' dir='ltr'>mea:</span> <span class='ocrx_word' id='word_1_105' title='bbox 753 2237 1054 2319; x_wconf 87' lang='lat' dir='ltr'>speciosa</span> <span class='ocrx_word' id='word_1_106' title='bbox 1085 2257 1235 2300; x_wconf 90' lang='lat' dir='ltr'>mea</span> <span class='ocrx_word' id='word_1_107' title='bbox 1259 2245 1328 2300; x_wconf 85' lang='lat' dir='ltr'>et</span> 
     </span>
     <span class='ocr_line' id='line_1_24' title="bbox 140 2324 1330 2391; baseline 0 -4"><span class='ocrx_word' id='word_1_108' title='bbox 140 2326 290 2390; x_wconf 90' lang='lat' dir='ltr'>veni.</span> <span class='ocrx_word' id='word_1_109' title='bbox 382 2325 719 2391; x_wconf 87' lang='lat' dir='ltr'>Columba</span> <span class='ocrx_word' id='word_1_110' title='bbox 777 2326 845 2388; x_wconf 89' lang='lat' dir='ltr'>in</span> <span class='ocrx_word' id='word_1_111' title='bbox 898 2324 1330 2389; x_wconf 82' lang='lat' dir='ltr'><strong>foraminibus</strong></span> 
     </span>
     <span class='ocr_line' id='line_1_25' title="bbox 139 2412 1328 2494; baseline 0 -17"><span class='ocrx_word' id='word_1_112' title='bbox 139 2421 350 2494; x_wconf 88' lang='lat' dir='ltr'>petre:</span> <span class='ocrx_word' id='word_1_113' title='bbox 397 2415 465 2478; x_wconf 90' lang='lat' dir='ltr'>in</span> <span class='ocrx_word' id='word_1_114' title='bbox 497 2433 784 2478; x_wconf 83' lang='lat' dir='ltr'>caverna</span> <span class='ocrx_word' id='word_1_115' title='bbox 815 2414 1111 2476; x_wconf 87' lang='lat' dir='ltr'>macerie.</span> <span class='ocrx_word' id='word_1_116' title='bbox 1201 2412 1328 2477; x_wconf 90' lang='lat' dir='ltr'>Os-</span> 
     </span>
     <span class='ocr_line' id='line_1_26' title="bbox 141 2502 1330 2566; baseline -0.001 -2"><span class='ocrx_word' id='word_1_117' title='bbox 141 2503 324 2565; x_wconf 88' lang='lat' dir='ltr'>tende</span> <span class='ocrx_word' id='word_1_118' title='bbox 356 2503 522 2566; x_wconf 84' lang='lat' dir='ltr'>mihi</span> <span class='ocrx_word' id='word_1_119' title='bbox 571 2502 808 2565; x_wconf 86' lang='lat' dir='ltr'>faciem</span> <span class='ocrx_word' id='word_1_120' title='bbox 859 2509 1090 2564; x_wconf 89' lang='lat' dir='ltr'>tuam:</span> <span class='ocrx_word' id='word_1_121' title='bbox 1137 2507 1330 2565; x_wconf 89' lang='lat' dir='ltr'>sonet</span> 
     </span>
     <span class='ocr_line' id='line_1_27' title="bbox 137 2589 1328 2654; baseline -0.002 -3"><span class='ocrx_word' id='word_1_122' title='bbox 137 2609 262 2652; x_wconf 83' lang='lat' dir='ltr'>vox</span> <span class='ocrx_word' id='word_1_123' title='bbox 309 2599 424 2654; x_wconf 90' lang='lat' dir='ltr'>tua</span> <span class='ocrx_word' id='word_1_124' title='bbox 472 2590 546 2653; x_wconf 86' lang='lat' dir='ltr'>in</span> <span class='ocrx_word' id='word_1_125' title='bbox 596 2590 864 2653; x_wconf 89' lang='lat' dir='ltr'>auribus</span> <span class='ocrx_word' id='word_1_126' title='bbox 896 2590 1076 2652; x_wconf 79' lang='lat' dir='ltr'>meiS.</span> <span class='ocrx_word' id='word_1_127' title='bbox 1167 2589 1328 2651; x_wconf 84' lang='lat' dir='ltr'>Vox</span> 
     </span>
     <span class='ocr_line' id='line_1_28' title="bbox 138 2676 1330 2742; baseline -0.003 -2"><span class='ocrx_word' id='word_1_128' title='bbox 138 2679 304 2741; x_wconf 84' lang='lat' dir='ltr'>enim</span> <span class='ocrx_word' id='word_1_129' title='bbox 333 2687 451 2742; x_wconf 89' lang='lat' dir='ltr'>tua</span> <span class='ocrx_word' id='word_1_130' title='bbox 495 2677 712 2740; x_wconf 89' lang='lat' dir='ltr'>dulcis</span> <span class='ocrx_word' id='word_1_131' title='bbox 743 2686 810 2741; x_wconf 92' lang='lat' dir='ltr'>et</span> <span class='ocrx_word' id='word_1_132' title='bbox 841 2676 1040 2740; x_wconf 86' lang='lat' dir='ltr'>facies</span> <span class='ocrx_word' id='word_1_133' title='bbox 1071 2685 1187 2739; x_wconf 89' lang='lat' dir='ltr'>tua</span> <span class='ocrx_word' id='word_1_134' title='bbox 1217 2676 1330 2738; x_wconf 91' lang='lat' dir='ltr'>de-</span> 
     </span>
     <span class='ocr_line' id='line_1_29' title="bbox 140 2763 1328 2844; baseline -0.002 -17"><span class='ocrx_word' id='word_1_135' title='bbox 140 2784 296 2830; x_wconf 87' lang='lat' dir='ltr'>cora.</span> <span class='ocrx_word' id='word_1_136' title='bbox 382 2765 609 2831; x_wconf 77' lang='lat' dir='ltr'>Cetera</span> <span class='ocrx_word' id='word_1_137' title='bbox 641 2775 716 2828; x_wconf 86' lang='lat' dir='ltr'>ut</span> <span class='ocrx_word' id='word_1_138' title='bbox 740 2775 958 2844; x_wconf 84' lang='lat' dir='ltr'>supra.</span> <span class='ocrx_word' id='word_1_139' title='bbox 1047 2763 1174 2828; x_wconf 81' lang='lat' dir='ltr'>Aa&#39;</span> <span class='ocrx_word' id='word_1_140' title='bbox 1195 2783 1328 2828; x_wconf 86' lang='lat' dir='ltr'>ves-</span> 
     </span>
     <span class='ocr_line' id='line_1_30' title="bbox 133 2853 1326 2931; baseline 0 -17"><span class='ocrx_word' id='word_1_141' title='bbox 133 2862 321 2931; x_wconf 77' lang='lat' dir='ltr'>peras.</span> <span class='ocrx_word' id='word_1_142' title='bbox 409 2854 746 2917; x_wconf 84' lang='lat' dir='ltr'>Memoria</span> <span class='ocrx_word' id='word_1_143' title='bbox 774 2853 856 2915; x_wconf 86' lang='lat' dir='ltr'>de</span> <span class='ocrx_word' id='word_1_144' title='bbox 880 2862 1099 2916; x_wconf 88' lang='lat' dir='ltr'>sancto</span> <span class='ocrx_word' id='word_1_145' title='bbox 1143 2871 1326 2914; x_wconf 84' lang='lat' dir='ltr'>mau-</span> 
     </span>
     <span class='ocr_line' id='line_1_31' title="bbox 139 2939 1326 3022; baseline 0.002 -20"><span class='ocrx_word' id='word_1_146' title='bbox 139 2939 278 3002; x_wconf 85' lang='lat' dir='ltr'>rilio</span> <span class='ocrx_word' id='word_1_147' title='bbox 321 2941 598 3022; x_wconf 79' lang='lat' dir='ltr'>episcopo</span> <span class='ocrx_word' id='word_1_148' title='bbox 639 2949 702 3004; x_wconf 88' lang='lat' dir='ltr'>et</span> <span class='ocrx_word' id='word_1_149' title='bbox 738 2941 1102 3021; x_wconf 85' lang='lat' dir='ltr'>confessore.</span> <span class='ocrx_word' id='word_1_150' title='bbox 1191 2939 1326 3004; x_wconf 76' lang='grc' dir='ltr'>Αῆ.</span> 
     </span>
     <span class='ocr_line' id='line_1_32' title="bbox 137 3027 1331 3092; baseline -0.001 -2"><span class='ocrx_word' id='word_1_151' title='bbox 137 3047 284 3092; x_wconf 83' lang='lat' dir='ltr'>vers.</span> <span class='ocrx_word' id='word_1_152' title='bbox 312 3039 378 3091; x_wconf 85' lang='lat' dir='ltr'>et</span> <span class='ocrx_word' id='word_1_153' title='bbox 402 3035 516 3092; x_wconf 72' lang='grc' dir='ltr'>0Ῡο</span> <span class='ocrx_word' id='word_1_154' title='bbox 561 3037 638 3092; x_wconf 84' lang='lat' dir='ltr'>ut</span> <span class='ocrx_word' id='word_1_155' title='bbox 687 3028 756 3091; x_wconf 87' lang='lat' dir='ltr'>in</span> <span class='ocrx_word' id='word_1_156' title='bbox 807 3027 1146 3092; x_wconf 85' lang='lat' dir='ltr'>communi.</span> <span class='ocrx_word' id='word_1_157' title='bbox 1242 3027 1331 3089; x_wconf 78' lang='lat' dir='ltr'>Si</span> 
     </span>
     <span class='ocr_line' id='line_1_33' title="bbox 138 3115 1324 3196; baseline 0.001 -20"><span class='ocrx_word' id='word_1_158' title='bbox 138 3135 270 3179; x_wconf 84' lang='lat' dir='ltr'>vero</span> <span class='ocrx_word' id='word_1_159' title='bbox 283 3117 540 3196; x_wconf 85' lang='lat' dir='ltr'>festum</span> <span class='ocrx_word' id='word_1_160' title='bbox 573 3115 950 3180; x_wconf 84' lang='lat' dir='ltr'>nativitatis</span> <span class='ocrx_word' id='word_1_161' title='bbox 978 3115 1150 3181; x_wconf 85' lang='lat' dir='ltr'>beate</span> <span class='ocrx_word' id='word_1_162' title='bbox 1185 3135 1324 3178; x_wconf 87' lang='lat' dir='ltr'>ma-</span> 
     </span>
     <span class='ocr_line' id='line_1_34' title="bbox 135 3203 1330 3286; baseline 0 -20"><span class='ocrx_word' id='word_1_163' title='bbox 135 3204 227 3266; x_wconf 82' lang='lat' dir='ltr'>rie</span> <span class='ocrx_word' id='word_1_164' title='bbox 265 3205 336 3266; x_wconf 79' lang='lat' dir='ltr'>in</span> <span class='ocrx_word' id='word_1_165' title='bbox 386 3205 721 3268; x_wconf 85' lang='lat' dir='ltr'>dominica</span> <span class='ocrx_word' id='word_1_166' title='bbox 749 3203 1088 3286; x_wconf 67' lang='lat' dir='ltr'>contigerit</span> <span class='ocrx_word' id='word_1_167' title='bbox 1107 3225 1132 3266; x_wconf 92' lang='lat'>.·</span> <span class='ocrx_word' id='word_1_168' title='bbox 1178 3213 1330 3266; x_wconf 85' lang='lat' dir='ltr'>tunc</span> 
     </span>
     <span class='ocr_line' id='line_1_35' title="bbox 133 3291 1183 3374; baseline 0.001 -21"><span class='ocrx_word' id='word_1_169' title='bbox 133 3293 252 3353; x_wconf 85' lang='lat' dir='ltr'>erit</span> <span class='ocrx_word' id='word_1_170' title='bbox 275 3302 449 3356; x_wconf 80' lang='lat' dir='ltr'>sexto</span> <span class='ocrx_word' id='word_1_171' title='bbox 476 3292 590 3356; x_wconf 82' lang='lat' dir='ltr'>die</span> <span class='ocrx_word' id='word_1_172' title='bbox 614 3291 876 3374; x_wconf 79' lang='lat' dir='ltr'>legenda</span> <span class='ocrx_word' id='word_1_173' title='bbox 904 3311 1183 3373; x_wconf 85' lang='lat' dir='ltr'>sequens.</span> 
     </span>
     <span class='ocr_line' id='line_1_36' title="bbox 135 3378 1325 3460; baseline 0.001 -18"><span class='ocrx_word' id='word_1_174' title='bbox 135 3378 320 3443; x_wconf 73' lang='lat' dir='ltr'>Sexto</span> <span class='ocrx_word' id='word_1_175' title='bbox 345 3380 470 3446; x_wconf 85' lang='lat' dir='ltr'>die.</span> <span class='ocrx_word' id='word_1_176' title='bbox 850 3379 1067 3444; x_wconf 84' lang='lat' dir='ltr'>Lectio</span> <span class='ocrx_word' id='word_1_177' title='bbox 1079 3379 1325 3460; x_wconf 81' lang='lat' dir='ltr'>prima.</span> 
     </span>
     <span class='ocr_line' id='line_1_37' title="bbox 145 3467 1329 3597; baseline -0.001 -66"><span class='ocrx_word' id='word_1_178' title='bbox 145 3469 382 3597; x_wconf 84' lang='lat' dir='ltr'>Vox</span> <span class='ocrx_word' id='word_1_179' title='bbox 414 3469 736 3534; x_wconf 90' lang='lat' dir='ltr'>adversus</span> <span class='ocrx_word' id='word_1_180' title='bbox 765 3467 1043 3534; x_wconf 82' lang='lat' dir='ltr'>hereses,</span> <span class='ocrx_word' id='word_1_181' title='bbox 1088 3468 1329 3550; x_wconf 83' lang='lat' dir='ltr'><strong>Capite</strong></span> 
     </span>
    </p>
   </div>
   <div class='ocr_carea' id='block_1_4' title="bbox 285 3555 1364 3642">
    <p class='ocr_par' dir='ltr' id='par_1_4' title="bbox 285 3555 1364 3642">
     <span class='ocr_line' id='line_1_38' title="bbox 285 3555 1364 3642; baseline 0 -22"><span class='ocrx_word' id='word_1_182' title='bbox 285 3557 480 3622; x_wconf 89' lang='lat' dir='ltr'>vobis</span> <span class='ocrx_word' id='word_1_183' title='bbox 540 3555 774 3638; x_wconf 88' lang='lat' dir='ltr'>vulpes</span> <span class='ocrx_word' id='word_1_184' title='bbox 834 3555 1139 3638; x_wconf 90' lang='lat' dir='ltr'>parvulas</span> <span class='ocrx_word' id='word_1_185' title='bbox 1199 3575 1364 3642; x_wconf 26' lang='lat' dir='ltr'>que·</span> 
     </span>
    </p>
   </div>
   <div class='ocr_carea' id='block_1_5' title="bbox 121 3643 1331 4343">
    <p class='ocr_par' dir='ltr' id='par_1_5' title="bbox 121 3643 1331 4343">
     <span class='ocr_line' id='line_1_39' title="bbox 129 3643 1331 3709; baseline 0.002 -3"><span class='ocrx_word' id='word_1_186' title='bbox 129 3643 580 3709; x_wconf 88' lang='lat' dir='ltr'>demoliuntur</span> <span class='ocrx_word' id='word_1_187' title='bbox 622 3645 886 3708; x_wconf 87' lang='lat' dir='ltr'>vineas:</span> <span class='ocrx_word' id='word_1_188' title='bbox 934 3664 1090 3707; x_wconf 91' lang='lat' dir='ltr'>nam</span> <span class='ocrx_word' id='word_1_189' title='bbox 1136 3644 1331 3708; x_wconf 90' lang='lat' dir='ltr'>vinea</span> 
     </span>
     <span class='ocr_line' id='line_1_40' title="bbox 129 3731 1330 3798; baseline 0.002 -4"><span class='ocrx_word' id='word_1_190' title='bbox 129 3741 347 3797; x_wconf 89' lang='lat' dir='ltr'>nostra</span> <span class='ocrx_word' id='word_1_191' title='bbox 426 3733 667 3798; x_wconf 86' lang='lat' dir='ltr'>floruit.</span> <span class='ocrx_word' id='word_1_192' title='bbox 803 3731 962 3796; x_wconf 87' lang='lat' dir='ltr'>Vox</span> <span class='ocrx_word' id='word_1_193' title='bbox 1039 3731 1330 3796; x_wconf 89' lang='lat' dir='ltr'>ecclesie.</span> 
     </span>
     <span class='ocr_line' id='line_1_41' title="bbox 129 3817 1331 3902; baseline 0.002 -20"><span class='ocrx_word' id='word_1_194' title='bbox 129 3817 424 3886; x_wconf 85' lang='lat' dir='ltr'>Dilectus</span> <span class='ocrx_word' id='word_1_195' title='bbox 459 3841 649 3884; x_wconf 88' lang='lat' dir='ltr'>meus</span> <span class='ocrx_word' id='word_1_196' title='bbox 681 3820 842 3884; x_wconf 91' lang='lat' dir='ltr'>mihi</span> <span class='ocrx_word' id='word_1_197' title='bbox 897 3827 964 3883; x_wconf 91' lang='lat' dir='ltr'>et</span> <span class='ocrx_word' id='word_1_198' title='bbox 1017 3840 1144 3902; x_wconf 87' lang='lat' dir='ltr'>ego</span> <span class='ocrx_word' id='word_1_199' title='bbox 1189 3819 1282 3884; x_wconf 91' lang='lat' dir='ltr'>illi</span> <span class='ocrx_word' id='word_1_200' title='bbox 1314 3839 1331 3883; x_wconf 71' lang='grc' dir='ltr'><strong>ε</strong></span> 
     </span>
     <span class='ocr_line' id='line_1_42' title="bbox 125 3908 1331 3992; baseline 0.002 -22"><span class='ocrx_word' id='word_1_201' title='bbox 125 3909 232 3990; x_wconf 91' lang='lat' dir='ltr'>qui</span> <span class='ocrx_word' id='word_1_202' title='bbox 263 3911 564 3992; x_wconf 88' lang='lat' dir='ltr'>pascitur</span> <span class='ocrx_word' id='word_1_203' title='bbox 595 3911 766 3972; x_wconf 87' lang='lat' dir='ltr'>inter</span> <span class='ocrx_word' id='word_1_204' title='bbox 794 3909 932 3972; x_wconf 87' lang='lat' dir='ltr'>lilia</span> <span class='ocrx_word' id='word_1_205' title='bbox 983 3908 1196 3972; x_wconf 92' lang='lat' dir='ltr'>donec</span> <span class='ocrx_word' id='word_1_206' title='bbox 1226 3929 1331 3972; x_wconf 89' lang='lat' dir='ltr'>as·</span> 
     </span>
     <span class='ocr_line' id='line_1_43' title="bbox 123 3996 1330 4082; baseline 0.002 -24"><span class='ocrx_word' id='word_1_207' title='bbox 123 3996 324 4076; x_wconf 77' lang='lat' dir='ltr'>piret²</span> <span class='ocrx_word' id='word_1_208' title='bbox 353 3999 542 4062; x_wconf 89' lang='lat' dir='ltr'>dies:</span> <span class='ocrx_word' id='word_1_209' title='bbox 568 4007 636 4061; x_wconf 95' lang='lat' dir='ltr'>et</span> <span class='ocrx_word' id='word_1_210' title='bbox 653 3997 1050 4082; x_wconf 85' lang='lat' dir='ltr'>inclinentur</span> <span class='ocrx_word' id='word_1_211' title='bbox 1079 3997 1330 4061; x_wconf 90' lang='lat' dir='ltr'>umbre.</span> 
     </span>
     <span class='ocr_line' id='line_1_44' title="bbox 127 4083 1328 4150; baseline 0.002 -4"><span class='ocrx_word' id='word_1_212' title='bbox 127 4083 490 4149; x_wconf 90' lang='lat' dir='ltr'>Revertere</span> <span class='ocrx_word' id='word_1_213' title='bbox 522 4085 756 4150; x_wconf 90' lang='lat' dir='ltr'>similis</span> <span class='ocrx_word' id='word_1_214' title='bbox 786 4094 932 4148; x_wconf 89' lang='lat' dir='ltr'>esto</span> <span class='ocrx_word' id='word_1_215' title='bbox 960 4084 1206 4149; x_wconf 91' lang='lat' dir='ltr'>dilecte</span> <span class='ocrx_word' id='word_1_216' title='bbox 1239 4085 1328 4149; x_wconf 93' lang='lat' dir='ltr'>mi</span> 
     </span>
     <span class='ocr_line' id='line_1_45' title="bbox 121 4173 1326 4255; baseline 0.003 -19"><span class='ocrx_word' id='word_1_217' title='bbox 121 4191 355 4255; x_wconf 87' lang='lat' dir='ltr'>capree</span> <span class='ocrx_word' id='word_1_218' title='bbox 434 4181 556 4238; x_wconf 88' lang='lat' dir='ltr'>aut</span> <span class='ocrx_word' id='word_1_219' title='bbox 637 4173 911 4238; x_wconf 89' lang='lat' dir='ltr'>hinnulo</span> <span class='ocrx_word' id='word_1_220' title='bbox 986 4192 1326 4240; x_wconf 83' lang='lat' dir='ltr'>cervorum</span> 
     </span>
     <span class='ocr_line' id='line_1_46' title="bbox 123 4261 1327 4343; baseline 0.005 -21"><span class='ocrx_word' id='word_1_221' title='bbox 123 4279 317 4342; x_wconf 88' lang='lat' dir='ltr'>super</span> <span class='ocrx_word' id='word_1_222' title='bbox 349 4270 620 4326; x_wconf 87' lang='lat' dir='ltr'>montes</span> <span class='ocrx_word' id='word_1_223' title='bbox 650 4261 892 4326; x_wconf 88' lang='lat' dir='ltr'>bethel.</span> <span class='ocrx_word' id='word_1_224' title='bbox 1011 4262 1226 4326; x_wconf 81' lang='lat' dir='ltr'>Lectio</span> <span class='ocrx_word' id='word_1_225' title='bbox 1258 4262 1327 4343; x_wconf 87' lang='lat' dir='ltr'>ij.</span> 
     </span>
    </p>
   </div>
   <div class='ocr_carea' id='block_1_6' title="bbox 495 4397 992 4527">
    <p class='ocr_par' dir='ltr' id='par_1_6' title="bbox 495 4397 992 4527">
     <span class='ocr_line' id='line_1_47' title="bbox 497 4397 992 4460; baseline 0.006 -14"><span class='ocrx_word' id='word_1_226' title='bbox 497 4398 512 4428; x_wconf 87' lang='lat'>¹</span> <span class='ocrx_word' id='word_1_227' title='bbox 549 4397 756 4460; x_wconf 84' lang='lat' dir='ltr'>hyems:</span> <span class='ocrx_word' id='word_1_228' title='bbox 795 4397 992 4449; x_wconf 90' lang='lat' dir='ltr'>R.N.S.</span> 
     </span>
     <span class='ocr_line' id='line_1_48' title="bbox 495 4463 917 4527; baseline 0.005 -15"><span class='ocrx_word' id='word_1_229' title='bbox 495 4464 516 4493; x_wconf 86' lang='lat'>²</span> <span class='ocrx_word' id='word_1_230' title='bbox 550 4465 789 4527; x_wconf 79' lang='lat' dir='ltr'>aspiceret</span> <span class='ocrx_word' id='word_1_231' title='bbox 816 4482 828 4514; x_wconf 90' lang='lat'><strong>:</strong></span> <span class='ocrx_word' id='word_1_232' title='bbox 865 4463 917 4514; x_wconf 92' lang='lat' dir='ltr'>S.</span> 
     </span>
    </p>
   </div>
   <div class='ocr_carea' id='block_1_7' title="bbox 1941 375 2093 431">
    <p class='ocr_par' dir='ltr' id='par_1_7' title="bbox 1941 375 2093 431">
     <span class='ocr_line' id='line_1_49' title="bbox 1941 375 2093 431; baseline 0.013 -3"><span class='ocrx_word' id='word_1_233' title='bbox 1941 375 2093 431; x_wconf 72' lang='lat'>348</span> 
     </span>
    </p>
   </div>
   <div class='ocr_carea' id='block_1_8' title="bbox 1427 479 2637 4513">
    <p class='ocr_par' dir='ltr' id='par_1_8' title="bbox 1598 479 2634 564">
     <span class='ocr_line' id='line_1_50' title="bbox 1598 479 2634 564; baseline 0.002 -21"><span class='ocrx_word' id='word_1_234' title='bbox 1598 501 1693 544; x_wconf 86' lang='lat' dir='ltr'>ox</span> <span class='ocrx_word' id='word_1_235' title='bbox 1742 481 2019 545; x_wconf 84' lang='lat' dir='ltr'>ecclesie</span> <span class='ocrx_word' id='word_1_236' title='bbox 2066 479 2275 544; x_wconf 87' lang='lat' dir='ltr'>electe</span> <span class='ocrx_word' id='word_1_237' title='bbox 2305 480 2391 545; x_wconf 88' lang='lat' dir='ltr'>de</span> <span class='ocrx_word' id='word_1_238' title='bbox 2420 481 2634 564; x_wconf 88' lang='lat' dir='ltr'>genti-</span> 
     </span>
    </p>

    <p class='ocr_par' dir='ltr' id='par_1_9' title="bbox 1429 569 2636 1355">
     <span class='ocr_line' id='line_1_51' title="bbox 1570 569 2636 651; baseline 0 -19"><span class='ocrx_word' id='word_1_239' title='bbox 1570 569 1712 632; x_wconf 79' lang='lat' dir='ltr'>buS.</span> <span class='ocrx_word' id='word_1_240' title='bbox 1851 569 1933 632; x_wconf 91' lang='lat' dir='ltr'>In</span> <span class='ocrx_word' id='word_1_241' title='bbox 1992 569 2237 634; x_wconf 88' lang='lat' dir='ltr'>lectulo</span> <span class='ocrx_word' id='word_1_242' title='bbox 2296 589 2451 632; x_wconf 90' lang='lat' dir='ltr'>meo</span> <span class='ocrx_word' id='word_1_243' title='bbox 2517 589 2636 651; x_wconf 89' lang='lat' dir='ltr'>per</span> 
     </span>
     <span class='ocr_line' id='line_1_52' title="bbox 1433 656 2635 740; baseline 0 -20"><span class='ocrx_word' id='word_1_244' title='bbox 1433 665 1663 720; x_wconf 88' lang='lat' dir='ltr'>noctes</span> <span class='ocrx_word' id='word_1_245' title='bbox 1692 657 1945 740; x_wconf 88' lang='lat' dir='ltr'>quesivi</span> <span class='ocrx_word' id='word_1_246' title='bbox 1991 678 2191 738; x_wconf 91' lang='lat' dir='ltr'>quem</span> <span class='ocrx_word' id='word_1_247' title='bbox 2239 656 2455 739; x_wconf 83' lang='lat' dir='ltr'>diligit</span> <span class='ocrx_word' id='word_1_248' title='bbox 2494 659 2635 720; x_wconf 88' lang='lat' dir='ltr'>ani-</span> 
     </span>
     <span class='ocr_line' id='line_1_53' title="bbox 1431 745 2632 825; baseline 0.002 -19"><span class='ocrx_word' id='word_1_249' title='bbox 1431 765 1544 807; x_wconf 83' lang='lat' dir='ltr'>ma</span> <span class='ocrx_word' id='word_1_250' title='bbox 1598 765 1789 808; x_wconf 86' lang='lat' dir='ltr'>mea:</span> <span class='ocrx_word' id='word_1_251' title='bbox 1835 746 2089 825; x_wconf 88' lang='lat' dir='ltr'>quesivi</span> <span class='ocrx_word' id='word_1_252' title='bbox 2121 745 2307 808; x_wconf 91' lang='lat' dir='ltr'>illum</span> <span class='ocrx_word' id='word_1_253' title='bbox 2338 767 2351 808; x_wconf 73' lang='grc' dir='ltr'><em>τ</em></span> <span class='ocrx_word' id='word_1_254' title='bbox 2398 755 2467 808; x_wconf 90' lang='lat' dir='ltr'>et</span> <span class='ocrx_word' id='word_1_255' title='bbox 2496 765 2632 808; x_wconf 92' lang='lat' dir='ltr'>non</span> 
     </span>
     <span class='ocr_line' id='line_1_54' title="bbox 1431 832 2636 915; baseline 0.002 -21"><span class='ocrx_word' id='word_1_256' title='bbox 1431 833 1665 896; x_wconf 90' lang='lat' dir='ltr'>inveni.</span> <span class='ocrx_word' id='word_1_257' title='bbox 1745 832 2027 915; x_wconf 83' lang='lat' dir='ltr'>Surgam</span> <span class='ocrx_word' id='word_1_258' title='bbox 2060 841 2127 896; x_wconf 88' lang='lat' dir='ltr'>et</span> <span class='ocrx_word' id='word_1_259' title='bbox 2158 833 2447 896; x_wconf 90' lang='lat' dir='ltr'>circuibo</span> <span class='ocrx_word' id='word_1_260' title='bbox 2478 833 2636 896; x_wconf 89' lang='lat' dir='ltr'>civi-</span> 
     </span>
     <span class='ocr_line' id='line_1_55' title="bbox 1429 920 2633 1003; baseline 0 -19"><span class='ocrx_word' id='word_1_261' title='bbox 1429 929 1641 984; x_wconf 86' lang='lat' dir='ltr'>tatem</span> <span class='ocrx_word' id='word_1_262' title='bbox 1696 940 1813 1003; x_wconf 85' lang='lat' dir='ltr'>per</span> <span class='ocrx_word' id='word_1_263' title='bbox 1862 922 2045 984; x_wconf 91' lang='lat' dir='ltr'>vicos</span> <span class='ocrx_word' id='word_1_264' title='bbox 2074 931 2143 984; x_wconf 90' lang='lat' dir='ltr'>et</span> <span class='ocrx_word' id='word_1_265' title='bbox 2173 920 2430 1002; x_wconf 84' lang='lat' dir='ltr'>plateas</span> <span class='ocrx_word' id='word_1_266' title='bbox 2471 940 2633 1003; x_wconf 89' lang='lat' dir='ltr'>que-</span> 
     </span>
     <span class='ocr_line' id='line_1_56' title="bbox 1431 1009 2630 1090; baseline 0 -18"><span class='ocrx_word' id='word_1_267' title='bbox 1431 1029 1573 1072; x_wconf 88' lang='lat' dir='ltr'>ram</span> <span class='ocrx_word' id='word_1_268' title='bbox 1635 1029 1835 1089; x_wconf 88' lang='lat' dir='ltr'>quem</span> <span class='ocrx_word' id='word_1_269' title='bbox 1888 1009 2105 1090; x_wconf 87' lang='lat' dir='ltr'>diligit</span> <span class='ocrx_word' id='word_1_270' title='bbox 2152 1009 2377 1073; x_wconf 88' lang='lat' dir='ltr'>anima</span> <span class='ocrx_word' id='word_1_271' title='bbox 2428 1028 2630 1072; x_wconf 89' lang='lat' dir='ltr'>mea:</span> 
     </span>
     <span class='ocr_line' id='line_1_57' title="bbox 1431 1096 2631 1178; baseline 0 -19"><span class='ocrx_word' id='word_1_272' title='bbox 1431 1097 1685 1178; x_wconf 88' lang='lat' dir='ltr'>quesivi</span> <span class='ocrx_word' id='word_1_273' title='bbox 1717 1097 1905 1160; x_wconf 88' lang='lat' dir='ltr'>illum</span> <span class='ocrx_word' id='word_1_274' title='bbox 1936 1105 2003 1160; x_wconf 91' lang='lat' dir='ltr'>et</span> <span class='ocrx_word' id='word_1_275' title='bbox 2036 1116 2169 1160; x_wconf 90' lang='lat' dir='ltr'>non</span> <span class='ocrx_word' id='word_1_276' title='bbox 2200 1097 2437 1160; x_wconf 89' lang='lat' dir='ltr'>inveni.</span> <span class='ocrx_word' id='word_1_277' title='bbox 2516 1096 2631 1160; x_wconf 89' lang='lat' dir='ltr'>In-</span> 
     </span>
     <span class='ocr_line' id='line_1_58' title="bbox 1431 1185 2633 1266; baseline 0.002 -20"><span class='ocrx_word' id='word_1_278' title='bbox 1431 1193 1755 1248; x_wconf 84' lang='lat' dir='ltr'>venerunt</span> <span class='ocrx_word' id='word_1_279' title='bbox 1788 1204 1895 1248; x_wconf 88' lang='lat' dir='ltr'>me</span> <span class='ocrx_word' id='word_1_280' title='bbox 1939 1185 2217 1266; x_wconf 87' lang='lat' dir='ltr'>vigiles:</span> <span class='ocrx_word' id='word_1_281' title='bbox 2268 1185 2382 1266; x_wconf 92' lang='lat' dir='ltr'>qui</span> <span class='ocrx_word' id='word_1_282' title='bbox 2410 1194 2633 1248; x_wconf 91' lang='lat' dir='ltr'>custo-</span> 
     </span>
     <span class='ocr_line' id='line_1_59' title="bbox 1431 1272 2631 1355; baseline 0.001 -19"><span class='ocrx_word' id='word_1_283' title='bbox 1431 1273 1625 1336; x_wconf 88' lang='lat' dir='ltr'>diunt</span> <span class='ocrx_word' id='word_1_284' title='bbox 1657 1274 2013 1336; x_wconf 88' lang='lat' dir='ltr'>civitatem.</span> <span class='ocrx_word' id='word_1_285' title='bbox 2289 1272 2503 1334; x_wconf 81' lang='lat' dir='ltr'>Lectio</span> <span class='ocrx_word' id='word_1_286' title='bbox 2533 1272 2631 1355; x_wconf 81' lang='lat' dir='ltr'>iij.</span> 
     </span>
    </p>

    <p class='ocr_par' dir='ltr' id='par_1_10' title="bbox 1582 1360 2631 1425">
     <span class='ocr_line' id='line_1_60' title="bbox 1582 1360 2631 1425; baseline -0.002 -1"><span class='ocrx_word' id='word_1_287' title='bbox 1582 1360 1818 1424; x_wconf 89' lang='lat' dir='ltr'>eclesia</span> <span class='ocrx_word' id='word_1_288' title='bbox 1836 1361 1921 1423; x_wconf 94' lang='lat' dir='ltr'>de</span> <span class='ocrx_word' id='word_1_289' title='bbox 1941 1360 2205 1425; x_wconf 89' lang='lat' dir='ltr'>Cliristo</span> <span class='ocrx_word' id='word_1_290' title='bbox 2225 1360 2400 1424; x_wconf 88' lang='lat' dir='ltr'>dicit.</span> <span class='ocrx_word' id='word_1_291' title='bbox 2447 1360 2631 1422; x_wconf 89' lang='lat' dir='ltr'>Num</span> 
     </span>
    </p>

    <p class='ocr_par' dir='ltr' id='par_1_11' title="bbox 1427 1448 2633 2231">
     <span class='ocr_line' id='line_1_61' title="bbox 1582 1448 2631 1530; baseline -0.001 -19"><span class='ocrx_word' id='word_1_292' title='bbox 1582 1469 1784 1530; x_wconf 89' lang='lat' dir='ltr'>quem</span> <span class='ocrx_word' id='word_1_293' title='bbox 1843 1448 2135 1511; x_wconf 80' lang='lat' dir='ltr'>dilexit⁸</span> <span class='ocrx_word' id='word_1_294' title='bbox 2192 1448 2417 1510; x_wconf 87' lang='lat' dir='ltr'>anima</span> <span class='ocrx_word' id='word_1_295' title='bbox 2478 1467 2631 1510; x_wconf 89' lang='lat' dir='ltr'>mea</span> 
     </span>
     <span class='ocr_line' id='line_1_62' title="bbox 1429 1535 2633 1600; baseline -0.002 -1"><span class='ocrx_word' id='word_1_296' title='bbox 1429 1535 1734 1600; x_wconf 85' lang='lat' dir='ltr'>vidistis?</span> <span class='ocrx_word' id='word_1_297' title='bbox 1800 1536 2143 1600; x_wconf 90' lang='lat' dir='ltr'>Paululum</span> <span class='ocrx_word' id='word_1_298' title='bbox 2174 1555 2328 1598; x_wconf 91' lang='lat' dir='ltr'>cum</span> <span class='ocrx_word' id='word_1_299' title='bbox 2360 1535 2633 1598; x_wconf 88' lang='lat' dir='ltr'>transis-</span> 
     </span>
     <span class='ocr_line' id='line_1_63' title="bbox 1429 1623 2629 1705; baseline 0 -19"><span class='ocrx_word' id='word_1_300' title='bbox 1429 1643 1573 1686; x_wconf 89' lang='lat' dir='ltr'>sem</span> <span class='ocrx_word' id='word_1_301' title='bbox 1634 1643 1792 1688; x_wconf 86' lang='lat' dir='ltr'>eos:</span> <span class='ocrx_word' id='word_1_302' title='bbox 1852 1624 2073 1687; x_wconf 89' lang='lat' dir='ltr'>inveni</span> <span class='ocrx_word' id='word_1_303' title='bbox 2134 1643 2333 1705; x_wconf 89' lang='lat' dir='ltr'>quem</span> <span class='ocrx_word' id='word_1_304' title='bbox 2409 1623 2629 1704; x_wconf 87' lang='lat' dir='ltr'>diligit</span> 
     </span>
     <span class='ocr_line' id='line_1_64' title="bbox 1429 1710 2629 1777; baseline -0.001 -3"><span class='ocrx_word' id='word_1_305' title='bbox 1429 1712 1656 1776; x_wconf 87' lang='lat' dir='ltr'>anima</span> <span class='ocrx_word' id='word_1_306' title='bbox 1716 1731 1883 1777; x_wconf 89' lang='lat' dir='ltr'>mea.</span> <span class='ocrx_word' id='word_1_307' title='bbox 1999 1711 2217 1775; x_wconf 88' lang='lat' dir='ltr'>Tenui</span> <span class='ocrx_word' id='word_1_308' title='bbox 2254 1710 2441 1774; x_wconf 87' lang='lat' dir='ltr'>eam⁴</span> <span class='ocrx_word' id='word_1_309' title='bbox 2504 1730 2629 1774; x_wconf 87' lang='lat' dir='ltr'>nec</span> 
     </span>
     <span class='ocr_line' id='line_1_65' title="bbox 1428 1798 2629 1864; baseline -0.002 -1"><span class='ocrx_word' id='word_1_310' title='bbox 1428 1798 1767 1863; x_wconf 84' lang='lat' dir='ltr'>dimittam</span> <span class='ocrx_word' id='word_1_311' title='bbox 1818 1821 1833 1864; x_wconf 75' lang='grc' dir='ltr'><strong><em>ε</em></strong></span> <span class='ocrx_word' id='word_1_312' title='bbox 1924 1800 2137 1864; x_wconf 86' lang='lat' dir='ltr'>donec</span> <span class='ocrx_word' id='word_1_313' title='bbox 2212 1798 2629 1862; x_wconf 86' lang='lat' dir='ltr'>introducam</span> 
     </span>
     <span class='ocr_line' id='line_1_66' title="bbox 1427 1886 2631 1953; baseline -0.001 -3"><span class='ocrx_word' id='word_1_314' title='bbox 1427 1886 1617 1950; x_wconf 89' lang='lat' dir='ltr'>illum</span> <span class='ocrx_word' id='word_1_315' title='bbox 1642 1887 1711 1950; x_wconf 86' lang='lat' dir='ltr'>in</span> <span class='ocrx_word' id='word_1_316' title='bbox 1741 1890 2017 1953; x_wconf 88' lang='lat' dir='ltr'>domum</span> <span class='ocrx_word' id='word_1_317' title='bbox 2049 1888 2282 1952; x_wconf 87' lang='lat' dir='ltr'>matris</span> <span class='ocrx_word' id='word_1_318' title='bbox 2324 1906 2514 1950; x_wconf 91' lang='lat' dir='ltr'>mee:</span> <span class='ocrx_word' id='word_1_319' title='bbox 2560 1894 2631 1950; x_wconf 89' lang='lat' dir='ltr'>et</span> 
     </span>
     <span class='ocr_line' id='line_1_67' title="bbox 1430 1975 2465 2058; baseline 0 -20"><span class='ocrx_word' id='word_1_320' title='bbox 1430 1975 1494 2038; x_wconf 87' lang='lat' dir='ltr'>in</span> <span class='ocrx_word' id='word_1_321' title='bbox 1529 1976 1905 2040; x_wconf 90' lang='lat' dir='ltr'>cubiculum</span> <span class='ocrx_word' id='word_1_322' title='bbox 1937 1976 2273 2058; x_wconf 88' lang='lat' dir='ltr'>genitricis</span> <span class='ocrx_word' id='word_1_323' title='bbox 2304 1994 2465 2038; x_wconf 91' lang='lat' dir='ltr'>mee.</span> 
     </span>
     <span class='ocr_line' id='line_1_68' title="bbox 1431 2063 2631 2145; baseline -0.004 -17"><span class='ocrx_word' id='word_1_324' title='bbox 1431 2067 1494 2141; x_wconf 56' lang='grc' dir='ltr'>ΕΙ</span> <span class='ocrx_word' id='word_1_325' title='bbox 1544 2063 1829 2144; x_wconf 82' lang='lat' dir='ltr'>Septimo</span> <span class='ocrx_word' id='word_1_326' title='bbox 1857 2064 1965 2128; x_wconf 88' lang='lat' dir='ltr'>die</span> <span class='ocrx_word' id='word_1_327' title='bbox 1990 2063 2177 2145; x_wconf 75' lang='lat' dir='ltr'>infra</span> <span class='ocrx_word' id='word_1_328' title='bbox 2216 2063 2631 2126; x_wconf 82' lang='lat' dir='ltr'>nativitatem</span> 
     </span>
     <span class='ocr_line' id='line_1_69' title="bbox 1427 2147 2631 2231; baseline -0.003 -15"><span class='ocrx_word' id='word_1_329' title='bbox 1427 2150 1603 2216; x_wconf 85' lang='lat' dir='ltr'>beate</span> <span class='ocrx_word' id='word_1_330' title='bbox 1626 2152 1851 2216; x_wconf 85' lang='lat' dir='ltr'>marie.</span> <span class='ocrx_word' id='word_1_331' title='bbox 2343 2150 2559 2212; x_wconf 88' lang='lat' dir='ltr'>Lectio</span> <span class='ocrx_word' id='word_1_332' title='bbox 2566 2147 2631 2231; x_wconf 88' lang='lat' dir='ltr'>j.</span> 
     </span>
    </p>

    <p class='ocr_par' dir='ltr' id='par_1_12' title="bbox 1597 2237 2627 2322">
     <span class='ocr_line' id='line_1_70' title="bbox 1597 2237 2627 2322; baseline -0.002 -20"><span class='ocrx_word' id='word_1_333' title='bbox 1597 2260 1689 2302; x_wconf 84' lang='lat' dir='ltr'>ox</span> <span class='ocrx_word' id='word_1_334' title='bbox 1760 2240 2081 2322; x_wconf 84' lang='lat' dir='ltr'>sinagoge</span> <span class='ocrx_word' id='word_1_335' title='bbox 2172 2241 2260 2303; x_wconf 92' lang='lat' dir='ltr'>de</span> <span class='ocrx_word' id='word_1_336' title='bbox 2334 2237 2627 2301; x_wconf 89' lang='lat' dir='ltr'>ecclesia.</span> 
     </span>
    </p>

    <p class='ocr_par' dir='ltr' id='par_1_13' title="bbox 1429 2325 2630 3078">
     <span class='ocr_line' id='line_1_71' title="bbox 1598 2325 2628 2410; baseline -0.003 -19"><span class='ocrx_word' id='word_1_337' title='bbox 1598 2327 1750 2410; x_wconf 83' lang='lat' dir='ltr'>Que</span> <span class='ocrx_word' id='word_1_338' title='bbox 1802 2337 1905 2391; x_wconf 92' lang='lat' dir='ltr'>est</span> <span class='ocrx_word' id='word_1_339' title='bbox 1954 2327 2080 2391; x_wconf 90' lang='lat' dir='ltr'>ista</span> <span class='ocrx_word' id='word_1_340' title='bbox 2140 2347 2271 2408; x_wconf 91' lang='lat' dir='ltr'>que</span> <span class='ocrx_word' id='word_1_341' title='bbox 2330 2325 2628 2390; x_wconf 84' lang='lat' dir='ltr'>ascendit</span> 
     </span>
     <span class='ocr_line' id='line_1_72' title="bbox 1431 2412 2627 2497; baseline -0.003 -18"><span class='ocrx_word' id='word_1_342' title='bbox 1431 2435 1548 2497; x_wconf 92' lang='lat' dir='ltr'>per</span> <span class='ocrx_word' id='word_1_343' title='bbox 1578 2415 1915 2479; x_wconf 88' lang='lat' dir='ltr'>desertum</span> <span class='ocrx_word' id='word_1_344' title='bbox 1961 2415 2131 2478; x_wconf 88' lang='lat' dir='ltr'>sicut</span> <span class='ocrx_word' id='word_1_345' title='bbox 2175 2413 2432 2496; x_wconf 88' lang='lat' dir='ltr'>virgula</span> <span class='ocrx_word' id='word_1_346' title='bbox 2462 2412 2627 2476; x_wconf 87' lang='lat' dir='ltr'>fumi</span> 
     </span>
     <span class='ocr_line' id='line_1_73' title="bbox 1431 2500 2629 2584; baseline -0.003 -18"><span class='ocrx_word' id='word_1_347' title='bbox 1431 2523 1520 2566; x_wconf 86' lang='lat' dir='ltr'>ex</span> <span class='ocrx_word' id='word_1_348' title='bbox 1574 2504 1981 2566; x_wconf 88' lang='lat' dir='ltr'>aromatibus</span> <span class='ocrx_word' id='word_1_349' title='bbox 2033 2523 2249 2584; x_wconf 87' lang='lat' dir='ltr'>myrre</span> <span class='ocrx_word' id='word_1_350' title='bbox 2303 2511 2371 2565; x_wconf 91' lang='lat' dir='ltr'>et</span> <span class='ocrx_word' id='word_1_351' title='bbox 2418 2500 2629 2564; x_wconf 89' lang='lat' dir='ltr'>thuris</span> 
     </span>
     <span class='ocr_line' id='line_1_74' title="bbox 1431 2589 2629 2673; baseline -0.002 -19"><span class='ocrx_word' id='word_1_352' title='bbox 1431 2601 1499 2654; x_wconf 90' lang='lat' dir='ltr'>et</span> <span class='ocrx_word' id='word_1_353' title='bbox 1549 2592 1829 2654; x_wconf 88' lang='lat' dir='ltr'>universi</span> <span class='ocrx_word' id='word_1_354' title='bbox 1875 2590 2159 2672; x_wconf 87' lang='lat' dir='ltr'>pulveris</span> <span class='ocrx_word' id='word_1_355' title='bbox 2190 2589 2629 2673; x_wconf 88' lang='lat' dir='ltr'>pigmentarii.</span> 
     </span>
     <span class='ocr_line' id='line_1_75' title="bbox 1430 2676 2630 2744; baseline -0.005 0"><span class='ocrx_word' id='word_1_356' title='bbox 1430 2679 1590 2744; x_wconf 84' lang='lat' dir='ltr'>Vox</span> <span class='ocrx_word' id='word_1_357' title='bbox 1622 2679 1911 2742; x_wconf 88' lang='lat' dir='ltr'>ecclesie.</span> <span class='ocrx_word' id='word_1_358' title='bbox 1979 2679 2083 2742; x_wconf 89' lang='lat' dir='ltr'>En</span> <span class='ocrx_word' id='word_1_359' title='bbox 2116 2678 2429 2742; x_wconf 90' lang='lat' dir='ltr'>lectulum</span> <span class='ocrx_word' id='word_1_360' title='bbox 2456 2676 2630 2739; x_wconf 89' lang='lat' dir='ltr'>salo-</span> 
     </span>
     <span class='ocr_line' id='line_1_76' title="bbox 1430 2765 2629 2848; baseline -0.003 -17"><span class='ocrx_word' id='word_1_361' title='bbox 1430 2769 1649 2831; x_wconf 91' lang='lat' dir='ltr'>monis</span> <span class='ocrx_word' id='word_1_362' title='bbox 1678 2766 2033 2848; x_wconf 88' lang='lat' dir='ltr'>sexaginta</span> <span class='ocrx_word' id='word_1_363' title='bbox 2052 2803 2060 2810; x_wconf 91' lang='lat'><strong>·</strong></span> <span class='ocrx_word' id='word_1_364' title='bbox 2079 2765 2279 2829; x_wconf 87' lang='lat' dir='ltr'>fortes</span> <span class='ocrx_word' id='word_1_365' title='bbox 2325 2765 2629 2828; x_wconf 84' lang='lat' dir='ltr'>ambiunt</span> 
     </span>
     <span class='ocr_line' id='line_1_77' title="bbox 1429 2852 2629 2933; baseline -0.004 -15"><span class='ocrx_word' id='word_1_366' title='bbox 1429 2875 1518 2918; x_wconf 85' lang='lat' dir='ltr'>ex</span> <span class='ocrx_word' id='word_1_367' title='bbox 1551 2855 1925 2917; x_wconf 87' lang='lat' dir='ltr'>fortissimis</span> <span class='ocrx_word' id='word_1_368' title='bbox 1957 2853 2163 2917; x_wconf 86' lang='lat' dir='ltr'>israel.</span> <span class='ocrx_word' id='word_1_369' title='bbox 2318 2852 2529 2915; x_wconf 87' lang='lat' dir='ltr'>Lectio</span> <span class='ocrx_word' id='word_1_370' title='bbox 2558 2852 2629 2933; x_wconf 74' lang='lat' dir='ltr'>ij.</span> 
     </span>
     <span class='ocr_line' id='line_1_78' title="bbox 1438 2940 2629 3078; baseline -0.001 -73"><span class='ocrx_word' id='word_1_371' title='bbox 1438 2945 1752 3078; x_wconf 81' lang='lat' dir='ltr'>Omnes</span> <span class='ocrx_word' id='word_1_372' title='bbox 1804 2941 2061 3021; x_wconf 90' lang='lat' dir='ltr'>gladios</span> <span class='ocrx_word' id='word_1_373' title='bbox 2106 2948 2411 3004; x_wconf 89' lang='lat' dir='ltr'>tenentes</span> <span class='ocrx_word' id='word_1_374' title='bbox 2442 2949 2509 3002; x_wconf 89' lang='lat' dir='ltr'>et</span> <span class='ocrx_word' id='word_1_375' title='bbox 2540 2940 2629 3004; x_wconf 91' lang='lat' dir='ltr'>ad</span> 
     </span>
    </p>

    <p class='ocr_par' dir='ltr' id='par_1_14' title="bbox 1427 3027 2633 3818">
     <span class='ocr_line' id='line_1_79' title="bbox 1566 3027 2631 3109; baseline -0.005 -16"><span class='ocrx_word' id='word_1_376' title='bbox 1566 3030 1739 3093; x_wconf 92' lang='lat' dir='ltr'>bella</span> <span class='ocrx_word' id='word_1_377' title='bbox 1769 3029 2131 3092; x_wconf 90' lang='lat' dir='ltr'>doctissimi</span> <span class='ocrx_word' id='word_1_378' title='bbox 2157 3049 2172 3091; x_wconf 74' lang='grc' dir='ltr'><strong><em>ε</em></strong></span> <span class='ocrx_word' id='word_1_379' title='bbox 2219 3027 2631 3109; x_wconf 88' lang='lat' dir='ltr'>uniuscujus-</span> 
     </span>
     <span class='ocr_line' id='line_1_80' title="bbox 1427 3115 2627 3200; baseline -0.004 -19"><span class='ocrx_word' id='word_1_380' title='bbox 1427 3139 1558 3200; x_wconf 89' lang='lat' dir='ltr'>que</span> <span class='ocrx_word' id='word_1_381' title='bbox 1633 3118 1809 3180; x_wconf 89' lang='lat' dir='ltr'>ensis</span> <span class='ocrx_word' id='word_1_382' title='bbox 1890 3137 2089 3198; x_wconf 88' lang='lat' dir='ltr'>super</span> <span class='ocrx_word' id='word_1_383' title='bbox 2156 3115 2369 3178; x_wconf 86' lang='lat' dir='ltr'>femur</span> <span class='ocrx_word' id='word_1_384' title='bbox 2434 3133 2627 3178; x_wconf 89' lang='lat' dir='ltr'>suum</span> 
     </span>
     <span class='ocr_line' id='line_1_81' title="bbox 1428 3204 2630 3288; baseline -0.002 -19"><span class='ocrx_word' id='word_1_385' title='bbox 1428 3215 1701 3288; x_wconf 87' lang='lat' dir='ltr'>propter</span> <span class='ocrx_word' id='word_1_386' title='bbox 1740 3205 2010 3268; x_wconf 89' lang='lat' dir='ltr'>timores</span> <span class='ocrx_word' id='word_1_387' title='bbox 2056 3213 2430 3268; x_wconf 89' lang='lat' dir='ltr'>nocturnos.</span> <span class='ocrx_word' id='word_1_388' title='bbox 2524 3204 2630 3266; x_wconf 91' lang='lat' dir='ltr'>De</span> 
     </span>
     <span class='ocr_line' id='line_1_82' title="bbox 1427 3290 2631 3358; baseline -0.002 -1"><span class='ocrx_word' id='word_1_389' title='bbox 1427 3295 1707 3358; x_wconf 91' lang='lat' dir='ltr'>ecclesia</span> <span class='ocrx_word' id='word_1_390' title='bbox 1766 3293 1930 3356; x_wconf 91' lang='lat' dir='ltr'>dicit</span> <span class='ocrx_word' id='word_1_391' title='bbox 1968 3313 1984 3358; x_wconf 91' lang='lat'><strong>:</strong></span> <span class='ocrx_word' id='word_1_392' title='bbox 2063 3292 2413 3356; x_wconf 88' lang='lat' dir='ltr'>Ferculum</span> <span class='ocrx_word' id='word_1_393' title='bbox 2475 3290 2631 3354; x_wconf 87' lang='lat' dir='ltr'>fecit</span> 
     </span>
     <span class='ocr_line' id='line_1_83' title="bbox 1428 3379 2629 3463; baseline -0.003 -17"><span class='ocrx_word' id='word_1_394' title='bbox 1428 3382 1553 3446; x_wconf 90' lang='lat' dir='ltr'>sibi</span> <span class='ocrx_word' id='word_1_395' title='bbox 1588 3402 1708 3446; x_wconf 85' lang='lat' dir='ltr'>rex</span> <span class='ocrx_word' id='word_1_396' title='bbox 1728 3381 2031 3444; x_wconf 89' lang='lat' dir='ltr'>salomon</span> <span class='ocrx_word' id='word_1_397' title='bbox 2055 3383 2141 3445; x_wconf 93' lang='lat' dir='ltr'>de</span> <span class='ocrx_word' id='word_1_398' title='bbox 2161 3381 2359 3463; x_wconf 88' lang='lat' dir='ltr'>lignis</span> <span class='ocrx_word' id='word_1_399' title='bbox 2381 3379 2629 3462; x_wconf 88' lang='lat' dir='ltr'>lybani.</span> 
     </span>
     <span class='ocr_line' id='line_1_84' title="bbox 1431 3468 2633 3550; baseline -0.004 -15"><span class='ocrx_word' id='word_1_400' title='bbox 1431 3470 1795 3536; x_wconf 89' lang='lat' dir='ltr'>Columnas</span> <span class='ocrx_word' id='word_1_401' title='bbox 1856 3468 1999 3550; x_wconf 88' lang='lat' dir='ltr'>ejus</span> <span class='ocrx_word' id='word_1_402' title='bbox 2058 3469 2213 3532; x_wconf 86' lang='lat' dir='ltr'>fecit</span> <span class='ocrx_word' id='word_1_403' title='bbox 2286 3477 2633 3550; x_wconf 85' lang='lat' dir='ltr'>argenteas</span> 
     </span>
     <span class='ocr_line' id='line_1_85' title="bbox 1429 3557 2629 3624; baseline -0.003 -2"><span class='ocrx_word' id='word_1_404' title='bbox 1429 3557 1919 3624; x_wconf 87' lang='lat' dir='ltr'>reclinatorium</span> <span class='ocrx_word' id='word_1_405' title='bbox 1946 3577 2219 3620; x_wconf 90' lang='lat' dir='ltr'>aureum</span> <span class='ocrx_word' id='word_1_406' title='bbox 2249 3575 2629 3621; x_wconf 88' lang='lat' dir='ltr'>:ascensum</span> 
     </span>
     <span class='ocr_line' id='line_1_86' title="bbox 1430 3645 2631 3729; baseline -0.003 -19"><span class='ocrx_word' id='word_1_407' title='bbox 1430 3666 1833 3729; x_wconf 87' lang='lat' dir='ltr'>purpureum</span> <span class='ocrx_word' id='word_1_408' title='bbox 1866 3645 2089 3710; x_wconf 89' lang='lat' dir='ltr'>media</span> <span class='ocrx_word' id='word_1_409' title='bbox 2120 3645 2443 3709; x_wconf 90' lang='lat' dir='ltr'>charitate</span> <span class='ocrx_word' id='word_1_410' title='bbox 2473 3665 2631 3708; x_wconf 91' lang='lat' dir='ltr'>con-</span> 
     </span>
     <span class='ocr_line' id='line_1_87' title="bbox 1431 3730 2628 3818; baseline -0.003 -20"><span class='ocrx_word' id='word_1_411' title='bbox 1431 3736 1665 3800; x_wconf 91' lang='lat' dir='ltr'>stravit</span> <span class='ocrx_word' id='word_1_412' title='bbox 1718 3743 1990 3818; x_wconf 88' lang='lat' dir='ltr'>propter</span> <span class='ocrx_word' id='word_1_413' title='bbox 2018 3732 2186 3796; x_wconf 89' lang='lat' dir='ltr'>filias</span> <span class='ocrx_word' id='word_1_414' title='bbox 2218 3730 2628 3796; x_wconf 88' lang='lat' dir='ltr'>hierusalem.</span> 
     </span>
    </p>

    <p class='ocr_par' dir='ltr' id='par_1_15' title="bbox 1599 3819 2633 3902">
     <span class='ocr_line' id='line_1_88' title="bbox 1599 3819 2633 3902; baseline -0.005 -16"><span class='ocrx_word' id='word_1_415' title='bbox 1599 3844 1693 3886; x_wconf 88' lang='lat' dir='ltr'>ox</span> <span class='ocrx_word' id='word_1_416' title='bbox 1717 3821 1989 3887; x_wconf 89' lang='lat' dir='ltr'>ecclesie</span> <span class='ocrx_word' id='word_1_417' title='bbox 2008 3823 2093 3885; x_wconf 93' lang='lat' dir='ltr'>de</span> <span class='ocrx_word' id='word_1_418' title='bbox 2110 3821 2389 3886; x_wconf 89' lang='lat' dir='ltr'>Christ0.</span> <span class='ocrx_word' id='word_1_419' title='bbox 2420 3819 2519 3902; x_wconf 92' lang='lat' dir='ltr'>[L.</span> <span class='ocrx_word' id='word_1_420' title='bbox 2534 3819 2633 3900; x_wconf 89' lang='lat' dir='ltr'>iij.</span> 
     </span>
    </p>

    <p class='ocr_par' dir='ltr' id='par_1_16' title="bbox 1431 3905 2637 4341">
     <span class='ocr_line' id='line_1_89' title="bbox 1603 3905 2633 3994; baseline -0.007 -19"><span class='ocrx_word' id='word_1_421' title='bbox 1603 3910 2059 3994; x_wconf 88' lang='lat' dir='ltr'>Egredimini:</span> <span class='ocrx_word' id='word_1_422' title='bbox 2105 3916 2174 3971; x_wconf 88' lang='lat' dir='ltr'>et</span> <span class='ocrx_word' id='word_1_423' title='bbox 2225 3909 2447 3971; x_wconf 92' lang='lat' dir='ltr'>videte</span> <span class='ocrx_word' id='word_1_424' title='bbox 2498 3905 2633 3968; x_wconf 90' lang='lat' dir='ltr'>filie</span> 
     </span>
     <span class='ocr_line' id='line_1_90' title="bbox 1431 3993 2635 4082; baseline -0.009 -16"><span class='ocrx_word' id='word_1_425' title='bbox 1431 4020 1603 4082; x_wconf 88' lang='lat' dir='ltr'>syon</span> <span class='ocrx_word' id='word_1_426' title='bbox 1651 4019 1873 4080; x_wconf 87' lang='lat' dir='ltr'>regem</span> <span class='ocrx_word' id='word_1_427' title='bbox 1923 3997 2333 4062; x_wconf 88' lang='lat' dir='ltr'>salomonem</span> <span class='ocrx_word' id='word_1_428' title='bbox 2382 3995 2449 4056; x_wconf 89' lang='lat' dir='ltr'>in</span> <span class='ocrx_word' id='word_1_429' title='bbox 2492 3993 2635 4057; x_wconf 87' lang='lat' dir='ltr'>dia-</span> 
     </span>
     <span class='ocr_line' id='line_1_91' title="bbox 1432 4085 2637 4168; baseline -0.009 -15"><span class='ocrx_word' id='word_1_430' title='bbox 1432 4090 1699 4153; x_wconf 90' lang='lat' dir='ltr'>demate</span> <span class='ocrx_word' id='word_1_431' title='bbox 1729 4106 1864 4168; x_wconf 90' lang='lat' dir='ltr'>quo</span> <span class='ocrx_word' id='word_1_432' title='bbox 1888 4085 2227 4150; x_wconf 88' lang='lat' dir='ltr'>coronavit</span> <span class='ocrx_word' id='word_1_433' title='bbox 2244 4101 2397 4146; x_wconf 87' lang='lat' dir='ltr'>eum</span> <span class='ocrx_word' id='word_1_434' title='bbox 2423 4090 2637 4144; x_wconf 88' lang='lat' dir='ltr'>mater</span> 
     </span>
     <span class='ocr_line' id='line_1_92' title="bbox 1432 4169 2635 4255; baseline -0.008 -15"><span class='ocrx_word' id='word_1_435' title='bbox 1432 4197 1554 4240; x_wconf 89' lang='lat' dir='ltr'>sua</span> <span class='ocrx_word' id='word_1_436' title='bbox 1585 4177 1651 4238; x_wconf 88' lang='lat' dir='ltr'>in</span> <span class='ocrx_word' id='word_1_437' title='bbox 1684 4175 1791 4237; x_wconf 92' lang='lat' dir='ltr'>die</span> <span class='ocrx_word' id='word_1_438' title='bbox 1824 4171 2356 4255; x_wconf 90' lang='lat' dir='ltr'>desponsationis</span> <span class='ocrx_word' id='word_1_439' title='bbox 2410 4169 2583 4232; x_wconf 90' lang='lat' dir='ltr'>illius</span> <span class='ocrx_word' id='word_1_440' title='bbox 2618 4188 2635 4230; x_wconf 71' lang='grc' dir='ltr'>ι</span> 
     </span>
     <span class='ocr_line' id='line_1_93' title="bbox 1433 4258 2423 4341; baseline -0.006 -13"><span class='ocrx_word' id='word_1_441' title='bbox 1433 4273 1500 4328; x_wconf 90' lang='lat' dir='ltr'>et</span> <span class='ocrx_word' id='word_1_442' title='bbox 1531 4265 1598 4327; x_wconf 90' lang='lat' dir='ltr'>in</span> <span class='ocrx_word' id='word_1_443' title='bbox 1630 4263 1740 4328; x_wconf 91' lang='lat' dir='ltr'>die</span> <span class='ocrx_word' id='word_1_444' title='bbox 1770 4262 1986 4326; x_wconf 89' lang='lat' dir='ltr'>leticie</span> <span class='ocrx_word' id='word_1_445' title='bbox 2018 4259 2233 4324; x_wconf 89' lang='lat' dir='ltr'>cordis</span> <span class='ocrx_word' id='word_1_446' title='bbox 2263 4258 2423 4341; x_wconf 82' lang='lat' dir='ltr'>ejus,</span> 
     </span>
    </p>

    <p class='ocr_par' dir='ltr' id='par_1_17' title="bbox 1861 4395 2205 4513">
     <span class='ocr_line' id='line_1_94' title="bbox 1861 4395 2205 4458; baseline 0.009 -15"><span class='ocrx_word' id='word_1_447' title='bbox 1861 4397 1882 4425; x_wconf 88' lang='lat'><strong>·</strong></span> <span class='ocrx_word' id='word_1_448' title='bbox 1914 4395 2116 4458; x_wconf 79' lang='lat' dir='ltr'>diligit:</span> <span class='ocrx_word' id='word_1_449' title='bbox 2153 4395 2205 4446; x_wconf 90' lang='lat' dir='ltr'>S.</span> 
     </span>
     <span class='ocr_line' id='line_1_95' title="bbox 1865 4461 2158 4513; baseline -0.003 0"><span class='ocrx_word' id='word_1_450' title='bbox 1865 4464 1882 4492; x_wconf 81' lang='lat'><strong>⁴</strong></span> <span class='ocrx_word' id='word_1_451' title='bbox 1916 4477 2029 4513; x_wconf 85' lang='lat' dir='ltr'>eum</span> <span class='ocrx_word' id='word_1_452' title='bbox 2059 4480 2071 4512; x_wconf 76' lang='lat' dir='ltr'><strong><em>z</em></strong></span> <span class='ocrx_word' id='word_1_453' title='bbox 2108 4461 2158 4512; x_wconf 87' lang='lat' dir='ltr'>S.</span> 
     </span>
    </p>
   </div>
  </div>
 </body>
</html>
