3117 4959
611 277 670 334 S.
718 277 983 333 PETRI
1020 276 1079 331 E
1088 277 1146 334 T
1183 275 1292 332 ΡΑ
1305 275 1452 333 ULI
1491 276 1548 331 Α
1554 275 1776 333 POST
1772 275 1983 333 OLOR
1993 275 2129 332 UM.

652 385 790 444 851

163 510 334 560 eam:
382 501 448 557 et
503 492 746 556 sanctis
805 512 882 556 ac
941 491 1158 558 viduis
1219 513 1326 556 as-

162 582 422 665 signavit
445 581 677 644 vivam.
705 589 812 662 ps‘:
855 581 1126 644 Exaudi
1158 579 1323 644 deus

163 671 497 734 orationem
528 689 766 734 meam.
851 685 902 756 γ
937 667 1322 733 Constitues

163 777 262 822 eos
285 757 616 839 principes,
953 757 1165 820 Lectio
1197 756 1320 840 iiis:

343 863 419 908 nc
445 853 708 908 sanctus
753 843 1093 926 apostolus
1112 864 1322 926 popo-

297 935 412 996 scit
441 932 772 996 silentium
804 942 873 995 et
903 933 998 995 ait
1052 932 1125 997 Si
1156 932 1320 995 vivit

161 1019 523 1084 defunctus:
569 1019 892 1103 loquatur.
987 1020 1060 1085 Si
1107 1039 1324 1082 resus-

157 1110 374 1171 citatus
428 1117 546 1172 est.
652 1115 899 1189 surgat.
975 1107 1316 1172 ambulet.¹

158 1194 472 1260 fabuletur.
602 1195 928 1278 Alioquin
986 1195 1322 1259 fantasma

158 1283 412 1365 putetis:
456 1292 524 1346 et
569 1303 700 1346 non
753 1283 1099 1346 veritatem
1130 1303 1320 1347 esse:

159 1371 314 1452 quod
369 1371 670 1434 videatur
725 1380 930 1453 caput
991 1371 1320 1434 movisse.²

161 1458 486 1540 separetur
541 1479 584 1521 a
643 1458 818 1522 lecto
877 1477 1168 1540 symon:
1245 1466 1320 1522 ut

159 1545 328 1627 plane
355 1547 726 1609 denudetur
763 1547 1156 1628 figmentum
1179 1547 1322 1610 dia-

157 1633 287 1698 boli.
367 1634 748 1698 Abducitur
804 1654 1044 1716 symon
1099 1655 1140 1698 a
1190 1635 1324 1696 lec-

155 1721 314 1785 tulo:
355 1731 420 1786 et
448 1731 677 1786 manet
707 1721 1056 1786 defunctus
1086 1723 1326 1785 immo-

156 1807 302 1874 bilis.
369 1809 609 1874 Astitit
640 1819 866 1892 petrus
897 1831 937 1872 a
968 1809 1212 1892 longe.³
1255 1819 1323 1873 et

157 1897 308 1961 intra
333 1917 401 1960 se
429 1899 715 1962 orationi
745 1898 1082 1981 paulisper
1110 1898 1322 1960 inten-

157 1991 286 2048 tus:
326 2005 474 2048 cum
505 2005 754 2068 magna
783 2005 946 2049 voce
977 1986 1085 2050 ait.
1134 1985 1322 2049 Ado-

157 2071 382 2136 lescens
409 2093 646 2156 surge:
691 2081 884 2136 sanet
916 2083 984 2136 te
1014 2074 1324 2137 dominus

152 2159 340 2240 JesuS.
423 2161 515 2225 Et
551 2161 786 2224 statim
816 2181 1094 2243 surgens
1147 2160 1325 2224 locu-

153 2255 246 2310 tus
299 2258 398 2311 est
439 2257 510 2312 et
556 2249 925 2312 ambulavit
970 2259 1038 2312 et
1099 2249 1326 2312 cibum

153 2337 426 2418 sumpsit.
513 2337 634 2400 Re.
684 2338 976 2401 Domine
1021 2337 1076 2400 si
1126 2346 1199 2400 tu
1254 2357 1326 2400 es

148 2422 289 2504 jube
345 2445 452 2488 me
523 2425 754 2488 venire
838 2427 922 2488 ad
985 2433 1054 2488 te
1128 2445 1330 2506 super

154 2531 351 2592 aquas,
440 2512 534 2576 Et
619 2513 992 2576 extendens
1053 2533 1328 2576 manum

155 2599 572 2681 apprehendit
595 2621 768 2664 eum
801 2610 870 2664 et
902 2601 1078 2664 dixit
1115 2601 1326 2682 Jesus,

156 2689 386 2752 modice
417 2687 577 2752 fidei
617 2709 822 2770 quare
853 2689 1188 2752 dubitasti.
1281 2705 1329 2774 γ

157 2773 410 2859 Cunque
427 2777 708 2840 vidisset
725 2785 1000 2840 ventum
1031 2777 1327 2841 validum

153 2865 499 2928 venientem
533 2865 800 2929 timuit:
839 2873 905 2927 et
933 2884 1086 2927 cum
1119 2865 1329 2947 cepis-

155 2959 240 3012 set
257 2953 450 3035 mergi
471 2952 788 3016 clamavit
810 2953 1036 3015 dicens
1059 2952 1329 3016 domine

156 3037 384 3102 salvum
433 3061 542 3104 me
587 3041 708 3105 fac.
802 3041 894 3103 Et
939 3041 1324 3104 extendens

171 3127 689 3256 Torquebatur
759 3127 840 3210 [L
848 3129 1001 3191 ectio
1079 3128 1326 3210 quinta.

289 3235 519 3299 magus
552 3216 837 3299 apostoli
870 3216 1082 3298 gloria
1122 3216 1329 3280 offen-

157 3319 282 3364 sum
330 3324 399 3366 se
452 3305 638 3368 dicit.
680 3325 722 3367 a
763 3304 1020 3386 galileis
1067 3303 1330 3368 relictu-

157 3407 282 3453 rum
349 3393 586 3455 urbem
648 3411 849 3474 quam
926 3393 1094 3455 tueri
1158 3391 1331 3456 sole-

157 3474 272 3541 bat.
392 3481 598 3544 Diem
674 3481 906 3544 statuit
980 3479 1330 3562 pollicetur

156 3564 448 3631 volatum.
516 3588 655 3652 quo
699 3567 1000 3648 supernis
1059 3568 1330 3631 sedibus

159 3651 568 3719 inveheretur.
678 3656 808 3719 Die
855 3664 1109 3719 statuto
1142 3676 1330 3719 mon-

155 3747 274 3804 tem
301 3743 735 3826 capitolinum
791 3743 1189 3808 conscendit.
1252 3764 1329 3807 ae

156 3846 214 3889 se
260 3851 295 3892 e
345 3852 506 3913 rupe
554 3831 870 3912 dejiciens
917 3830 1193 3895 volitare
1223 3851 1328 3894 ce-

155 3916 254 3995 pit.
321 3920 602 3982 ‘Mirari
663 3920 950 4002 populus
1019 3921 1197 4001 cepit
1251 3941 1326 3982 ac

154 4008 421 4069 venerari
487 4008 788 4071 dicentes
855 4008 965 4070 dei
1041 4008 1327 4090 potenti-

156 4109 250 4153 am
293 4113 436 4158 esse
483 4115 620 4158 non
664 4095 996 4158 hominis:
1029 4095 1326 4178 nihilque

155 4179 270 4242 tale
295 4182 636 4247 Christum
668 4183 914 4248 fecisse.
988 4184 1178 4247 Tunc
1211 4204 1326 4266 pe-

155 4273 278 4330 trus
321 4272 425 4332 ait.
527 4271 816 4334 Domine
861 4272 1020 4353 Jesu
1057 4271 1325 4337 Christe

243 4396 258 4426 ¹
295 4397 549 4446 ‘et’addz
583 4399 652 4448 N.

239 4463 260 4492 ⁴
291 4461 470 4512 Vado:
510 4464 648 4514 R.N.

1103 4399 1127 4430 ²
1154 4399 1407 4448 monuisse
1431 4418 1446 4448 :
1482 4399 1536 4450 S.

1101 4467 1122 4497 ⁸
1157 4465 1433 4516 Intellexit:
1468 4466 1538 4516 N.
1645 4530 1648 4532 -

1918 382 2079 442 882

1427 491 1711 556 ostende
1754 499 1933 556 artes
1991 490 2136 574 ejus
2182 507 2389 554 vanas
2432 509 2579 553 esse
2600 509 2623 554 :

1426 599 1511 643 ne
1571 580 1859 662 populus
1907 579 2021 661 qui
2086 577 2455 642 crediturus
2514 587 2619 640 est

1422 667 1810 750 decipiatur.
1932 667 2025 730 Et
2085 667 2313 729 statim
2397 666 2617 748 impli-

1420 755 1587 819 catis
1618 757 1873 818 alarum
1918 754 2209 836 remigiis
2259 755 2503 817 corruit
2546 761 2617 816 et

1421 853 1723 908 mortuus
1782 852 1901 906 est.
2020 843 2134 906 Re.
2185 841 2334 922 Ego
2381 860 2501 923 pro
2544 849 2617 904 te

1419 932 1649 1014 rogavi
1681 940 1867 1014 petre
1898 939 1972 994 ut
1994 950 2129 994 non
2152 927 2417 994 deficiat
2448 928 2617 993 fides

1419 1028 1552 1083 tua.
1646 1019 1737 1083 Et
1766 1028 1841 1082 tu
1872 1018 2247 1101 aliquando
2264 1037 2617 1080 conversus
2684 1021 2693 1028 '

1417 1105 1738 1170 confirma
1768 1107 2001 1170 fratres
2030 1116 2199 1170 tuos,
2286 1121 2337 1192 γ
2378 1105 2615 1170 Simon

1417 1214 1574 1258 ecce
1632 1194 1947 1258 sathanas
1996 1193 2326 1276 expetivit
2370 1213 2491 1256 vos
2540 1202 2616 1256 ut

1417 1283 1735 1346 cribraret
1787 1283 1957 1346 sicut
2003 1282 2297 1346 triticum
2342 1301 2469 1362 ego
2500 1301 2617 1344 au-

1417 1380 1557 1434 tem
1585 1371 1811 1452 rogavi
1834 1390 1953 1452 pro
1970 1378 2057 1433 te.
2120 1369 2211 1432 Et
2229 1378 2320 1433 tu.
2366 1369 2503 1432 Lec.
2528 1369 2615 1451 vj.

1441 1461 1709 1590 pne
1757 1478 1916 1521 nero
1962 1457 2139 1541 cepit
2179 1477 2415 1520 causas
2459 1477 2621 1540 que-

1581 1565 1723 1608 rere
1734 1546 1972 1628 quibus
1992 1555 2255 1628 petrum
2276 1544 2620 1608 occideret.

1423 1634 1819 1716 Rogabatur
1848 1643 2075 1715 petrus
2126 1653 2169 1696 a
2212 1631 2501 1716 populo:
2548 1640 2622 1695 ut

1423 1721 1512 1785 ab
1555 1721 1719 1784 urbe
1766 1721 2152 1784 discederet.
2241 1719 2475 1784 Victus
2506 1741 2623 1782 au-

1423 1818 1560 1873 tem
1594 1817 1821 1892 petrus
1852 1808 2115 1871 fletibus
2146 1808 2373 1890 populi
2425 1805 2621 1890 profi-

1423 1898 1579 1960 cisci
1631 1897 1823 1978 cepit.
1915 1895 2019 1958 At
2064 1897 2178 1959 ubi
2228 1904 2619 1978 perventum

1423 1994 1524 2048 est
1543 1986 1631 2049 ad
1656 1995 1917 2068 portam
1942 1984 2110 2048 vidit
2132 1983 2257 2046 sibi
2279 1982 2618 2048 Christum

1423 2092 1801 2136 occurrere:
1848 2081 1918 2135 et
1966 2073 2253 2135 adorans
2301 2091 2453 2134 eum
2504 2071 2615 2134 ait.

1427 2161 1719 2224 Domine
1772 2180 1905 2242 quo
1953 2160 2195 2224 vadis?
2304 2160 2500 2223 Dixit
2558 2159 2621 2222 ei

1423 2249 1634 2330 Jesus,
1754 2249 1973 2313 Venio
2003 2249 2027 2285 ⁴
2076 2267 2331 2312 romam
2380 2249 2618 2310 iterum

1423 2335 1734 2419 crucifigi.
1830 2336 2152 2417 Intelligit
2181 2337 2206 2373 ⁵
2237 2345 2462 2418 petrus
2492 2333 2621 2398 'hoc

1425 2424 1512 2487 de
1543 2446 1665 2488 sua
1694 2425 2002 2506 passione
2032 2425 2325 2488 dictum:
2370 2432 2439 2486 et
2466 2443 2626 2486 con-

1423 2533 1653 2576 versus
1700 2515 1769 2576 in
1818 2512 2048 2575 urbem
2082 2513 2313 2576 rediit:
2362 2521 2626 2594 captus-

1427 2620 1559 2682 que
1588 2609 1691 2664 est
1721 2609 1789 2663 et
1821 2600 2093 2663 inversis
2123 2600 2419 2681 vestigiis
2448 2599 2623 2664 cruci

1427 2689 1686 2752 affixus,
1780 2687 1981 2770 Quod
2028 2687 2143 2750 ubi
2188 2688 2438 2750 factum
2471 2695 2574 2750 est
2609 2708 2624 2751 :

1426 2778 1604 2859 cepit
1634 2775 1958 2840 consolari
1990 2775 2309 2858 populum
2354 2775 2439 2838 de
2482 2795 2629 2837 cru-

1426 2885 1518 2928 ce.
1644 2865 1814 2927 Mox
1875 2862 2181 2927 viderunt
2240 2863 2413 2925 circa
2474 2883 2625 2926 eum

1428 2951 1923 3015 multitudinem
1945 2950 2331 3032 angelorum
2343 2949 2629 3014 ferentes

1429 3059 1727 3104 rosarum
1773 3048 1841 3102 et
1888 3039 2173 3102 liliorum
2223 3035 2433 3101 flores,
2509 3038 2627 3101 Vi-

1426 3129 1595 3191 dens
1626 3136 1849 3191 autem
1895 3135 2121 3209 petrus
2165 3125 2337 3189 hoc:
2381 3127 2629 3207 gratias

1429 3215 1673 3298 agebat
1704 3214 1977 3278 domino
2008 3215 2137 3278 deo
2168 3213 2409 3278 dicens,
2459 3214 2627 3278 Gra-

1429 3305 1558 3368 tias
1588 3304 1711 3367 tibi
1744 3322 1873 3384 ago
1904 3303 2062 3384 Jesu
2110 3301 2373 3367 Christe
2409 3323 2423 3367 :
2471 3304 2631 3383 quia

1429 3413 1586 3456 oves
1642 3412 1808 3474 quas
1856 3390 2187 3455 tradidisti
2238 3390 2398 3453 mihi
2448 3410 2628 3454 com-

1430 3479 1847 3563 partiuntur⁶
1919 3499 2182 3542 mecum
2258 3478 2344 3542 de
2418 3479 2629 3560 gloria

1429 3577 1597 3633 tua:
1643 3567 1765 3631 tibi
1825 3565 2038 3648 gloria
2096 3587 2247 3630 cum
2313 3577 2501 3649 patre
2562 3576 2630 3629 et

1429 3656 1915 3739 spiritusanctO.
2099 3655 2480 3736 Statimque
2556 3664 2632 3717 ut

1431 3743 1621 3826 plebs
1682 3743 2068 3826 respondit:
2116 3763 2355 3808 amen:
2405 3753 2630 3824 petrus

1430 3833 1720 3896 reddidit
1780 3832 2083 3915 spiritum
2145 3832 2229 3894 ad
2294 3851 2445 3894 eum
2515 3831 2629 3912 qui

1427 3921 1592 3983 vivit
1621 3931 1689 3984 et
1720 3929 1955 4002 regnat
2004 3921 2071 3982 in
2122 3918 2343 3982 secula
2372 3917 2627 3980 seculo-

1427 4028 1593 4072 rum.
1654 4009 1771 4074 Re.
1823 4007 2290 4091 Quodcunque
2322 4005 2627 4086 ligaveris

1427 4117 1625 4179 super
1655 4106 1897 4160 terram
1939 4095 2063 4157 erit
2108 4093 2385 4175 ligatum
2442 4102 2512 4155 et
2558 4094 2625 4155 in

1424 4185 1601 4248 celis,
1713 4185 1805 4246 Et
1851 4183 2293 4266 quodcunque
2352 4179 2624 4243 solveris

1425 4293 1625 4356 super
1654 4282 1896 4336 terram
1940 4270 2063 4334 erit
2107 4269 2398 4332 solutum
2441 4277 2510 4332 et
2557 4269 2624 4332 in

1908 4398 1929 4427 ²
1961 4397 2176 4460 alonge:
2213 4395 2337 4446 R.S.

1907 4466 1929 4494 ⁸
1960 4463 2329 4528 compatiuntur
2364 4481 2377 4512 :
2412 4462 2575 4514 R.S.‘
