3117 4959
987 250 1050 303 S.
1109 250 1410 304 THOME
1457 250 1887 306 APOSTOLI.

723 358 858 410 127

149 460 352 524 Venit
401 462 642 525 iterum
691 463 1050 527 dominus:
1099 471 1166 525 et
1215 482 1346 525 non

147 552 443 613 credenti
478 551 804 633 discipulo
851 550 1023 613 latus
1072 552 1346 633 palpan-

146 638 309 700 dum
361 640 663 719 prebuit:
728 660 964 701 manus
1017 642 1346 701 ostendit:

147 736 220 789 et
249 732 516 790 ostensa
561 747 828 789 suorum
875 728 1176 791 cicatrice
1205 727 1349 789 vul-

151 834 384 877 nerum
413 836 430 879 ;
476 813 884 879 infidelitatis
910 815 1084 877 illius
1108 814 1344 878 vulnus

147 904 425 966 sanavit.
957 904 1170 965 Lectio
1201 904 1343 985 vizj.

159 992 398 1156 Quid
455 990 685 1053 fratres
735 991 1138 1054 charissimi:
1183 992 1343 1073 quid

287 1080 458 1143 inter
554 1080 676 1142 hec
777 1080 1345 1142 animadvertitis?

147 1167 214 1229 N
221 1168 480 1249 unquid'
523 1188 678 1231 casu
730 1178 994 1249 gestum
1041 1168 1344 1231 creditis:

149 1264 228 1317 ut
285 1256 532 1318 electus
594 1255 704 1318 ille
763 1255 1124 1337 discipulus
1183 1265 1344 1319 tunc

141 1345 454 1407 deesset:
528 1354 682 1425 post
761 1353 988 1407 autem
1071 1346 1344 1408 veniens

143 1432 448 1495 audiret:
491 1433 766 1496 audiens
797 1432 1176 1495 dubitaret:
1223 1433 1342 1495 du-

147 1520 371 1583 bitans
411 1520 748 1602 palparet:
795 1520 1078 1603 palpans
1118 1521 1341 1583 crede-

145 1609 298 1670 ret?
390 1608 544 1671 Non
576 1608 702 1673 hoc
723 1629 922 1671 casu:
968 1609 1087 1670 sed
1119 1609 1343 1671 divina

146 1697 642 1777 dispensatione
673 1707 938 1778 gestum
962 1706 1078 1759 est.
1145 1696 1218 1759 L.
1254 1697 1340 1760 ix.

141 1785 398 1915 Egit
445 1804 709 1866 nanque
761 1786 929 1848 miro
981 1785 1183 1847 modo
1235 1806 1344 1847 su-

301 1892 503 1955 perna
561 1873 952 1936 clementia:
1013 1882 1088 1936 ut
1149 1873 1344 1936 disci-

143 1960 344 2042 pulus
373 1961 730 2024 dubitans:
776 1962 936 2023 dum
986 1961 1052 2023 in
1099 1962 1344 2043 magis·-

139 2059 250 2111 tro
281 2068 404 2112 suo
433 2049 704 2112 vulnera
753 2049 1054 2131 palparet
1087 2051 1338 2113 carnis:

135 2138 212 2199 in
245 2136 440 2199 nobis
469 2136 741 2200 vulnera
771 2146 1037 2200 sanaret
1068 2137 1342 2200 infirmi-

140 2226 317 2288 tatis,
413 2224 570 2288 Plus
627 2227 803 2288 enim
866 2226 1056 2288 nobis
1110 2224 1340 2289 thome

137 2312 502 2376 infidelitas
531 2314 616 2376 ad
651 2313 894 2377 fidem:
939 2333 1138 2396 quam
1175 2312 1339 2377 fides

141 2402 554 2464 credentium
571 2402 1046 2485 discipulorum
1061 2401 1306 2484 profuit
1323 2422 1339 2465 :

140 2492 302 2571 quia
333 2490 494 2552 dum
528 2490 638 2553 ille
661 2490 746 2553 ad
773 2490 973 2553 fidem
1007 2491 1340 2572 palpando

141 2578 479 2640 reducitur
509 2587 735 2641 nostra
780 2598 966 2641 mens
1004 2579 1186 2640 omni
1219 2580 1340 2641 du-

141 2667 472 2729 bitatione
517 2667 889 2748 postposita
921 2668 985 2728 in
1019 2666 1151 2729 fide
1187 2667 1341 2730 soli-

137 2754 360 2817 datur.
423 2754 507 2817 In
529 2755 854 2835 evangelio
873 2763 976 2819 an'.
1042 2755 1340 2818 Thomas

136 2843 255 2924 qui
320 2841 561 2905 dicitur
617 2843 945 2906 didimus:
1003 2863 1136 2905 non
1198 2852 1340 2906 erat

135 2950 298 2993 cum
371 2931 468 2992 eis
538 2931 806 3011 quando
863 2934 1047 2994 venit
1103 2931 1338 3013 Jesus:

134 3019 461 3081 dixerunt
507 3020 567 3081 ei
615 3018 725 3081 alii
777 3019 1119 3101 discipuli:
1171 3020 1338 3083 vidi-

135 3127 295 3170 mus
325 3106 671 3170 dominum
703 3107 1003 3188 alleluya.
1086 3108 1334 3172 Oratio,

131 3198 345 3327 Da
405 3194 595 3258 nobis
646 3216 1004 3277 quesumus
1066 3197 1336 3259 domine

306 3284 481 3345 beati
528 3284 813 3365 apostoli
843 3286 942 3348 tui
972 3284 1200 3348 thome
1232 3305 1338 3348 so-

133 3371 576 3434 lennitatibus
609 3372 702 3434 ita
735 3372 1000 3453 gloriari
1028 3395 1042 3437 :
1091 3382 1164 3436 ut
1195 3372 1338 3455 ejus

133 3480 410 3541 semper
447 3461 826 3541 patrociniis
872 3461 1338 3527 sublevemur:

133 3556 210 3610 et
241 3547 449 3610 fidem
496 3568 787 3630 congrua
817 3549 1172 3614 devotione
1201 3570 1340 3613 sec-

133 3646 406 3699 temur:
471 3656 590 3717 per
641 3637 1004 3702 dominum.
1120 3639 1339 3704 Cetera

129 3723 218 3785 de
263 3724 604 3787 communi.
716 3726 1049 3789 Memoria
1097 3726 1179 3788 de
1222 3726 1342 3789 ad-

133 3820 356 3877 ventu.
477 3813 537 3874 A
552 3822 610 3875 ἢ.
746 3813 972 3877 Nolite
1055 3815 1288 3878 timere
1324 3836 1338 3878 :

133 3901 378 3981 quinta
431 3901 610 3965 enim
659 3901 768 3965 die
815 3904 1039 3966 veniet
1087 3904 1171 3966 ad
1222 3923 1340 3967 vos

131 3990 455 4052 dominus
515 4000 753 4053 noster.
874 4007 922 4077 γ
986 3991 1142 4055 Vox
1205 3992 1341 4055 cla-

131 4077 404 4142 mantis
533 4077 763 4141 Oratio
876 4079 1286 4143 dominicales
1319 4103 1344 4143 .·

129 4165 278 4227 nisi
303 4167 376 4229 in
397 4164 722 4229 dominica
743 4168 1020 4229 evenerit
1038 4190 1062 4231 .·
1105 4179 1167 4231 et
1194 4178 1345 4231 tunc

131 4275 267 4315 non
343 4255 600 4317 dicetur
673 4255 1032 4336 antiphona
1109 4257 1340 4320 Nolite

130 4343 392 4407 timere.
490 4342 632 4406 Sed
679 4344 810 4425 fiet
881 4346 1191 4409 memoria
1263 4346 1342 4408 de

479 4467 493 4496 ¹
530 4466 720 4515 dicetur
738 4480 757 4516 .·
796 4466 854 4518 G.

1199 4472 1222 4501 ²
1277 4470 1370 4519 ‘et'
1392 4470 1523 4519 add:
1566 4471 1623 4522 G.

1928 359 2067 414 128

1447 464 1729 527 adventu
1761 473 1899 526 tam
1949 464 2019 527 in
2052 464 2303 545 primis
2345 486 2541 546 quam
2574 466 2645 529 in

1446 552 1742 615 secundis
1815 552 2091 633 vesperis
2166 563 2229 615 et
2301 554 2649 617 matutinis

1445 660 1589 703 mm
1636 640 2007 721 antiphonis
2046 649 2111 703 et
2152 641 2491 705 versiculis
2532 643 2644 704 do-

1445 728 1757 791 minicam
1799 729 2309 809 contingentibus
2332 753 2356 793 :
2401 739 2465 792 et
2498 750 2645 792 ora-

1446 816 1619 879 tione
1642 816 2032 881 dominicali.
2086 827 2154 880 et
2180 817 2316 880 nisi
2335 828 2647 899 quattuor

1445 914 1727 985 tempora
1774 906 1846 968 in
1888 906 2067 986 sesto
2110 926 2227 969 suo
2272 907 2599 969 evenerint
2618 928 2645 970 .·

1442 993 1601 1075 quia
1645 993 1713 1055 si
1757 1003 1935 1056 sexta
1977 994 2171 1073 feria
2222 994 2328 1057 vel
2375 994 2641 1057 sabbato

1441 1092 1752 1163 quattuor
1800 1091 2153 1163 temporum
2197 1082 2451 1162 festum
2504 1083 2641 1165 ejus

1441 1170 1726 1232 evenerit
1744 1193 1767 1231 .-
1816 1190 1941 1231 non
1964 1170 2253 1233 dicatur¹
2286 1171 2638 1251 antiphona

1444 1257 1674 1321 Nolite
1704 1258 1953 1321 timere.
2040 1258 2161 1321 sed
2181 1258 2534 1339 antiphona
2562 1260 2642 1322 de

1439 1347 1769 1427 evangelio
1816 1357 2009 1427 super
2038 1347 2376 1427 psalmum
2428 1347 2639 1411 Bene·

1440 1434 1673 1497 dictus,
1762 1454 1907 1496 cum
1926 1435 2214 1497 oratione
2232 1434 2313 1495 de
2340 1444 2645 1516 quattuor

1441 1522 1828 1604 temporibus
1853 1532 1918 1585 et
1944 1522 2254 1585 memoria
2276 1522 2355 1585 de
2374 1522 2639 1587 domina

1439 1610 1539 1673 ad
1561 1610 1925 1673 matutinas
1953 1618 2227 1673 tantum.

1445 1702 1510 1775 ([
1554 1698 1681 1761 Ad
1715 1698 1914 1760 horas
1955 1698 2177 1761 omnia
2205 1697 2287 1761 de
2318 1698 2649 1762 communi

1441 1807 1587 1849 cum
1634 1786 1923 1849 oratione
1960 1788 2247 1868 propria.
2334 1786 2461 1849 Ad
2506 1806 2641 1851 ves-

1427 1886 1627 1955 peras
1655 1874 2023 1955 antiphona.
2081 1873 2385 1956 Juravit.²
2448 1885 2645 1939 cetere

1439 1962 1783 2044 antiphone
1806 1983 1949 2025 cum
1978 1962 2264 2044 psalmis
2290 1963 2372 2025 de
2396 1972 2639 2045 aposto-

1439 2051 1541 2116 lis.
1632 2050 1726 2112 et⁸
1776 2060 1977 2113 cetera
2036 2060 2114 2113 ut
2169 2050 2238 2113 in
2296 2052 2637 2115 communi.

1437 2140 1524 2203 In
1543 2156 1766 2221 evang.
1785 2139 2155 2221 antiphona.
2220 2138 2396 2221 Quia
2414 2140 2636 2204 vidisti

1441 2248 1550 2291 me
1594 2228 1829 2292 thoma
1874 2227 2251 2291 credidisti:
2299 2226 2477 2290 beati
2523 2230 2637 2310 qui

1441 2336 1577 2380 non
1652 2316 1961 2380 viderunt
2041 2324 2111 2378 et
2193 2315 2636 2381 crediderunt.

1441 2404 1609 2468 all’a.
1706 2412 1807 2486 ps.
1903 2400 2310 2485 Magnificat.
2404 2404 2639 2469 Oratio

1441 2502 1519 2555 ut
1559 2503 1775 2574 supra.
1866 2492 2198 2555 Memoria
2227 2491 2306 2554 de
2333 2491 2636 2558 adventu.

1439 2582 1501 2643 A
1513 2589 1575 2645 ἢ.
1655 2580 1717 2645 O
1750 2601 1871 2643 rex
1900 2581 2221 2662 gentium.

1443 2674 1507 2747 ff
1561 2668 1632 2733 S.
1650 2670 1875 2749 filiets
1910 2668 2271 2750 presbyteri
2292 2670 2361 2732 in
2399 2668 2635 2750 pincis.

1452 2757 1819 2891 Concede
1840 2775 2199 2838 quesumus
2212 2758 2425 2821 omni·
2460 2757 2639 2840 [Oro.

1570 2855 1807 2927 potens
1830 2845 1995 2907 deus
2023 2866 2038 2908 :
2071 2854 2146 2907 ut
2177 2845 2263 2908 ad
2298 2845 2636 2907 meliorem

1437 2936 1646 2997 vitam
1660 2942 2037 2996 sanctorum
2050 2940 2315 2996 tuorum
2328 2953 2521 2995 exem
2530 2933 2641 3015 pla

1437 3043 1558 3087 nos
1592 3030 1951 3104 provocent
1996 3021 2307 3102 quatinus
2356 3040 2639 3102 quorum

1435 3110 1737 3173 solennia
1756 3110 2045 3190 agimus:
2067 3108 2269 3172 etiam
2288 3118 2476 3172 actus
2495 3109 2642 3171 imi-

1438 3209 1673 3263 temur.
1754 3197 1877 3259 Per
1908 3196 2271 3262 dominum.
2348 3197 2565 3260 Lectio
2575 3198 2638 3279 j.

1436 3290 1698 3419 Post
1728 3285 2241 3367 completionem
2274 3284 2638 3349 beatissimi

1592 3374 1799 3438 felicis
1831 3373 2237 3456 presbyteri:
2286 3374 2451 3438 alius
2476 3373 2639 3437 felix

1440 3464 1789 3546 presbyter
1862 3482 2221 3544 germanus
2297 3463 2439 3545 ejus
2519 3483 2640 3545 pro

1439 3551 1851 3615 confessione
1922 3550 2167 3615 Christi
2245 3570 2286 3613 a
2360 3553 2640 3634 paganis

1439 3641 1790 3703 invaditur.
1902 3636 2036 3719 Qui
2098 3659 2249 3702 cum
2311 3635 2641 3703 adductus

1439 3729 1671 3792 fuisset
1704 3727 1789 3791 ad
1837 3728 2326 3809 iniquissimum
2359 3726 2638 3791 flaccum

1443 3816 1623 3879 urbis
1670 3815 2077 3898 prefectum:
2125 3816 2301 3897 cepit
2348 3816 2643 3898 compel-

1441 3905 1576 3968 lere
1626 3914 1699 3967 ut
1761 3903 1956 3966 idolis
2010 3902 2403 3967 immolaret.
2517 3903 2643 3968 Cui

1441 3995 1679 4057 beatus
1755 3992 1917 4054 felix
2010 3992 2105 4054 ait
2196 3991 2366 4055 Puto
2457 3992 2639 4073 quod

1443 4082 1690 4145 inimici
1740 4080 1899 4143 estis
1950 4078 2226 4143 deorum
2272 4089 2642 4143 vestrorum

1440 4170 1675 4234 effecti.
1772 4167 1844 4233 Si
1876 4167 2074 4230 vultis
2122 4167 2404 4250 probare
2440 4169 2645 4232 virtu-

1443 4269 1581 4320 tem
1636 4256 1892 4337 domini
1947 4256 2077 4318 mei
2137 4257 2297 4337 jesu
2354 4256 2647 4321 Christi:

1443 4346 1530 4409 ad
1564 4346 1947 4427 capitolium
1985 4365 2091 4408 me
2123 4345 2216 4408 ire
2247 4344 2525 4428 jubete:
2574 4354 2648 4408 ut

1970 4468 1991 4497 ⁸
2030 4468 2130 4521 ‘et'
2154 4484 2248 4520 om.
2269 4482 2287 4517 .·
2326 4468 2389 4518 G.
