3117 4959
1061 279 1123 333 S.
1174 278 1552 334 MARTINJ
1591 279 1832 336 PAPE.

742 383 889 440 679

210 491 639 624 Fervebat
670 493 735 556 in
768 514 851 557 eo
880 492 1075 558 ardor
1104 491 1411 558 salutaris

369 581 624 644 domini
694 589 763 646 et
822 581 1173 646 refrixerat
1232 579 1413 646 calor

214 669 533 750 pestilens
561 667 829 734 diaboli.
894 669 1204 753 Regebat
1223 667 1409 732 illum

214 755 545 838 pudicicia
586 777 603 820 :
648 757 1004 822 roborabat
1036 757 1359 841 patientia
1394 776 1410 821 :

216 843 385 908 fides
416 845 874 910 illuminabat:
918 867 1073 929 spes
1103 845 1411 910 subleva-

214 933 337 997 bat
362 932 685 998 :charitas
704 933 1072 1016 perfectum
1104 933 1409 998 faciebat.

216 1021 405 1084 Dum
437 1022 615 1085 enim
646 1021 771 1086 iste
812 1032 1080 1087 sanctus
1126 1021 1405 1105 gloriam

80 1141 87 1146 ·
206 1108 535 1191 jactantie
585 1110 776 1193 quasi
823 1109 1167 1175 colubrum
1199 1110 1409 1192 fugie-

210 1197 335 1260 bat
372 1218 387 1262 :
416 1197 696 1280 gloriam
728 1219 882 1262 vere
914 1197 1406 1281 magnificentie

210 1285 612 1351 inveniebat.
706 1287 800 1351 Et
843 1289 957 1371 qui
990 1307 1242 1371 pauper
1269 1296 1407 1351 sta-

209 1373 345 1439 tuit
404 1395 551 1439 esse
598 1373 773 1438 inter
818 1375 1121 1440 homines
1163 1397 1177 1440 ε
1224 1375 1407 1439 dives

210 1463 459 1526 meruit
552 1462 780 1526 haberi
874 1464 1046 1528 inter
1116 1463 1407 1546 angelos

204 1551 423 1684 Iste
455 1553 690 1614 beatus
736 1553 1059 1616 martinus
1108 1551 1273 1636 [Lec.
1308 1551 1403 1634 iis.

326 1656 505 1721 papa
531 1640 621 1704 ob
652 1638 851 1704 fidem
893 1638 1287 1705 catholicam
1320 1641 1409 1705 ab

208 1727 613 1809 imperatore
649 1730 1071 1793 constantino
1114 1729 1407 1792 heretico

205 1815 301 1878 de
350 1815 625 1879 ecclesia
660 1826 887 1898 raptus
920 1827 1061 1880 erat
1088 1837 1103 1880 :
1149 1838 1227 1881 ac
1259 1837 1405 1900 per-

204 1904 455 1967 ductus
485 1905 1117 1988 constantinopolim
1151 1905 1405 1988 relega-

203 1991 364 2054 tus¹
420 1993 599 2075 apud
662 2013 1001 2057 cersonem
1050 1993 1199 2058 licie
1251 2014 1405 2077 pro-

202 2079 427 2144 vincie
500 2080 747 2145 ibidem
822 2082 1029 2145 vitam
1120 2081 1334 2146 finivit
1391 2103 1407 2147 ε

206 2167 442 2231 multis
486 2169 552 2231 in
606 2169 841 2233 eodem
890 2170 1039 2233 loco
1086 2170 1293 2252 signis
1338 2180 1407 2236 et

203 2256 531 2340 prodigiis
573 2277 783 2339 usque
827 2257 1028 2323 hodie
1073 2258 1355 2342 refulget
1388 2281 1404 2325 ε

204 2344 296 2408 ad
326 2344 591 2408 laudem
624 2346 877 2409 domini
928 2347 1088 2428 Jesu
1140 2346 1407 2413 Christi.

208 2431 441 2498 Cetera
500 2433 582 2495 de
638 2435 967 2499 communi
1016 2435 1214 2498 unius
1258 2455 1403 2500 con-

183 2521 477 2601 fisson's
490 2522 834 2607 pontificis.

208 2614 278 2687 (I
329 2609 676 2674 Sciendum
707 2621 921 2674 autem
951 2611 1129 2694 quod
1164 2610 1233 2675 si
1262 2613 1406 2696 ses-

204 2708 351 2761 tum
380 2699 593 2761 sancti
634 2700 915 2762 martini
958 2700 1227 2782 episcopi
1270 2721 1407 2765 eve-

202 2785 359 2849 niat
382 2786 491 2849 a'ie
517 2785 777 2850 sabbati
796 2809 821 2851 .·
864 2789 1133 2852 secunde
1161 2801 1411 2872 vespere

202 2895 253 2938 a
292 2874 567 2957 capitulo
608 2885 801 2938 erunt
839 2875 918 2938 de
960 2875 1299 2942 dominica.
1345 2887 1409 2941 et

204 2962 282 3026 in
310 2963 595 3026 crastino
637 2963 843 3027 medie
880 2964 1172 3028 lectiones
1216 2975 1409 3029 erunt

200 3050 288 3114 de
312 3061 529 3114 sancto
558 3051 842 3115 martino
862 3074 887 3117 .·
910 3052 1107 3117 sicuti
1129 3062 1322 3117 erunt
1345 3054 1416 3119 si

200 3138 341 3202 alio
367 3139 475 3203 die
500 3139 689 3222 infra
716 3150 975 3205 octavas
994 3141 1247 3205 eveniat
1265 3142 1407 3206 a'ies

202 3227 545 3291 dominica.
592 3227 731 3291 nisi
774 3229 1106 3312 contingat
1146 3229 1403 3312 festum

204 3315 415 3378 trium
474 3315 810 3380 lectionum
864 3318 993 3380 tali
1032 3317 1359 3383 dominica
1378 3343 1403 3384 .·

200 3403 367 3486 quia
408 3403 489 3467 a'e
528 3425 595 3468 eo
638 3415 830 3468 erunt
868 3405 1073 3469 mea'ie
1115 3407 1404 3472 lectiones

201 3492 273 3555 si
284 3493 549 3574 proprie
572 3491 950 3558 habeantur.

208 3584 277 3658 ff
343 3580 511 3644 Item
595 3583 667 3645 in
740 3581 1015 3662 vespm&
1069 3573 1401 3664 festorum

204 3669 413 3734 trium
472 3669 808 3733 lectionum
884 3670 1073 3753 infra
1143 3681 1403 3736 octavas

203 3756 380 3822 beati
404 3758 687 3821 martini
722 3758 1020 3822 dz'eentur
1060 3760 1408 3842 antiphone

200 3854 269 3908 et
308 3845 565 3927 psalmi
604 3846 885 3927 feriales
902 3871 927 3912 .·
969 3847 1169 3912 ettam
1213 3847 1282 3912 si
1326 3849 1409 3912 de

199 3943 423 3998 sancto
496 3935 783 3999 martino
860 3945 1167 4002 cantetur.
1302 3937 1409 4000 Et

198 4021 460 4105 quando
477 4033 727 4104 vespere
743 4022 931 4104 infra
952 4032 1209 4088 octavas
1219 4024 1409 4108 fiunt

200 4111 283 4174 a'e
331 4130 401 4173 eo
425 4133 449 4173 .·
492 4111 791 4174 dicentur
838 4133 981 4176 cum
1024 4112 1302 4194 capitulo
1342 4123 1407 4177 et

202 4198 440 4280 hymno
467 4199 546 4261 de
573 4198 897 4264 laudibus.
987 4200 1237 4264 Diebus
1283 4222 1404 4264 au-

201 4297 331 4350 tem
360 4286 594 4369 quibus
630 4287 883 4352 dicetur
924 4286 1007 4352 de
1052 4290 1193 4370 ejus
1238 4299 1407 4353 octa-

271 4411 285 4440 ⁸
322 4410 603 4473 relegatur:
640 4410 703 4461 R.

468 4481 488 4508 ⁴
520 4484 786 4526 cantatur:
823 4479 871 4528 S.

877 4413 899 4442 ⁸
938 4416 951 4439 ⁸
969 4411 1223 4462 dominica
1238 4411 1251 4436 ’
1277 4412 1329 4462 in
1352 4413 1509 4463 literis
1532 4411 1693 4461 rubris
1715 4409 1850 4476 apud
1876 4427 1888 4458 ε
1926 4408 1986 4458 R.
1999 4407 2051 4458 S.

1268 4483 1289 4510 ⁸
1328 4486 1341 4509 ⁴
1358 4479 1459 4530 Nec
1480 4478 1690 4530 dicitur’
1718 4478 1768 4527 in
1793 4475 1947 4525 literis
1965 4471 2118 4536 nigris
2135 4471 2267 4538 apud
2295 4490 2306 4520 :
2335 4472 2396 4522 R.

2015 387 2177 446 680

1512 493 1618 555 vis
1642 515 1666 555 .·
1709 493 1838 556 erit
1895 494 2126 575 prima
2202 495 2558 576 antiphona
2629 495 2712 560 de

1496 580 1720 661 primo
1763 591 2068 645 nocturno
2095 583 2175 645 de
2200 583 2490 664 hystoria
2517 596 2711 666 super

1495 669 1790 750 psalmos
1835 669 1934 732 aa'
1973 672 2336 734 matutinas
2379 682 2444 734 et
2475 673 2704 753 prima

1506 757 1861 839 antiphona
1887 757 1966 820 de
1993 759 2302 823 laudibus
2336 771 2528 842 super
2557 761 2703 824 lau-

1506 843 1620 907 des
1647 855 1714 908 et
1737 855 1931 909 cetere
1971 847 2316 930 antiphone
2355 849 2453 912 aa'
2491 849 2701 914 horas.

1512 933 1729 1014 Super
1769 934 2060 1016 psalmos
2109 956 2260 1000 vero
2313 936 2704 1020 Magnificat

1505 1030 1571 1084 et
1617 1022 2014 1086 Benedictus
2057 1023 2404 1106 antiphone
2449 1036 2704 1089 noctur-

1505 1109 1688 1172 nales
1710 1132 1735 1175 .·
1803 1111 2157 1192 incipiendo
2214 1112 2313 1175 aa'
2361 1115 2704 1178 secundam

1504 1196 1930 1280 antiphonam
1981 1199 2062 1261 de
2117 1202 2340 1280 primo
2397 1211 2704 1268 nocturno

1504 1285 1700 1349 a'ictis
1731 1289 1930 1369 prius
1974 1289 2344 1369 antiphonis
2362 1309 2388 1351 .·
2431 1311 2552 1372 que
2592 1311 2702 1354 su-

1490 1384 1770 1455 persunt
1795 1374 2076 1455 hystorie
2103 1377 2296 1440 istius
2313 1377 2488 1457 sesti
2503 1399 2529 1440 .·
2566 1379 2706 1442 sive

1504 1461 1586 1525 de
1609 1483 1678 1524 eo
1707 1461 1969 1526 dicatur
1983 1487 2008 1526 .·
2029 1465 2167 1526 sive
2183 1485 2326 1528 non.
2358 1465 2456 1529 ita
2485 1474 2703 1530 tamen

1504 1549 1684 1632 quod
1731 1550 1840 1613 die
1891 1551 2218 1616 dominica
2271 1553 2341 1616 in
2391 1554 2703 1618 memoria

1504 1637 1602 1701 ad
1643 1639 2006 1702 matutinas
2045 1640 2310 1703 dicatur
2349 1641 2702 1724 antiphona
2763 1719 2780 1728 ·

1504 1725 1738 1790 Media
1797 1736 1992 1792 nocte
2059 1728 2439 1795 dominica.²
2534 1730 2702 1795 Item

1502 1815 1974 1880 Invitatorium
2005 1816 2086 1878 de
2107 1817 2218 1880 die
2227 1817 2586 1899 proprium.

1508 1907 1574 1982 {1²
1635 1903 1804 1966 Item
1898 1904 2086 1985 infra
2159 1915 2420 1969 octavas
2489 1905 2706 1970 sancti

1504 1991 1790 2055 martini
1805 2015 1831 2056 .·
1873 1993 2131 2075 quando
2168 1992 2414 2058 dicitur
2438 1995 2698 2058 serviti-

1502 2100 1619 2142 um
1664 2078 1745 2143 de
1793 2101 1861 2144 eo
1879 2103 1904 2144 .·
1947 2081 2211 2144 dicatur
2262 2081 2361 2145 ad
2411 2079 2701 2164 vesperas

1502 2169 1858 2232 versiculus
1885 2169 2181 2235 Amavit.
2273 2171 2343 2233 E
2345 2171 2414 2234 t³
2441 2171 2538 2234 ad
2562 2193 2699 2235 ma-

1504 2257 1761 2320 tutinas
1822 2257 1893 2321 in
1967 2257 2276 2322 laudibus
2347 2259 2701 2324 versu-ulus

1501 2344 1735 2427 Justus
1782 2346 2200 2429 germinabit.
2290 2346 2374 2410 In
2404 2347 2703 2412 omnibus

1503 2453 1654 2497 vero
1684 2435 2014 2498 memoriis
2041 2435 2181 2517 ejus
2208 2444 2345 2497 tam
2374 2435 2474 2498 aa'
2497 2447 2700 2518 vespe-

1503 2542 1620 2584 ras
1647 2543 1844 2604 quam
1895 2522 1994 2585 aa'
2037 2524 2400 2587 matutinas
2443 2523 2708 2588 dicatur

1504 2626 1551 2695 γ
1599 2609 1738 2674 Ora
1798 2631 1921 2695 pro
1980 2611 2188 2676 nobis,
2250 2610 2389 2674 ntis-i
2442 2612 2702 2693 quando

1501 2708 1800 2761 cantetur
1839 2699 1864 2737 ⁴
1937 2699 2292 2780 antiphona
2354 2698 2494 2763 Ora
2577 2721 2702 2782 pro

1502 2787 1716 2852 nobis,
1793 2796 1947 2850 tunc
1992 2787 2258 2850 dicatur
2340 2803 2387 2872 γ
2429 2786 2698 2867 Justum

1502 2874 1808 2939 deduxit.
1945 2879 2010 2954 11·
2083 2875 2241 2938 Non
2321 2873 2568 2938 dicitur
2621 2876 2702 2939 a'e

1501 2972 1722 3026 sancto
1751 2961 2027 3026 wilelmo
2045 2985 2070 3026 .·
2115 2963 2224 3025 vel
2244 2962 2324 3024 de
2349 2964 2652 3045 apostolis
2675 2986 2701 3028 .·

1501 3051 1624 3115 sea'
1643 3051 1724 3114 de
1747 3050 2012 3115 domina
2043 3050 2231 3130 infra
2250 3059 2525 3115 octavas.
2570 3051 2699 3116 Di-

1501 3149 1744 3203 cuntur
1792 3150 2006 3203 tamen
2057 3138 2360 3202 memorie
2397 3150 2697 3203 consuete.

1498 3237 1564 3292 et
1572 3227 1714 3311 fiat
1739 3227 2077 3292 servitium
2106 3226 2186 3290 de
2205 3231 2481 3290 mortuis
2509 3227 2700 3308 infra
2785 3275 2795 3282 .

1498 3327 1774 3381 octavas.
1879 3317 2020 3380 Nec
2065 3315 2312 3379 dicitur
2328 3315 2354 3352 ³
2397 3315 2702 3398 psalmus

1499 3405 1604 3470 Te
1647 3406 1849 3469 deum
1913 3403 2100 3486 infra
2156 3412 2416 3468 octavas
2473 3423 2585 3467 nec
2624 3405 2699 3467 in

1498 3494 1756 3558 octavis.

1503 3587 1569 3662 11·
1617 3581 1856 3648 Sancti
1879 3578 2162 3645 martini
2184 3579 2454 3664 episcopi
2476 3590 2542 3644 et
2557 3600 2700 3645 con·

1534 3691 1785 3735 essoris.

1483 3674 1626 3824 {qd
1647 3770 1942 3841 vesperas
1967 3755 2313 3840 antiphone
2355 3765 2419 3819 et
2449 3755 2705 3838 psalmi

1487 3846 1784 3930 feriales.
1879 3847 2028 3928 Cap.
2121 3845 2297 3908 Ecce
2371 3845 2699 3909 sacerdos,

1500 3935 1618 4000 Re.
1654 3937 1991 4000 Dixerunt
2020 3931 2344 4014 discipuli.
2390 3931 2702 4012 Hymnus

1506 4024 1646 4088 Iste
1691 4023 2042 4087 consessor.
2133 4036 2180 4105 γ
2224 4018 2520 4083 Amavit.
2612 4019 2699 4082 In

1498 4112 1780 4194 evangel.
1809 4119 1916 4174 an.
1981 4107 2044 4173 O
2077 4107 2402 4172 martine:
2448 4126 2492 4170 o
2534 4105 2648 4188 pie
2683 4129 2699 4171 :

1503 4219 1708 4284 quam
1740 4199 1923 4283 pium
1970 4204 2073 4260 est
2116 4195 2408 4278 gaudere
2447 4193 2536 4259 de
2587 4203 2700 4260 te:

1504 4309 1547 4353 o
1595 4289 1915 4352 martine:
1961 4283 2301 4368 prophetis
2377 4302 2699 4366 compar:

2187 4408 2208 4436 ¹
2247 4409 2262 4432 ⁸
2276 4412 2324 4454 et
2340 4403 2354 4428 ’
2389 4421 2510 4456 om..·
2541 4407 2607 4456 R.
