3117 4959
742 219 848 274 IN
887 218 1155 274 FESTO
1194 220 1257 272 S.
1306 217 1724 274 AMBROSIJ
1763 221 2160 278 EPISCOPI.

728 329 881 384 243

200 434 269 499 in
338 433 571 516 prima
638 433 965 500 dominica
1038 433 1392 498 aduentus.¹

204 523 451 588 Oratio.
546 523 735 586 Deus
766 524 879 606 qui
910 524 997 586 de
1027 523 1224 586 beate
1256 542 1399 586 ma-

196 612 305 674 rie.
397 610 529 674 Ad
548 620 797 675 sextam
840 619 947 676 ar'i.
998 611 1400 693 Egredietur

198 699 523 763 dominus,
603 708 705 780 pf.
755 698 1037 764 Defecit.
1132 699 1395 781 Capitu-

194 787 354 850 lum.
445 787 623 851 Ecce
651 787 839 869 virgo
871 788 1215 870 concipiet.
1279 786 1393 852 Re.

199 873 503 939 Ostende
523 876 717 938 nobis
736 875 1053 939 domine.²
1082 885 1159 940 ut
1174 884 1393 956 supra.

192 962 324 1026 Ad
364 983 603 1026 nonam
662 971 767 1028 ανῖ.
828 964 984 1027 Non
1046 965 1395 1027 auferetur.

178 1059 280 1131 pf.
318 1051 669 1114 Mirabilia.
1001 1051 1393 1133 Capitulum.

190 1138 686 1270 Egredietur
756 1138 947 1221 virga
1020 1141 1105 1202 de
1174 1140 1393 1203 radice

338 1227 532 1308 jesse.
621 1235 691 1290 et
726 1225 851 1290 flos
882 1228 967 1290 de
998 1228 1217 1292 radice
1250 1227 1393 1309 ejus

194 1315 533 1378 ascendet.
608 1323 679 1378 et
752 1315 1121 1396 requiescet
1194 1335 1395 1399 super

191 1421 351 1466 eum
380 1403 651 1484 spiritus
682 1402 953 1466 domini.
1014 1404 1133 1468 Re.
1178 1403 1395 1485 Super

192 1499 261 1553 te
309 1489 755 1554 hierusalem.a
849 1495 981 1554 Or’v
1040 1500 1118 1554 ut
1172 1502 1390 1573 supra.

188 1577 323 1640 Ad
342 1588 635 1659 vesperas
662 1587 789 1641 ane
812 1578 893 1641 de
917 1579 1223 1642 laudibus
1248 1599 1393 1642 cum

181 1665 467 1746 psalmis
523 1666 605 1729 de
658 1666 944 1731 domina.
1004 1667 1392 1749 Capitulum.

190 1753 598 1834 Egredietur
653 1755 858 1836 virga.
975 1755 1091 1820 Re.
1148 1755 1395 1820 Christi

191 1842 399 1922 virge.
497 1842 827 1924 Hymnus.
938 1840 1158 1924 Quem
1220 1853 1394 1907 terra

190 1938 465 2010 pontus,
508 1951 653 1992 cum
686 1930 748 1995 Ο
786 1929 1072 2012 gloriosa
1104 1931 1395 1995 domina.

192 2034 241 2102 y
296 2017 699 2098 Egredietur
742 2019 946 2099 virga.
1036 2018 1121 2081 In
1169 2039 1393 2100 evang.

186 2113 303 2168 aii.
376 2105 439 2170 Ο
471 2107 659 2188 virgo
691 2107 1021 2188 virginum
1054 2108 1395 2188 quomodo

186 2192 315 2256 fiet
374 2193 571 2258 istud.
680 2195 837 2275 quia
910 2214 1034 2257 nec
1108 2196 1393 2276 primam

184 2279 484 2344 similem
516 2280 658 2344 visa
706 2302 777 2344 es
827 2301 948 2346 nec
996 2281 1241 2346 habere
1293 2303 1396 2346 se-

186 2377 563 2450 quentem:
608 2367 743 2432 filie
792 2369 1187 2433 hierusalem
1233 2372 1395 2454 quid

186 2477 307 2519 me
338 2456 762 2520 admiramini
784 2457 1083 2521 divinum
1116 2467 1217 2522 est
1251 2480 1398 2542 my-

78 2579 85 2584 ·
186 2545 473 2608 sterium
523 2543 651 2607 hoc
712 2545 893 2626 quod
944 2547 1232 2610 cernitis,
1294 2555 1395 2629 pi

190 2634 377 2714 Mag.
474 2631 607 2696 Oro
636 2641 713 2694 ut
737 2644 938 2714 supra
968 2635 1155 2697 Deus
1201 2637 1397 2717 qui.⁴·'’

192 2725 265 2797 (ἶ
312 2719 550 2783 Sancti
574 2719 889 2784 ambrosii
902 2721 1168 2804 episcopi
1179 2731 1243 2784 et
1256 2743 1397 2786 con-

168 2807 505 2890 fissorzkfi
524 2805 550 2845 ⁷
671 2807 761 2872 Si
780 2808 805 2846 ⁸
874 2819 1093 2872 autem
1152 2811 1399 2892 pascha

185 2896 471 2960 evenerit
480 2895 623 2979 fiat
648 2895 988 2960 servicium
1035 2899 1116 2961 de
1158 2920 1225 2962 eo
1254 2919 1397 2964 cum

190 3058 319 3171 RN¹
345 3056 553 3172 §Quen
588 3057 647 3106 in
670 3057 851 3120 prima
886 3057 1014 3108 dom.
1067 3059 1201 3109 adv!
1248 3076 1397 3113 οπως

245 3159 259 3172 .
322 3159 333 3172 .
386 3135 456 3171 .2.

292 3191 314 3219 ²
352 3193 367 3218 ‘
383 3187 775 3237 misericordiam
810 3194 945 3238 tuam
972 3188 1107 3267 [cum
1141 3190 1256 3240 all’a
1280 3193 1387 3256 82].

192 3243 245 3318 Ϋ
282 3254 349 3303 Et
372 3254 589 3303 salutare
611 3261 751 3304 tuum
774 3255 841 3303 da
876 3255 1037 3306 nobis.
1112 3257 1393 3308 Misericor-

191 3321 329 3368 diam
354 3327 507 3370 tuam.
550 3320 739 3370 Gloria.
786 3320 1024 3372 Ostende.
1056 3311 1107 3386 Ϋ
1133 3323 1392 3373 Memento

188 3385 350 3434 nostri
396 3385 599 3434 domine
634 3386 687 3434 in
722 3386 1037 3452 beneplacito
1085 3389 1261 3454 populi
1299 3390 1388 3440 tui.

192 3453 279 3500 Re.
336 3451 501 3541 Yisita
516 3466 608 3500 nos
642 3451 695 3500 in
728 3453 929 3503 salutari
968 3461 1071 3503 tuo·
1139 3455 1313 3504 Oratio
1334 3462 1396 3504 ut

192 3525 367 3614 ‘apia‘
386 3517 843 3634 Oafficgthxssdffmffgus
865 3584 1111 3648 [domium
1135 3585 1232 3648 N.]
1256 3587 1392 3648 [cum

190 3647 309 3698 all’a
333 3667 347 3698 ι
372 3648 481 3710 82].
524 3639 576 3710 j*
595 3649 662 3697 Et
674 3650 834 3712 gloria
858 3651 1089 3714 [gloriam
1110 3669 1123 3700 ε
1160 3652 1251 3714 82]
1286 3652 1392 3715 ejus

190 3715 243 3763 in
288 3723 340 3764 te
378 3714 630 3764 videbitur
680 3716 894 3777 [videbis
918 3735 930 3765 :
968 3717 1073 3778 52].
1170 3715 1387 3768 Orietur.

190 3781 366 3830 Gloria
390 3781 556 3844 Super
578 3787 643 3830 te.
695 3772 747 3846 Ῠ
782 3783 1002 3832 Domine
1023 3783 1145 3831 deus
1162 3783 1400 3832 virtutum

188 3855 427 3896 converte
463 3861 571 3896 nos.
647 3847 713 3896 Et
736 3849 942 3897 ostende
966 3849 1144 3898 faciem
1171 3857 1308 3898 tuam
1348 3856 1399 3900 et

186 3913 315 3962 salvi
338 3913 525 3962 erimus
543 3912 557 3935 ’
573 3912 673 3961 add
697 3930 709 3963 :
746 3915 983 3964 R.N.Sz.
1200 3913 1207 3920 ’

291 3983 311 4011 ⁴
344 3979 448 4027 Hic
471 3979 719 4028 inseretur
735 3981 876 4044 apud
894 3981 979 4029 51.
1009 3987 1056 4028 et
1077 3980 1161 4029 S2.
1234 3981 1397 4030 Servi-

186 4047 319 4095 tium
328 4045 463 4108 festi
490 4045 804 4096 Viritatzonis
822 4046 887 4096 B.
933 4047 1118 4096 Maric-
1167 4045 1245 4110 Cf.
1290 4049 1398 4112 Ap-

175 4113 437 4176 perdicem
460 4111 619 4175 infra.

286 4183 309 4210 ⁵
348 4184 363 4209 ⁸
378 4179 529 4229 Inter
562 4177 757 4242 festum
812 4179 1227 4228 annunciationis·
1269 4179 1396 4228 beate

184 4247 345 4296 man'e
354 4253 401 4295 et
398 4247 597 4310 fertum
612 4246 775 4293 sancti
788 4246 1027 4294 ambrosii
1036 4245 1295 4294 celebretur
1287 4245 1393 4309 fes·

184 4319 295 4361 tum
317 4312 627 4362 visitationis·
646 4311 777 4360 beate
799 4313 955 4360 marie
973 4312 1108 4375 quod
1100 4311 1288 4374 festum
1313 4313 1392 4360 in-

183 4381 417 4430 venietur
438 4381 493 4429 in
506 4377 623 4441 sane
644 4377 791 4427 istius
811 4379 936 4428 libri
954 4376 967 4401 ²
988 4377 1093 4427 add
1102 4393 1119 4426 .·
1162 4377 1313 4429 WE.
1326 4378 1383 4428 G.

2013 331 2162 384 244

1498 434 1586 500 ix.
1613 435 1984 500 lectionibus
2009 457 2156 500 cum
2201 437 2492 501 oratione
2520 445 2594 499 ut
2623 439 2694 502 in

1495 525 1866 588 communi.⁸
2404 526 2620 589 Lectio
2631 527 2693 605 j.

1493 611 1829 743 Igitur-⁹
1883 613 2104 694 posito
2151 611 2218 675 in
2269 613 2694 676 administra-

1607 700 1790 763 tione
1864 701 2230 782 presecture
2273 701 2622 781 galliarum
2648 700 2696 738 ¹⁰

1494 796 1686 869 patre
1735 787 1877 869 ejus
1929 789 2306 853 ambrosio:
2352 800 2549 852 natus
2589 797 2694 852 est

1494 875 1670 939 filius
1699 875 1844 957 ejus
1873 876 2261 940 ambrosius
2354 875 2489 958 Qui
2536 896 2691 940 cum

1493 962 1560 1026 in
1595 965 1782 1026 cunis
1813 965 2069 1046 positus
2101 974 2336 1045 aperto
2380 984 2496 1027 ore
2539 966 2694 1028 dor-

1492 1051 1728 1116 miret:
1759 1052 1982 1116 subito
2013 1071 2302 1116 examen
2336 1072 2538 1134 apum
2571 1052 2691 1114 ad-

1491 1139 1794 1204 veniens:
1826 1140 2063 1204 faciem
2091 1141 2234 1221 ejus
2265 1149 2334 1203 et
2364 1160 2480 1204 ora
2510 1159 2693 1203 com-

1492 1227 1744 1310 plevit:
1819 1230 1916 1292 ita
1983 1238 2058 1292 ut
2134 1227 2548 1309 ingrediendi
2622 1236 2694 1291 et

1492 1317 1876 1396 egrediendi
1921 1317 2096 1380 vices
2141 1316 2208 1379 in
2255 1336 2332 1378 os
2377 1315 2520 1396 ejus
2565 1315 2694 1377 sre-

1492 1413 1909 1485 quentarent.
2374 1402 2592 1466 Lectio
2623 1402 2695 1485 ij.

1633 1511 1712 1554 ue
1758 1501 1993 1574 postea
2040 1489 2382 1555 evolantes
2431 1491 2496 1553 in
2543 1499 2694 1553 tan-

1629 1589 1769 1643 tam
1803 1580 1971 1642 aeris
2002 1578 2422 1642 altitudinem
2469 1577 2692 1642 suble-

1491 1678 1648 1732 vate
1700 1677 1899 1730 sunt:
1947 1675 2021 1730 ut
2053 1667 2095 1704 ¹¹
2146 1666 2454 1729 humanis
2485 1666 2694 1729 oculis

1495 1755 1769 1818 minime
1799 1755 2192 1818 viderentur.
2278 1754 2434 1837 Quo
2465 1773 2693 1836 perac-

1492 1851 1606 1908 to:
1653 1843 1917 1907 territus
1947 1851 2140 1925 pater
2167 1842 2278 1906 ait.
2345 1841 2418 1906 Si
2447 1842 2693 1904 vixerit

1494 1931 1712 1994 infans
1761 1931 1930 1995 iste:
1977 1929 2228 2013 aliquid
2277 1930 2500 2011 magni
2549 1931 2691 1994 erit.

1497 2019 1738 2083 Postea
1767 2039 1924 2082 vero
1956 2038 2108 2081 cum
2141 2018 2558 2081 adolevisset.
2622 2025 2692 2080 et

1494 2127 1680 2170 rome
1739 2106 1944 2170 literis
1998 2106 2294 2170 eruditus
2346 2113 2560 2169 esset:
2622 2105 2690 2167 in

1494 2195 1874 2258 adutorium
1906 2195 2272 2277 prefecture
2304 2193 2573 2276 pretorii
2605 2193 2692 2256 ad

1494 2282 1842 2346 consilium
1896 2282 2322 2346 tribuendum
2385 2281 2692 2363 eligitur:

1494 2379 1649 2454 post
1672 2370 1854 2452 quod
1900 2371 2190 2452 suscepit
2219 2369 2502 2450 insignia
2533 2388 2693 2432 con-

1495 2458 1770 2522 sulatus,
2346 2457 2563 2520 Lectio
2593 2455 2691 2538 iij.

1508 2548 1856 2681 Cunque
1886 2544 2336 2609 mediolanum
2382 2545 2691 2608 venisset.

1632 2643 1701 2698 et
1746 2654 1948 2697 causa
2000 2633 2296 2697 sedande
2347 2633 2692 2696 seditionis

1495 2742 1628 2804 que
1675 2731 1818 2786 erat
1866 2722 1932 2785 in
1980 2721 2230 2803 populo
2280 2721 2346 2782 in
2400 2719 2695 2802 petendo

1496 2813 1884 2893 episcopum
1935 2810 2228 2890 perrexit
2284 2808 2368 2870 ad
2423 2807 2694 2871 ecclesi-

1498 2919 1652 2964 am:
1707 2898 1931 2962 subito
1975 2897 2182 2959 fertur
2225 2917 2362 2958 vox
2423 2895 2694 2958 infantis

1769 3061 1783 3084 6
1950 3056 1964 3079 2
2157 3056 2167 3067 ⁸
2209 3070 2219 3081 .

1599 3062 1621 3156 ζ
1642 3054 1968 3189 ‘fssstaeizanfaessn
1985 3055 2304 3171 ‘122me
2304 3054 2550 3170 ‘omMn‘siZ-de
2570 3136 2694 3169 com-

1497 3192 1650 3241 muni
1681 3195 1852 3254 preter
1898 3188 2142 3237 lectiones’
2181 3186 2310 3236 add:
2371 3186 2692 3237 W.E.G.Sr.

1498 3262 1513 3287 ‘
1528 3259 1602 3307 ad
1620 3263 1746 3320 vesp.
1773 3259 1858 3306 aa.
1888 3253 1990 3316 Qui
2011 3269 2094 3302 me
2123 3253 2389 3302 confessus.
2417 3269 2528 3301 cum
2563 3253 2697 3300 anti-

1482 3324 1672 3389 phonis
1715 3337 1763 3370 se
1911 3320 2019 3368 ibus
2059 3325 2108 3368 et
2148 3320 2364 3384 psalmis
2396 3319 2690 3383 fer-idibus.

1500 3388 1585 3454 Cp.
1617 3389 1750 3438 Ecce
1771 3385 2015 3436 sacerdos
2067 3387 2154 3435 Re.
2185 3385 2335 3434 Miles
2358 3384 2558 3434 Christi.
2583 3401 2697 3434 cum

1492 3454 1710 3504 alleluia.
1796 3453 2050 3516 Hymnus.
2125 3451 2230 3501 Iste
2301 3450 2566 3500 consessor.

1491 3520 1678 3569 Amavi
1712 3534 1843 3569 eum.
1916 3520 1984 3567 In
2023 3534 2163 3567 evan.
2193 3523 2276 3566 an.
2309 3516 2576 3566 Confessor
2607 3516 2697 3565 do-

1491 3587 1632 3636 mini.
1711 3592 1792 3649 pf.
1855 3583 2162 3648 Magnificat.

1492 3652 1657 3701 muni.
1715 3651 1806 3698 Ad
1822 3657 1977 3698 matu.
1998 3651 2170 3698 omnia
2190 3649 2248 3698 de
2268 3649 2523 3698 communi
2530 3655 2702 3712 preter

1491 3717 1752 3766 secundam
1772 3721 1820 3765 et
1849 3717 2046 3765 tertiam
2083 3717 2299 3764 lectiones
2337 3731 2427 3778 que
2458 3720 2610 3762 erunt
2640 3713 2700 3762 de

1497 3784 1608 3832 vita
1627 3785 1745 3847 ejus.
1815 3783 1998 3831 Prima
2020 3783 2154 3830 lectio
2174 3781 2271 3836 erit
2310 3781 2366 3829 de
2402 3779 2700 3844 expositione

1498 3849 1606 3898 Vos
1627 3849 1743 3898 estis
1781 3849 1868 3897 lux
1906 3848 2094 3897 mundi.
2173 3845 2365 3895 Omih'a
2400 3851 2460 3894 ut
2493 3845 2549 3892 in
2572 3859 2696 3892 com-

1500 3917 1663 3964 muni.
1705 3915 1867 3963 Lectio
1885 3915 1938 3978 ij.
1990 3915 2152 3977 Igitur
2167 3913 2282 3961 etc.’
2307 3911 2439 3959 add:
2453 3911 2691 3959 R.N.Sz.

1599 3985 1618 4012 ⁸
1649 3981 1788 4029 Haec
1818 3981 1964 4029 verba
2007 3996 2040 4028 a
2092 3984 2106 4007 ‘
2124 3978 2187 4026 Si
2213 3975 2406 4026 autem'
2445 3991 2598 4040 mque
2631 3975 2706 4023 ad

1504 4051 1519 4076 ⁸
1536 4047 1791 4097 communi
1803 4044 1816 4068 ’
1837 4062 1932 4095 om.
1958 4059 1976 4093 .·
2020 4041 2578 4094 WR.E.G.N.S1.82.

1598 4116 1620 4144 ⁹
1650 4113 1728 4161 Et
1749 4113 1806 4160 in
1845 4111 1938 4160 hac
1971 4111 2066 4159 lect.
2114 4111 2233 4174 ijda.
2261 4111 2581 4157 continentur
2598 4123 2698 4157 om-

1497 4179 1590 4228 m‘a
1611 4195 1720 4244 qua
1740 4185 1960 4242 quatuor
1985 4177 2170 4240 prima
2204 4175 2456 4225 continent
2485 4175 2702 4224 lectiones

1494 4245 1636 4310 apud
1667 4245 1718 4293 Y.
1747 4251 1832 4294 etc.
1861 4243 2098 4292 R.N.Sz.

1595 4313 1632 4342 ¹⁰
1672 4311 1764 4359 ‘a'
1790 4309 1926 4358 add:
1961 4307 2124 4357 E.Sx.

1596 4377 1627 4407 ¹¹
1673 4375 1942 4425 ‘in’addz
1979 4375 2042 4424 R.
2120 4371 2282 4422 ‘ab't
2314 4371 2384 4422 N.

2259 3584 2430 3632 Oratio
2473 3584 2530 3631 de
2567 3599 2690 3630 com·
2771 3601 2778 3608 ·
