3117 4959
819 261 881 315 S.
936 259 1380 334 JOHANNJS
1424 259 1862 320 BAPTJSTE.

628 370 783 424 889

142 485 413 556 vesperas.
497 475 837 556 antiphone
868 477 951 540 de
986 477 1294 540 laudibus

141 583 263 626 cum
279 561 543 644 psalmis
558 564 927 642 ferialibus,
1027 565 1290 646 Capitu-

141 652 273 714 lum.
354 650 601 714 Audite
632 653 857 716 insule.
926 653 1039 716 Re.
1109 655 1292 717 Inter

142 750 321 802 natos
393 740 709 819 Hymnus.
788 741 849 805 O
884 743 1079 805 nimis
1111 740 1289 804 felix.

144 843 183 911 y
236 827 375 889 Fuit
431 827 642 891 home.
757 830 841 892 In
902 850 1124 911 evang.
1187 839 1291 892 an.

146 916 289 978 Puer
328 915 435 997 qui
482 925 673 980 natus
726 927 828 980 est
872 917 1065 980 nobis
1116 917 1291 999 plus-

142 1022 313 1084 quam
355 1003 675 1085 propheta
706 1015 804 1068 est
836 1004 943 1068 hie
976 1015 1077 1068 est
1114 1005 1289 1068 enim

140 1093 211 1154 de
245 1112 367 1172 quo
408 1093 698 1157 salvator
738 1094 831 1156 ait
882 1095 1052 1157 inter
1102 1104 1293 1155 natos

140 1179 449 1242 mulierum
510 1201 643 1244 non
720 1183 1007 1245 surrexit
1083 1181 1297 1260 major

133 1267 391 1347 johanne
422 1269 728 1350 baptista.
802 1279 905 1351 ps.
984 1268 1295 1351 Magnifi-

138 1364 243 1417 cat.
316 1355 454 1419 Oro.
536 1357 721 1420 Deus
750 1360 865 1440 qui
898 1367 1291 1438 presentem.

143 1448 196 1520 ΙΙ
236 1443 506 1507 Secundo
578 1445 689 1508 die
742 1445 867 1509 Ad
934 1445 1297 1508 matutinas

138 1531 586 1597 Invitatorium.
706 1534 963 1616 Regem
1034 1553 1296 1616 precur-

138 1638 341 1682 sorem.
396 1630 495 1701 ps.
565 1622 825 1686 Venite.
892 1622 974 1684 H
956 1642 1091 1700 ym.
1151 1621 1295 1683 An-

136 1717 223 1768 tra
286 1707 535 1772 deserti.
656 1709 743 1772 In
816 1719 1120 1772 nocturno
1188 1717 1293 1772 an.

139 1793 487 1876 Priusquam
528 1805 617 1860 te.
692 1801 793 1879 ps.
886 1798 1133 1860 Beatus
1177 1799 1293 1860 vir.

134 1893 185 1944 et
224 1885 395 1946 ceteri
435 1884 692 1966 psalmi
737 1884 907 1947 sicut
958 1887 1029 1947 in
1082 1885 1187 1947 die
1236 1893 1301 1946 et

135 1972 213 2032 sic
232 1982 348 2052 per
370 1982 628 2035 octavas
655 1973 911 2053 quando
938 1973 1019 2035 de
1042 1994 1109 2035 eo
1138 1972 1297 2035 dici-

136 2068 241 2122 tur.
321 2076 365 2144 y
410 2060 640 2124 Gloria
671 2070 739 2123 et
770 2060 1033 2123 honore.
1082 2061 1221 2124 Lec.
1233 2061 1295 2142 j.

134 2149 651 2276 Festivitatem
673 2156 1043 2230 presentem
1068 2148 1297 2212 fratres

260 2235 607 2299 karissimi¹
637 2258 651 2300 ε
683 2237 1039 2300 venerandi
1059 2236 1297 2318 johan-

134 2323 219 2383 nis
283 2324 567 2404 baptiste
644 2325 912 2406 gemina
986 2325 1297 2388 nativitas

134 2413 546 2476 consecravit:
598 2413 712 2493 qui
768 2412 1010 2474 idcirco
1056 2413 1121 2476 in
1171 2413 1297 2476 hoc

134 2499 391 2562 seculum
452 2520 743 2582 superna
802 2500 1297 2582 dispensatione

134 2585 385 2650 directus
415 2597 561 2652 est:
610 2597 685 2650 ut
725 2606 859 2650 non
906 2589 1121 2650 solum
1158 2589 1297 2670 ipse

133 2674 465 2755 prophetali
550 2675 1018 2739 sublimaretur
1089 2676 1299 2758 gloria

134 2763 229 2824 sed
258 2772 323 2825 ut
353 2765 657 2826 omnium
683 2784 799 2845 per
828 2784 981 2846 eum
1015 2764 1298 2846 prophe-

135 2858 317 2912 tarum
349 2851 663 2932 preconia
686 2851 1113 2914 firmarentur.
1181 2852 1296 2916 Re.

137 2935 264 3001 Fuit
292 2939 503 3002 hom0.
980 2939 1196 3002 Lectio
1228 2940 1295 3022 ij.

137 3028 285 3156 H
298 3029 351 3090 ic
408 3029 593 3090 enim
669 3027 937 3109 speciali
1004 3027 1295 3108 quadam

297 3119 505 3193 gratia
538 3116 628 3181 ob
652 3116 779 3181 hoc
808 3116 1294 3198 redemptorem

134 3205 330 3267 mundi
383 3207 779 3268 novissimus
833 3203 1297 3286 prophetavit:

136 3297 195 3350 ut
220 3310 357 3354 eum
391 3295 645 3375 primus
678 3292 1069 3355 ostenderet.
1164 3291 1297 3354 Hic

134 3377 305 3441 etiam
380 3381 561 3444 solus
624 3389 724 3442 est
784 3379 1299 3462 prophetarum:

134 3466 227 3543 qui
292 3468 637 3532 dominum
699 3477 996 3530 nostrum
1068 3468 1296 3548 Jesum

137 3551 437 3618 Christum
518 3575 719 3639 quem
796 3555 905 3618 alii
968 3555 1035 3617 in
1098 3554 1297 3635 longa

135 3638 393 3706 futurum
412 3654 718 3726 tempora
732 3644 1133 3725 prescierunt
1148 3662 1297 3723 pro-

135 3729 266 3807 priis
294 3733 513 3795 videre
560 3731 765 3794 oculis
812 3730 1052 3794 meruit
1082 3738 1149 3792 et
1182 3750 1297 3792 an-

135 3819 411 3882 nunciare
466 3829 861 3901 presentem.
950 3819 1067 3880 Re.
1164 3819 1297 3880 De-

133 3907 361 3970 scendit
390 3907 683 3990 angelus
957 3906 1171 3968 Lectio
1202 3905 1298 3987 iij.

274 3997 533 4058 eniente
607 3995 782 4057 enim
859 3994 1133 4057 domino
1211 3994 1298 4055 ad

276 4082 679 4164 baptismum
722 4085 891 4145 sicut
936 4081 1293 4144 sacratissi-

133 4185 291 4231 mum
327 4171 741 4252 evangelium
776 4169 973 4233 refert
1003 4191 1015 4232 ε
1064 4169 1298 4232 beatus

132 4253 254 4334 ejus
277 4258 641 4340 baptisma²
671 4257 1051 4339 hujusmodi
1072 4277 1297 4338 proru-

405 4395 419 4423 ¹
455 4391 763 4442 charissimi:
800 4392 865 4440 N.

405 4459 426 4490 ²
456 4457 711 4523 baptista:
748 4459 807 4508 R.
820 4457 948 4508 N.S.

1903 374 2060 430 340

1393 478 1491 560 pit
1524 478 1590 541 in
1623 498 1873 542 vocem.
1967 477 2144 543 Ecce
2185 497 2400 560 agnus
2441 481 2592 545 dei:

1394 585 1546 628 eece
1601 568 1713 649 qui
1770 567 1946 628 tollit
2005 578 2282 649 peccata
2343 569 2592 630 mundi.

1396 653 1674 736 Propter
1710 654 1834 716 hoc
1881 655 2191 718 nimirum
2239 654 2592 738 plusquam

1395 743 1722 824 propheta
1753 764 1794 804 a
1824 741 2150 805 salvatore
2197 744 2414 806 dictus
2447 753 2548 806 est
2578 765 2593 806 ε

1394 832 1709 912 quoniam
1733 831 1930 894 ceteri
1947 850 2181 894 omnes
2195 831 2454 894 venturi
2477 832 2597 894 ad·

1394 918 1525 980 huc
1575 919 1818 984 Christi
1852 919 2032 982 suere
2080 939 2441 1001 precones:
2488 919 2594 983 hic

1396 1016 1620 1068 autem
1682 1006 2188 1088 probatissimus
2239 1009 2422 1070 venit
2474 1007 2594 1070 do-

1396 1096 1557 1156 mini
1613 1096 1938 1175 presentis
1991 1104 2292 1158 assertor.
2409 1094 2596 1158 Plus-

1395 1202 1598 1263 quam
1632 1182 1956 1266 propheta
1981 1193 2118 1246 est:
2161 1182 2350 1264 cujus
2381 1183 2594 1246 mani-

1396 1269 1521 1333 bus
1594 1271 1778 1352 quod
1839 1271 2002 1333 nulli
2079 1279 2182 1332 est
2243 1272 2592 1354 prestitum

1396 1357 1916 1439 prophetarum:
1982 1359 2454 1440 baptizandum
2523 1379 2596 1421 se

1397 1444 1570 1508 filius
1602 1447 1708 1509 dei
1742 1446 2100 1509 inclinavit.
2152 1445 2268 1509 Re.
2325 1446 2595 1509 Gabriel

1397 1533 1690 1614 angelus
1753 1543 1854 1615 ps.
1923 1534 2024 1596 Te
2057 1533 2273 1596 deum.
2345 1549 2391 1618 y
2441 1535 2595 1597 Fuit

1397 1621 1619 1684 hom0.
1741 1623 1828 1684 In
1902 1621 2210 1684 laudibus
2279 1621 2392 1684 hcc
2458 1623 2598 1684 sola

1393 1709 1748 1790 antiphona
1783 1709 2102 1772 Elizabet.
2179 1718 2279 1791 ps.
2361 1708 2598 1772 Domi-

1398 1817 1523 1859 nus
1556 1798 1872 1878 regnavit.
1970 1797 2117 1878 Cap.
2209 1795 2466 1859 Audite
2499 1798 2596 1859 in-

1396 1884 1555 1947 sule.
1647 1885 1971 1965 Hymnus.
2068 1885 2130 1950 O
2178 1885 2375 1947 nimis
2411 1883 2594 1948 felix.

1404 1989 1445 2058 y
1490 1973 1722 2053 Justus
1775 1983 1849 2036 ut
1902 1971 2144 2055 palma„
2234 1972 2318 2034 In
2370 1993 2593 2054 evang.

1394 2069 1501 2124 an.
1589 2061 1702 2123 Ex
1734 2071 1937 2124 utero,
2015 2069 2112 2143 ps’.
2182 2061 2596 2124 Benedictus

1403 2148 1649 2212 Oratio.
1775 2150 1960 2212 Deus
2036 2147 2150 2230 qui
2222 2158 2595 2229 presentem

1400 2235 1578 2298 diem
1681 2237 1746 2300 A
1754 2236 1808 2299 α’
1858 2236 2054 2299 horas
2126 2236 2467 2318 antiphone
2519 2236 2600 2299 de

1397 2323 1718 2387 laudibus.
1815 2323 2200 2406 Capitulum.
2311 2323 2592 2405 Respon-

1394 2412 1642 2474 sorium
1701 2413 1934 2477 Oratio
1985 2421 2062 2475 ut
2106 2422 2304 2492 supra
2353 2413 2422 2474 in
2471 2412 2590 2474 die.

1397 2500 1521 2563 Ad
1558 2511 1850 2581 vesperas
1879 2509 1984 2564 aii.
2078 2499 2397 2563 Elizabet.
2487 2499 2600 2562 hec

1394 2588 1535 2650 sola
1587 2588 1940 2669 antiphona
1997 2587 2263 2650 dicatur
2315 2589 2600 2668 quotidie

1396 2676 1491 2737 ad
1503 2686 1796 2757 vesperas
1809 2691 1960 2756 supe
1967 2697 2000 2730 r
2000 2675 2294 2756 psalmos
2298 2675 2592 2754 firiales.

1398 2783 1598 2845 usque
1651 2763 1749 2825 ad
1807 2764 2110 2844 vigiliam
2170 2763 2597 2843 apostolorum

1396 2852 1653 2932 quando
1665 2851 1761 2932 fit
1786 2850 2128 2914 servicium
2160 2851 2366 2912 trium
2388 2850 2596 2914 lectio-

1400 2959 1575 3001 num.
1637 2938 2024 3020 Capitulum.
2091 2937 2347 3000 Audite
2366 2938 2590 3000 insule.

1396 3026 1707 3106 Hymnus
1739 3027 1800 3090 O
1849 3025 2044 3089 nimis
2076 3024 2254 3087 felix.
2345 3041 2391 3110 y
2441 3026 2596 3088 Fuit

1397 3113 1617 3177 homo,
1708 3114 1793 3176 In
1853 3111 2182 3193 evangelio
2239 3121 2346 3174 αῆ.
2440 3112 2594 3194 Ipse

1398 3201 1658 3284 preibit.
1719 3211 1820 3283 ps.
1901 3198 2310 3280 Magnificat.
2375 3201 2476 3262 Et
2503 3209 2598 3262 est

1395 3288 1721 3352 sciendum
1751 3288 1922 3370 quod
1963 3287 2302 3368 antiphone
2335 3287 2415 3350 de
2447 3289 2594 3370 pri-

1400 3379 1527 3440 mis
1550 3379 1826 3460 vesperis
1846 3376 2172 3439 dicentur³
2194 3395 2335 3437 cum
2366 3395 2594 3438 earum

1401 3465 1761 3546 repetitione
1791 3464 1977 3544 infra
2021 3473 2277 3526 octavas
2319 3463 2416 3526 ad
2460 3485 2595 3526 ves·
2623 3541 2628 3546 ⁶

1390 3565 1584 3635 peras
1613 3563 1672 3615 et
1701 3554 1796 3615 aa'
1821 3551 2184 3615 matutinas
2210 3563 2401 3633 super
2413 3553 2593 3633 psal-

1400 3662 1537 3703 mos
1569 3641 1959 3722 Magnificat
2001 3649 2064 3703 et
2108 3640 2506 3703 Benedictus
2537 3649 2599 3702 et

1397 3729 1493 3790 ad
1562 3729 1936 3791 memoriam
2011 3747 2152 3790 cum
2230 3728 2310 3790 a'e
2378 3727 2597 3807 aliquo

1396 3827 1614 3878 sancto
1641 3817 1738 3898 fit
1762 3815 2122 3878 servicium.
2212 3816 2315 3877 Et
2340 3815 2596 3896 quando

1383 3905 1479 3987 fit
1506 3905 1585 3966 de
1610 3915 1828 3967 sancto
1848 3903 2152 3984 johanne.
2246 3901 2597 3964 versiculus

1399 3993 1496 4055 ad
1535 4003 1831 4074 vesperas
1874 4001 2027 4073 post
2073 3990 2384 4068 hymnum
2441 3989 2595 4051 Fuit

1398 4079 1618 4143 homo,
1709 4078 1834 4142 Ad
1857 4077 2217 4140 matutinas
2247 4074 2597 4138 versiculus

1398 4167 1630 4249 Justus
1692 4176 1766 4229 ut
1828 4166 2066 4247 palma.
2175 4162 2262 4226 Si
2333 4162 2593 4226 tamen⁴

1400 4254 1710 4319 memoria
1735 4263 1872 4316 tam
1890 4252 1985 4314 ad
2009 4250 2371 4313 matutinas
2398 4271 2596 4333 quam

1636 4391 1655 4419 ⁸
1687 4389 1965 4436 dicuntur:
2001 4385 2142 4434 RN.

1638 4456 1654 4486 ⁴
1689 4459 1888 4502 tantum
1908 4466 1926 4500 .·
1959 4450 2160 4500 R.N.S.
