3117 4959
971 231 1032 286 S.
1082 231 1338 288 LUCIE
1397 233 1773 291 VIRGINIS.

684 340 810 394 119

132 446 470 517 ,noticiam
567 447 948 529 pervenitur
1036 448 1350 530 proponit

157 553 316 615 ergo
377 534 562 598 litem
626 536 694 599 in
749 535 1002 623 judicio
1033 556 1350 619 sponsam

157 643 347 685 suam
423 623 1041 687 christianissimam
1118 635 1353 689 contra

159 710 340 793 leges
414 712 635 775 vivere
707 720 1156 794 augustorum.
1253 722 1350 795 pf.

163 800 348 861 Deus
441 808 667 863 noster
754 800 1104 882 refugium.
1243 812 1350 865 αῆ.

163 887 558 951 Paschasius
589 890 1076 971 proconsularis
1109 890 1350 953 luciam

162 976 520 1058 corripiens
597 977 774 1057 cepit
865 978 952 1040 ad
1029 978 1352 1043 sacrificia

158 1066 522 1128 demonum
555 1084 809 1146 cogere.
887 1076 990 1147 pf.
1085 1068 1140 1130 F
1142 1068 1354 1130 unda-

161 1162 404 1215 menta.
450 1169 498 1239 γ
547 1153 784 1235 Specie
816 1163 948 1217 tua.
983 1154 1199 1217 Lectio
1231 1155 1352 1238 iiii.

370 1242 423 1303 is
485 1242 730 1304 auditis
804 1242 975 1305 lucia
1032 1264 1352 1325 experge-

367 1328 547 1397 facta
588 1331 874 1393 surrexit
905 1339 1240 1395 tremens:
1287 1340 1355 1395 et

161 1418 256 1479 ait
290 1419 485 1480 matri
518 1438 650 1481 sue.
749 1418 971 1482 Mater
1020 1439 1172 1483 mea
1201 1440 1354 1483 ecce

159 1506 346 1568 salva
406 1505 582 1569 sacta
629 1526 742 1570 es:
817 1527 936 1589 per
996 1508 1207 1589 ipsam
1287 1517 1355 1571 te

159 1594 480 1676 deprecor
527 1614 658 1677 que
721 1604 789 1658 te
864 1595 1146 1659 salvavit
1221 1597 1356 1659 suis

157 1682 467 1763 precibus
527 1692 597 1745 et
648 1683 1100 1748 orationibus:
1151 1704 1234 1747 ne
1282 1694 1352 1747 tu

161 1770 324 1833 mihi
373 1770 737 1852 aliquando
787 1792 1104 1854 sponsum
1139 1772 1354 1835 nomi-

159 1879 298 1922 nes,
383 1858 526 1923 Sed
561 1861 788 1923 omnia
813 1880 944 1941 que
977 1860 1136 1923 mihi
1169 1862 1354 1925 eunti

159 1947 246 2011 ad
313 1949 750 2031 corruptionis
814 1969 962 2011 mee
1009 1958 1354 2012 auctorem

155 2036 498 2099 hominem
563 2037 950 2100 moriturum
1020 2057 1166 2101 eras
1241 2039 1359 2100 da-

155 2135 346 2188 tura:
417 2127 506 2189 da
576 2124 735 2187 mihi
801 2126 985 2189 eunti
1055 2126 1140 2189 ad
1190 2126 1357 2190 inte-

154 2213 418 2295 gritatis
450 2233 596 2276 mee
641 2222 978 2277 auctorem
1011 2214 1356 2278 dominum

154 2303 391 2383 Jesum
472 2301 807 2366 Christum
887 2303 1225 2365 viventem
1291 2306 1356 2367 in

153 2390 399 2453 secula.
493 2390 610 2453 Re.
689 2390 898 2454 Lucia
929 2391 1118 2473 virgo
1146 2391 1357 2472 judici

151 2479 374 2541 dixit:
422 2479 898 2560 patrimonium
949 2499 1172 2542 meum
1209 2488 1356 2544 tuto

149 2568 302 2630 loco
322 2567 652 2631 constitui.
676 2568 1110 2648 Corruptores
1129 2577 1352 2632 autem

153 2676 276 2719 nec
340 2655 634 2738 corporis
687 2676 809 2718 nec
887 2655 1128 2719 mentis
1205 2676 1354 2719 mee

151 2744 516 2826 aliquando
562 2745 832 2825 suscepi.
954 2760 1002 2830 γ
1038 2744 1349 2808 Hostiam

149 2843 456 2897 sanctam
488 2834 822 2895 viventem
870 2832 998 2895 deo
1029 2832 1182 2895 vivo
1216 2854 1351 2895 me-

149 2922 370 3003 ipsam
399 2920 621 2983 offer0.
709 2921 1160 3002 CorruptoreS.

161 3011 281 3142 C
302 3010 368 3072 ui
404 3018 615 3071 mater
645 3008 786 3090 ejus
819 3010 983 3071 euti·
1018 3007 1261 3091 [Lectio
1291 3030 1348 3073 v.

303 3099 406 3161 cia
467 3099 578 3162 ait.
672 3097 920 3162 Omnia
997 3116 1126 3178 que
1194 3106 1350 3161 sunt

143 3188 362 3268 patris
409 3187 506 3249 tui
571 3185 865 3249 defuncti
929 3206 1047 3267 per
1107 3206 1346 3249 novem

31 3276 50 3289 “
143 3294 366 3337 annos
391 3274 920 3337 incontaminata
937 3274 1347 3338 custodiens:

141 3363 466 3445 ampliavi
493 3363 714 3445 potius
744 3382 947 3445 quam
976 3362 1198 3425 minui.
1269 3361 1346 3424 In

140 3452 559 3534 patrimonio
589 3460 812 3514 autem
861 3460 1089 3513 nostro
1121 3451 1348 3513 omnia

137 3561 279 3623 que
313 3549 472 3603 sunt
503 3538 604 3603 vel
640 3560 783 3602 esse
839 3548 1120 3621 possunt
1151 3560 1164 3602 :
1201 3539 1349 3620 ipsa

139 3628 387 3691 melius
408 3628 600 3691 nosti.
649 3628 836 3709 Tege
868 3626 1096 3690 oculos
1119 3647 1346 3691 meos:

136 3726 208 3780 et
291 3716 608 3799 quicquid
686 3716 806 3779 tibi
883 3716 1204 3801 placuerit
1259 3716 1346 3778 de

135 3806 308 3887 ipsis
341 3804 776 3868 facultatibus
806 3803 1026 3867 facito.
1078 3804 1346 3867 Interea

135 3894 353 3958 fiebat
415 3912 632 3957 rerum
695 3893 1056 3957 distractio,
1112 3891 1344 3974 predia

132 3992 208 4047 et
267 4002 543 4066 gemme
603 3982 1022 4053 venduntur:
1069 3988 1138 4043 et
1201 3981 1360 4042 uni--

128 4092 332 4135 versa
366 4090 537 4153 pene
592 4071 910 4134 distracta
955 4069 1144 4132 dedit
1175 4090 1342 4151 pau-

129 4160 410 4242 peribus
473 4159 688 4222 viduis
765 4156 1078 4239 orphanis
1154 4177 1343 4239 pere-

126 4246 562 4332 grinantibus
593 4257 662 4310 et
708 4248 836 4309 deo
882 4244 1339 4309 servientibus·

271 4413 284 4442 ¹
325 4408 632 4475 loquimini:
671 4408 882 4477 E.G.S.,

1189 4409 1207 4435 ²
1243 4405 1355 4455 illos
1382 4423 1393 4455 :
1433 4404 1491 4453 Ε.
1576 4426 1579 4430 ·

1978 346 2121 399 120

1455 448 1571 513 Re.
1698 449 2091 516 Paschasius
2146 452 2361 517 dixit:
2437 474 2659 519 cessa·

1457 539 1627 601 bunt
1675 538 1878 602 verba
1931 561 2085 604 cum
2149 540 2344 605 fuerit
2376 562 2659 625 perven-

1457 634 1599 689 tum
1623 627 1710 690 ad
1732 628 2009 691 verbera
2038 627 2248 693 :lucia
2270 632 2613 713 respondit
2640 652 2657 695 :

1453 715 1659 779 verba
1690 715 1798 779 dei
1861 737 2119 780 cessare
2150 738 2285 781 non
2319 728 2653 801 poterunt.

1455 802 1733 867 Ancilla
1786 804 1893 867 dei
1956 817 2123 867 sum.
2174 814 2241 869 et
2287 806 2442 869 ideo
2506 809 2651 872 dixi

1455 890 1659 954 verba
1690 892 1814 956 dei.
1861 909 1909 979 γ
1958 894 2112 955 Non
2162 914 2281 957 vos
2344 895 2651 960 Christus

1459 979 1676 1061 inquit
1708 981 2074 1063 loquemini
2109 982 2128 1020 ¹
2162 983 2227 1043 in
2284 993 2650 1065 conspectu

1450 1066 1799 1149 judicum:
1891 1069 2009 1132 sed
2088 1071 2653 1153 spiritussanctuS.

1455 1154 1744 1221 Ancilla.
2319 1160 2531 1223 Lectio
2562 1160 2651 1242 vj.

1477 1246 1751 1375 Tunc
1813 1246 2127 1328 proponit
2187 1266 2473 1328 sponsus
2506 1250 2650 1330 ejus

1624 1332 1808 1396 litem
1872 1334 1939 1395 in
1997 1334 2254 1416 judicio
2316 1336 2649 1417 paschasii

1458 1420 1986 1502 proconsularis:
2030 1422 2258 1485 dicens
2332 1444 2646 1505 sponsam

1457 1528 1648 1571 suam
1726 1507 2339 1573 christianissimam
2416 1522 2649 1575 contra

1460 1595 1642 1678 leges
1671 1596 1892 1659 vivere
1922 1607 2371 1679 augustorum.
2421 1598 2642 1681 Quam

1458 1684 1845 1767 paschasius
1890 1685 2293 1767 corripiens:
2340 1688 2517 1769 cepit
2564 1689 2649 1751 ad

1458 1772 1779 1835 sacrificia
1896 1773 2259 1836 demonum
2350 1776 2644 1839 invitare.

1463 1861 1589 1925 Cui
1621 1860 1819 1924 beata
1852 1860 2023 1923 lucia
2055 1862 2185 1925 ait:
2234 1862 2644 1927 Sacrificium

1463 1950 1785 2012 mundum
1819 1958 1885 2013 et
1932 1949 2429 2013 immaculatum
2464 1954 2643 2035 apud

1459 2037 1663 2099 deum
1752 2047 1822 2101 et
1927 2047 2182 2118 patrem
2288 2039 2415 2103 hoc
2506 2050 2646 2105 est:

1461 2126 1726 2189 visitare
1788 2125 2077 2207 pupillos
2137 2136 2205 2189 et
2264 2127 2499 2191 viduas
2576 2130 2641 2192 in

1461 2212 1889 2276 tribulatione
1950 2234 2201 2278 eorum.
2269 2216 2419 2297 Ego
2486 2238 2643 2280 vero

1459 2322 1580 2383 per
1608 2303 1772 2365 istos
1796 2302 1820 2338 ²
1850 2310 1981 2365 tres
2012 2322 2224 2365 annos
2269 2303 2431 2365 nihil
2463 2304 2641 2368 aliud

1445 2390 1607 2471 egi:
1683 2391 1805 2452 nisi
1868 2391 1995 2453 deo
2056 2391 2206 2453 vivo
2266 2390 2643 2457 sacrificavi.

1456 2478 1608 2559 Jam
1664 2479 1821 2560 quia
1882 2478 2043 2541 nihil
2104 2490 2401 2563 superest
2460 2481 2641 2562 quod

1455 2566 1861 2630 sacrificem:
1938 2568 2259 2649 meipsam
2322 2568 2529 2631 offero
2576 2569 2644 2632 in

1454 2655 1846 2718 sacrificium
1894 2657 2021 2719 deo
2080 2654 2367 2719 hostiam
2421 2658 2647 2720 viven-

1454 2752 1610 2807 tem.
1702 2743 1903 2824 Quod
1935 2741 2061 2805 sibi
2086 2742 2341 2824 placet:
2374 2744 2460 2806 de
2491 2745 2646 2807 hos-

1455 2833 1546 2895 tia
1604 2852 1723 2894 sua
1785 2831 2003 2895 saciat.
2076 2831 2195 2894 Re.
2273 2832 2639 2914 Nunquam

1455 2920 1837 3001 inquinatur
1878 2938 2115 3001 corpus
2169 2918 2295 2981 nisi
2348 2920 2433 2982 de
2488 2941 2644 2982 con-

1454 3028 1653 3071 sensu
1688 3008 1948 3070 mentiS.
2042 3006 2223 3069 Nam
2255 3006 2311 3068 si
2364 3008 2643 3071 invitam

1453 3116 1562 3159 me
1594 3096 1824 3158 seceris
1854 3093 2124 3158 violari:
2172 3095 2446 3158 castitas
2479 3095 2641 3159 mihi

1453 3183 1906 3267 duplicabitur
1935 3181 2019 3246 ad
2065 3202 2395 3247 coronam.
2443 3200 2489 3269 y
2520 3184 2646 3248 ’De

1452 3271 1757 3335 sensibus
1790 3272 1967 3333 enim
1990 3280 2058 3334 et
2078 3270 2162 3333 de
2182 3271 2646 3336 voluntatibus

1447 3361 1707 3443 judicat
1749 3360 1930 3423 deus,
2022 3358 2203 3423 Nam
2250 3360 2323 3422 si.
2418 3360 2645 3425 Gloria

1453 3450 1643 3532 patri.
1758 3449 1936 3511 Nam
1985 3448 2055 3511 si.
2149 3448 2233 3511 In
2277 3448 2461 3511 tertio
2506 3470 2645 3513 noc·

1452 3548 1644 3600 turno
1668 3545 1773 3601 αῇ.
1833 3537 2043 3599 Beata
2092 3535 2265 3600 lucia
2295 3538 2645 3619 paschasio

1449 3627 1667 3689 dixit:
1732 3625 2125 3688 sacrificium
2190 3625 2514 3689 mundum
2578 3635 2645 3688 et

1450 3714 1963 3777 immaculatum
2040 3713 2217 3796 apud
2297 3714 2500 3777 deum
2578 3723 2646 3776 et

1449 3812 1711 3884 patrem
1760 3802 1887 3865 hoc
1934 3810 2077 3866 est:
2122 3802 2391 3864 visitare
2450 3800 2639 3864 vidu-

1449 3912 1521 3954 as
1592 3899 1662 3953 et
1720 3890 2053 3972 orphanos
2103 3890 2169 3951 in
2216 3889 2645 3951 tribulatione

1447 3999 1701 4042 eorum.
1729 3986 1830 4060 psi
1866 3978 2154 4042 Cantate
2174 3976 2288 4058 (j.).
2320 3977 2457 4038 Αῆ.
2493 3976 2646 4059 Ego

1446 4088 1567 4149 per
1598 4068 1761 4130 istos
1796 4076 1931 4129 tres
1980 4084 2190 4128 annos
2244 4063 2405 4125 nihil
2461 4065 2642 4127 aliud

1445 4156 1550 4238 egi
1615 4154 1737 4218 nisi
1816 4155 1944 4217 deo
2019 4154 2172 4215 vivo
2248 4150 2647 4217 sacrificavi:

1438 4244 1579 4326 jam
1640 4242 1869 4305 enim³
1924 4241 2079 4323 quia
2132 4239 2295 4303 nihil
2344 4252 2647 4323 superest

1770 4404 1789 4434 ³
1840 4420 1931 4468 pro
1962 4408 1976 4430 ⁴
1996 4401 2159 4451 enim’
2184 4410 2349 4452 autem
2380 4420 2391 4453 :
2428 4404 2491 4454 G·-
