3117 4959
1512 214 1620 266 IN
1656 211 1926 267 FESTO

982 321 1130 374 745

452 428 695 504 reliqua.
806 424 1175 503 Evangelica
1226 425 1405 486 lectio
1472 445 1656 502 opera

450 506 693 584 virginis
745 503 1025 583 patefecit
1092 505 1255 565 unde
1322 505 1435 565 ista
1487 523 1654 564 sacra

450 584 709 646 visitatio
774 585 1169 644 choruscaret.
1280 585 1372 644 Ex
1431 583 1652 660 quibus

448 665 729 742 operibus
756 673 1175 740 expremuntur
1194 661 1211 699 ¹
1233 663 1513 722 virtutum
1550 682 1649 722 ex-

449 744 648 819 empla
673 743 767 803 vel
794 740 1141 801 humilitatis
1168 743 1262 802 vel
1288 741 1525 819 pietatis
1553 743 1649 800 vel

446 820 871 882 consolationis
899 821 993 879 vel
1014 831 1219 879 sancte
1236 819 1646 880 solicitudinis,

448 903 661 960 Narrat
728 918 973 976 quoque
1039 899 1400 975 evangelista
1478 899 1646 974 quod

447 999 565 1038 vox
608 977 976 1038 salutationis
1020 980 1317 1054 plausum,
1340 976 1648 1037 suscitavit

444 1057 653 1117 infanti
679 1056 740 1116 in
768 1067 937 1116 utero
966 1057 1127 1116 unde
1156 1067 1343 1116 mater
1372 1075 1644 1132 erumpe-

442 1139 545 1197 bat
573 1137 634 1195 in
660 1134 1182 1196 benedictionem²
1209 1135 1416 1196 dicens
1446 1137 1639 1195 Bene-

440 1215 603 1276 dicta
622 1227 687 1275 tu
713 1215 866 1274 inter
880 1213 1153 1274 mulieres
1174 1214 1271 1273 et⁸
1291 1213 1644 1274 benedictus

438 1295 659 1356 fructus
688 1293 907 1354 ventris
936 1292 1036 1352 tui.
1126 1295 1217 1352 Ex
1236 1292 1441 1369 spiritu
1480 1291 1642 1352 enim

438 1385 539 1434 tue
568 1371 937 1433 salutationis
966 1371 1161 1431 sentio
1196 1371 1378 1430 michi
1419 1372 1640 1430 revela-

436 1465 563 1512 tum
617 1453 783 1529 quod
836 1460 1025 1510 mater
1076 1449 1175 1511 dei
1228 1451 1488 1510 existens
1542 1469 1642 1510 me

436 1531 679 1608 dignata
700 1550 763 1590 es
780 1529 1031 1590 visitare.
1097 1531 1175 1588 Et
1202 1531 1368 1606 quod
1388 1547 1511 1588 non
1532 1529 1640 1589 hu-

438 1629 616 1671 mano
645 1609 870 1670 semine
897 1610 1005 1668 sed
1032 1627 1139 1684 per
1164 1610 1344 1668 fidem
1386 1607 1638 1685 impreg-

436 1700 577 1749 nata
602 1708 681 1750 es.
770 1690 848 1748 Et
875 1689 1042 1764 quod
1068 1687 1272 1748 omnia
1316 1686 1378 1745 in
1414 1697 1476 1746 te
1508 1704 1638 1762 per-

436 1768 706 1828 ficientur
746 1786 864 1844 que
911 1767 1074 1826 dicta
1120 1777 1257 1826 sunt
1294 1765 1403 1826 tibi
1446 1785 1485 1824 a
1530 1767 1636 1825 do-

436 1846 617 1907 mino.
688 1845 1075 1922 HiJ‘sadjecit
1103 1844 1285 1904 maria
1310 1843 1638 1922 ympnum⁴

436 1945 609 1984 suum
662 1927 915 1985 salutare
970 1935 1030 1984 et
1082 1923 1180 1985 ait.
1291 1922 1638 2000 Magnificat

436 2004 637 2064 anima
663 2023 801 2064 mea
828 2002 1138 2064 dominum
1191 2001 1313 2078 Qui
1340 2001 1633 2079 ympnus⁴

436 2085 601 2158 quod
656 2083 718 2141 in
768 2082 879 2142 ista
920 2081 1255 2142 visitatione
1302 2080 1495 2140 editus
1546 2090 1636 2140 est

434 2162 577 2222 libet
598 2161 897 2237 paulisper
923 2159 984 2218 in
1014 2163 1141 2235 ejus
1162 2157 1341 2218 sacris
1364 2158 1634 2219 sensibus

432 2240 782 2300 meditando
851 2236 1163 2297 immorari.
1260 2239 1358 2296 Tu
1413 2249 1631 2298 autem.

433 2318 567 2378 Κῶ
607 2319 730 2393 vtij.
792 2316 958 2377 Felix
984 2335 1195 2392 parens
1236 2327 1296 2375 et
1336 2315 1633 2393 puerperi-

432 2416 533 2455 um
589 2397 803 2472 quibus
856 2397 1027 2456 adest
1079 2395 1280 2472 regina
1319 2394 1631 2472 virginum.

436 2474 530 2535 Ibi
559 2475 765 2552 nequit
794 2493 924 2535 esse
964 2473 1287 2550 periculum
1328 2473 1432 2533 ubi
1474 2475 1632 2534 salus

431 2554 536 2631 qui
591 2564 757 2614 curat
809 2555 1091 2614 seculum.
1217 2555 1268 2630 Ῡ
1336 2552 1631 2614 Gabrielis

426 2635 595 2710 juxta
660 2632 992 2710 presagium
1059 2643 1201 2692 tunc
1268 2643 1358 2692 est
1423 2643 1631 2691 natum

432 2715 755 2772 multorum
783 2711 1078 2788 gaudium.
1128 2709 1223 2770 Ibi
1244 2709 1453 2786 nequit
1480 2727 1626 2770 esse.

432 2793 754 2851 Benedictio
804 2789 1021 2850 Divina
1064 2789 1273 2850 solatia
1296 2789 1493 2849 ·nobis
1522 2789 1628 2848 irn-

432 2881 626 2946 petret
650 2870 813 2947 virgo
840 2869 1036 2929 maria„
1083 2871 1296 2928 Arnen.
1326 2869 1450 2927 Lec.
1474 2866 1631 2944 vt'g'fi‘

360 2963 365 2968 ·
434 2951 550 3056 Α
564 2950 605 3007 b
622 2952 741 3009 alta
760 2949 959 3008 radice
980 2945 1321 3006 humilitatis
1342 2965 1627 3023 ympnum

564 3047 736 3087 suurn
764 3045 973 3087 exorsa
1012 3036 1103 3086 est
1143 3024 1338 3084 maria.
1384 3026 1629 3101 quando

432 3107 508 3165 ad
559 3117 881 3166 creatorem
930 3105 1239 3165 dominum
1283 3105 1625 3162 collaudan-

430 3187 575 3245 dum
605 3203 669 3244 se
697 3195 882 3246 totam
909 3183 1179 3243 exibuit.⁷
1260 3184 1458 3258 Quem
1486 3201 1627 3241 con-

432 3266 626 3324 fitetur
652 3261 1295 3341 magnificentissimum
1338 3260 1478 3337 quia
1518 3279 1628 3320 nos

430 3361 641 3402 omnes
694 3342 885 3418 pulvis
940 3353 1000 3400 et
1052 3359 1289 3418 prorsus
1342 3339 1455 3399 nisi
1524 3359 1630 3416 per

428 3440 561 3480 eam
581 3421 605 3458 ⁸
646 3421 829 3479 nichil
856 3439 1075 3480 sumus.
1161 3421 1361 3494 Quare
1388 3438 1495 3495 per
1520 3417 1631 3476 vir-

428 3500 623 3576 ginem
668 3498 867 3558 edocti
910 3498 1195 3559 dicamus.
1282 3497 1628 3574 Magnificat

425 3577 623 3637 anima
650 3596 785 3638 mea
812 3576 1139 3638 dominum.
1226 3579 1303 3636 Et
1345 3575 1628 3636 exultavit

525 3731 539 3762 ¹
575 3729 951 3795 exprimuntur:
988 3728 1060 3779 Si.
1089 3727 1175 3778 82.

526 3801 544 3829 ²
582 3797 662 3846 ‘in
686 3795 954 3846 benedict.'
980 3809 1082 3846 orn.
1124 3794 1197 3844 Si.

520 3863 541 3893 ⁸
580 3862 833 3912 ‘et’bisz
872 3861 958 3910 Sz.

525 3931 543 3960 ⁴
582 3929 850 3992 ‘hymnum
872 3926 885 3950 ’
909 3925 1092 3991 passim
1128 3925 1195 3976 Si.
1240 3923 1323 3973 Sz.

520 3997 539 4026 ⁸
580 3999 593 4022 ⁶
616 3995 704 4043 Re.
750 3993 1049 4042 Helizabeth
1074 3999 1126 4040 ut
1161 3989 1338 4054 virgini
1384 3999 1614 4039 senectus

418 4067 727 4124 presentatur
764 4060 893 4108 hanc
940 4073 1063 4107 voce
1118 4055 1387 4104 venerabili
1433 4057 1614 4104 salutat

417 4127 741 4189 amplexatur.
817 4125 1013 4174 Intacta
1057 4132 1209 4172 mater
1258 4119 1414 4170 sterili
1460 4131 1618 4170 mater

418 4191 785 4255 congratulatur
814 4190 946 4238 all’a.
1025 4193 1071 4253 Υ
1108 4189 1167 4237 In
1204 4187 1356 4238 sacris
1394 4187 1620 4235 claustris

414 4257 655 4305 viscerum
700 4271 961 4320 procursor
997 4270 1119 4320 puer
1154 4269 1419 4318 puerorum
1457 4253 1618 4302 domi-

409 4323 547 4371 nium
566 4327 879 4385 protestatur.
954 4320 1185 4370 Intacta-⁸
1248 4321 1335 4372 Sz·

509 4389 530 4416 ⁸
560 4387 725 4434 Lectio
741 4387 990 4436 secunda:
1024 4387 1111 4436 82.

2285 321 2436 374 746

1755 424 1995 501 spiritus
2037 445 2206 486 meus
2255 425 2318 484 in
2359 425 2478 485 deo
2520 425 2770 485 salutari
2813 445 2956 488 meo,

1759 505 1870 563 Illa
1897 505 2058 564 enim
2099 503 2268 564 sola⁹
2317 503 2644 579 spiritualis
2685 506 2960 567 exultatio

1755 583 1938 642 marie
1965 583 2294 643 bonitatem
2321 583 2421 644 dei
2447 587 2892 661 contemplatur
2905 584 2961 645 in

1751 681 1872 738 qua
1913 681 2081 721 suam
2110 673 2171 721 et
2197 673 2465 722 nostram
2515 665 2778 723 salutem
2822 682 2960 741 ope-

1751 740 1966 800 ratur¹⁰
1985 740 2314 817 preeligens
2333 760 2470 800 eam
2497 740 2614 801 sibi
2635 741 2960 802 ministram

1749 830 1816 878 ut
1843 838 2014 879 suum
2043 818 2345 880 salutm-en
2367 820 2681 880 diceretur.
2749 823 2960 898 Neque

1751 898 2143 958 humilitatem
2193 897 2308 958 sibi
2349 899 2634 958 vendicat
2675 919 2803 976 que
2843 921 2960 960 non

1749 975 1913 1036 dixit.
2001 977 2160 1052 Quia
2186 977 2443 1054 respexit
2471 979 2624 1038 deus
2663 979 2960 1038 humilim-

1747 1065 1870 1116 tem
1911 1075 2124 1128 meam,
2155 1057 2262 1116 sed
2303 1055 2702 1117 humilitatem
2751 1059 2964 1118 ancille

1747 1153 1866 1194 sue.
1925 1135 2205 1195 videlicet
2252 1154 2433 1212 quam
2483 1135 2545 1194 in
2595 1155 2708 1195 sua
2749 1137 2964 1197 ancilla

1747 1231 1992 1289 operare
2019 1213 2293 1290 dignatur
2321 1226 2384 1274 et
2409 1233 2786 1275 conservare.
2831 1219 2958 1277 Un-

1747 1294 1825 1351 de
1855 1292 1985 1352 sine
2013 1311 2124 1352 suo
2151 1313 2188 1352 a
2215 1313 2280 1352 se
2307 1294 2521 1353 merito
2547 1313 2686 1354 earn
2719 1297 2958 1355 beatam

1744 1369 1952 1431 dicent
1998 1391 2209 1431 omnes
2254 1371 2684 1448 generationes.
2799 1375 2962 1435 Fecit

1742 1449 1925 1508 michi
1973 1469 2189 1526 magna
2231 1450 2336 1528 qui
2383 1466 2602 1528 potens
2650 1462 2748 1512 est
2791 1455 2956 1530 quod

1741 1527 2044 1605 virginitas
2071 1530 2428 1590 fecundatur
2465 1531 2780 1592 humilitas
2821 1534 2958 1593 sub-

1743 1606 1982 1667 limatur
2010 1608 2230 1668 femina
2257 1608 2638 1670 circundaret
2669 1611 2860 1671 deum
2899 1622 2958 1672 et

1741 1685 2069 1746 hominem.
2185 1689 2372 1748 Unde
2426 1699 2485 1748 et
2541 1707 2776 1749 nomen
2831 1691 2960 1766 ejus

1741 1777 2016 1824 sanctum
2044 1767 2376 1826 celebratur
2415 1779 2476 1826 et
2519 1769 2683 1827 clara
2723 1769 2830 1828 lux
2855 1789 2958 1830 sue

1741 1843 2144 1905 misericordie
2227 1846 2506 1921 splendet
2574 1847 2642 1905 in
2711 1866 2960 1908 omnem

1741 1922 2104 1999 progeniem.
2190 1923 2480 2001 Precipue
2527 1944 2713 2002 super
2741 1925 2956 1986 timen-

1739 2011 1830 2060 tes
1858 2021 1996 2061 cum
2022 2000 2070 2039 ¹²
2098 2001 2308 2062 timore
2335 2015 2547 2063 sancto
2577 2023 2708 2080 quo
2738 2005 2958 2066 talibus

1739 2081 1822 2140 ob
1869 2080 2256 2141 reverentiam
2295 2084 2564 2142 conferet
2591 2084 2753 2142 deus
2781 2086 2958 2144 sedes

1735 2159 1919 2236 glorie
1947 2159 2350 2236 sempiternas.
2395 2163 2491 2220 Tu
2517 2173 2744 2221 autem.
2793 2162 2958 2222 Re.¹⁸

1739 2239 1862 2314 viij.
1949 2238 2224 2299 Gloriosa
2308 2240 2576 2299 celorum
2681 2242 2956 2315 domina,

1737 2335 1958 2393 sponsa
1999 2317 2150 2393 regis
2212 2329 2274 2378 et
2327 2331 2515 2379 mater
2567 2319 2786 2380 inclite⁴
2839 2321 2957 2380 celi

1737 2397 1928 2456 melos
1975 2395 2182 2456 mundi
2237 2397 2471 2456 fiducia.
2559 2399 2794 2458 Nostra
2834 2401 2958 2459 cle-

1737 2493 1907 2534 mens
1989 2476 2130 2534 audi
2198 2475 2555 2550 precamina.
2643 2479 2694 2552 Ῡ
2769 2480 2962 2538 Stella

1735 2555 1912 2612 maris
1965 2573 2216 2613 occasus
2271 2553 2473 2614 nescia
2525 2556 2702 2631 placa
2773 2557 2958 2618 nobis

1734 2632 1944 2691 mundi
1973 2631 2310 2692 certamina.
2402 2635 2628 2694 Nostra
2655 2636 2954 2696 clemens

1732 2711 2073 2770 Benedictio.
2169 2713 2268 2771 Ad
2313 2711 2666 2772 societatem
2727 2714 2960 2774 civium

1735 2808 2126 2865 supernorum
2209 2791 2496 2866 perducat
2569 2811 2684 2851 nos
2745 2794 2960 2870 regina

1733 2869 2012 2928 celorum.
2099 2871 2314 2930 Amen.
2491 2871 2686 2930 Lectio
2713 2872 2954 2932 nona.¹⁴

1731 2947 1984 3053 Fecit
2031 2947 2358 3024 potentiam
2407 2947 2468 3007 in
2516 2949 2773 3010 brachio
2825 2971 2958 3012 suo.

1865 3045 2006 3084 nam
2033 3025 2097 3084 in
2127 3027 2368 3086 brachio
2397 3026 2460 3086 id
2489 3039 2580 3087 est
2601 3029 2730 3088 filio
2761 3029 2958 3089 incar-

1731 3114 1874 3164 nato
1917 3104 1978 3163 in
2019 3107 2155 3164 alvo
2204 3105 2440 3182 virginis
2483 3109 2755 3167 exercuit
2801 3111 2958 3169 deus

1733 3203 1903 3243 suam
1931 3183 2448 3260 omnipotentiam.
2535 3187 2614 3245 Et
2643 3187 2705 3244 in
2739 3199 2956 3246 nostra

1729 3274 1938 3321 natura
2012 3283 2150 3322 cum
2231 3265 2406 3323 hoste
2477 3263 2815 3336 dimicavit,
2887 3279 2956 3326 ut

1731 3342 2099 3402 detestabilis
2153 3353 2214 3402 et
2268 3341 2582 3402 imbecillis
2652 3346 2954 3420 probetur

1731 3420 1924 3479 omnis
1953 3421 2242 3498 superbia.
2275 3423 2442 3498 quod
2487 3420 2648 3482 enim
2693 3427 2956 3483 verbum

1731 3517 1869 3557 caro
1913 3501 2134 3560 factum
2183 3512 2275 3561 est
2319 3511 2380 3560 et
2421 3502 2588 3576 quod
2631 3501 2696 3560 in
2725 3505 2952 3563 eadem

1730 3596 1906 3636 carne
1949 3591 2198 3639 mortem
2243 3579 2432 3640 crucis
2473 3581 2774 3657 toleravit,
2817 3603 2958 3644 non

1834 3732 1853 3759 ⁷
1884 3730 2106 3780 exhibuit
2131 3749 2144 3780 ε
2181 3731 2250 3780 Si.
2282 3731 2368 3781 Sz.

1828 3797 1848 3824 ⁹
1887 3801 1900 3823 ⁸
1919 3797 2026 3845 sola
2043 3797 2054 3818 ’
2082 3811 2180 3845 om.
2210 3797 2280 3847 Si.

1813 3861 1849 3891 ¹⁰
1883 3862 1906 3909 Ρ
1927 3872 2189 3925 operatus:
2228 3863 2299 3912 Si.
2327 3863 2413 3913 52.

1799 3928 1830 3956 ¹¹
1869 3927 2168 3976 salutarem:
2204 3929 2290 3978 Sz.
2435 3931 2474 3960 ¹²
2505 3945 2622 3980 eum
2647 3950 2662 3980 ε
2696 3933 2772 3983 Si.
2807 3935 2894 3984 Sz.

1799 3992 1836 4021 ¹³
1878 3997 1891 4018 ⁴
1912 3994 2000 4041 Re.
2050 3993 2270 4056 Dignam
2310 4009 2462 4058 quam
2505 3997 2778 4060 respiceret
2803 4002 2950 4064 cujus

1718 4059 2089 4121 concupisceret
2113 4059 2344 4108 dominus
2367 4061 2622 4112 decorem.
2700 4065 2773 4114 Se
2805 4067 2946 4116 velut

1721 4125 2074 4187 pauperculam
2133 4125 2305 4188 prebet
2363 4136 2413 4175 et
2469 4129 2770 4179 ancillulam
2828 4141 2944 4196 post

1721 4190 1895 4238 matris
1909 4190 2149 4239 honorem
2173 4191 2304 4240 all’a.
2359 4181 2409 4255 Ϋ
2448 4193 2588 4242 Nam
2617 4194 2762 4260 virgo
2785 4197 2942 4246 chris·

1721 4254 1862 4303 tisera
1884 4257 2153 4318 gratiarum
2177 4273 2384 4307 munera
2409 4259 2558 4308 refert
2597 4261 2652 4310 in
2682 4263 2930 4314 datorem.

1723 4320 1790 4369 Se
1811 4321 1962 4370 velut.
2037 4323 2225 4372 Gloria.
2289 4325 2356 4373 Se
2380 4326 2560 4376 velut.’
2585 4327 2675 4377 82.
2735 4353 2744 4360 ·

1805 4387 1844 4416 ¹⁴
1877 4387 2037 4436 Lectio
2057 4389 2206 4438 tertia
2224 4402 2243 4437 .·
2277 4389 2362 4439 Sa.

2487 3735 2510 3763 ⁸
2543 3749 2695 3783 eum:
2734 3735 2810 3785 Si.
2851 3736 2949 3788 Sz.
