<?xml version="1.0" encoding="UTF-8"?>
<!DOCTYPE html PUBLIC "-//W3C//DTD XHTML 1.0 Transitional//EN"
    "http://www.w3.org/TR/xhtml1/DTD/xhtml1-transitional.dtd">
<html xmlns="http://www.w3.org/1999/xhtml" xml:lang="en" lang="en">
 <head>
  <title>
</title>
<meta http-equiv="Content-Type" content="text/html;charset=utf-8" />
  <meta name='ocr-system' content='tesseract 3.04.00' />
  <meta name='ocr-capabilities' content='ocr_page ocr_carea ocr_par ocr_line ocrx_word'/>
</head>
<body>
  <div class='ocr_page' id='page_1' title='image "breviariumadusu03yorkgoog_0425.png"; bbox 0 0 3117 4959; ppageno 0'>
   <div class='ocr_carea' id='block_1_1' title="bbox 1444 245 1860 301">
    <p class='ocr_par' dir='ltr' id='par_1_1' title="bbox 1444 245 1860 301">
     <span class='ocr_line' id='line_1_1' title="bbox 1444 245 1860 301; baseline 0.002 -1"><span class='ocrx_word' id='word_1_1' title='bbox 1444 246 1549 301; x_wconf 88' lang='lat' dir='ltr'>IN</span> <span class='ocrx_word' id='word_1_2' title='bbox 1589 245 1860 301; x_wconf 80' lang='lat' dir='ltr'><em>FESTO</em></span> 
     </span>
    </p>
   </div>
   <div class='ocr_carea' id='block_1_2' title="bbox 945 352 1099 407">
    <p class='ocr_par' dir='ltr' id='par_1_2' title="bbox 945 352 1099 407">
     <span class='ocr_line' id='line_1_2' title="bbox 945 352 1099 407; baseline 0.013 -2"><span class='ocrx_word' id='word_1_3' title='bbox 945 352 1099 407; x_wconf 80' lang='lat'>799</span> 
     </span>
    </p>
   </div>
   <div class='ocr_carea' id='block_1_3' title="bbox 420 454 1631 3545">
    <p class='ocr_par' dir='ltr' id='par_1_3' title="bbox 420 454 1631 3545">
     <span class='ocr_line' id='line_1_3' title="bbox 420 454 1620 532; baseline 0.002 -17"><span class='ocrx_word' id='word_1_4' title='bbox 420 454 774 532; x_wconf 77' lang='lat' dir='ltr'><strong>singularem</strong></span> <span class='ocrx_word' id='word_1_5' title='bbox 802 454 1195 516; x_wconf 88' lang='lat' dir='ltr'>subveniendi</span> <span class='ocrx_word' id='word_1_6' title='bbox 1220 454 1416 516; x_wconf 90' lang='lat' dir='ltr'>taliter</span> <span class='ocrx_word' id='word_1_7' title='bbox 1440 454 1620 517; x_wconf 88' lang='lat' dir='ltr'>tribu-</span> 
     </span>
     <span class='ocr_line' id='line_1_4' title="bbox 420 533 1618 612; baseline -0.001 -18"><span class='ocrx_word' id='word_1_8' title='bbox 420 534 569 594; x_wconf 75' lang='lat' dir='ltr'>latis,</span> <span class='ocrx_word' id='word_1_9' title='bbox 614 535 799 595; x_wconf 84' lang='lat' dir='ltr'>Unde</span> <span class='ocrx_word' id='word_1_10' title='bbox 820 535 1005 595; x_wconf 89' lang='lat' dir='ltr'>semel</span> <span class='ocrx_word' id='word_1_11' title='bbox 1023 533 1270 612; x_wconf 90' lang='lat' dir='ltr'>contigit</span> <span class='ocrx_word' id='word_1_12' title='bbox 1288 536 1454 612; x_wconf 89' lang='lat' dir='ltr'>quod</span> <span class='ocrx_word' id='word_1_13' title='bbox 1480 554 1618 595; x_wconf 91' lang='lat' dir='ltr'>cum</span> 
     </span>
     <span class='ocr_line' id='line_1_5' title="bbox 428 612 1616 691; baseline 0.002 -19"><span class='ocrx_word' id='word_1_14' title='bbox 428 614 689 690; x_wconf 89' lang='lat' dir='ltr'>quedam</span> <span class='ocrx_word' id='word_1_15' title='bbox 716 612 962 673; x_wconf 89' lang='lat' dir='ltr'>domina</span> <span class='ocrx_word' id='word_1_16' title='bbox 999 613 1501 691; x_wconf 87' lang='lat' dir='ltr'>appropinquaret</span> <span class='ocrx_word' id='word_1_17' title='bbox 1540 614 1616 674; x_wconf 87' lang='lat' dir='ltr'>ad</span> 
     </span>
     <span class='ocr_line' id='line_1_6' title="bbox 421 691 1620 768; baseline 0.002 -17"><span class='ocrx_word' id='word_1_18' title='bbox 421 704 692 766; x_wconf 88' lang='lat' dir='ltr'>mortem,</span> <span class='ocrx_word' id='word_1_19' title='bbox 748 691 810 751; x_wconf 92' lang='lat' dir='ltr'>in</span> <span class='ocrx_word' id='word_1_20' title='bbox 865 694 1037 768; x_wconf 88' lang='lat' dir='ltr'>cujus</span> <span class='ocrx_word' id='word_1_21' title='bbox 1090 692 1397 753; x_wconf 81' lang='lat' dir='ltr'>manario¹</span> <span class='ocrx_word' id='word_1_22' title='bbox 1456 692 1620 753; x_wconf 89' lang='lat' dir='ltr'>idem</span> 
     </span>
     <span class='ocr_line' id='line_1_7' title="bbox 423 770 1621 849; baseline 0 -18"><span class='ocrx_word' id='word_1_23' title='bbox 423 770 719 831; x_wconf 90' lang='lat' dir='ltr'>Ricardus</span> <span class='ocrx_word' id='word_1_24' title='bbox 770 773 983 831; x_wconf 88' lang='lat' dir='ltr'>cellam</span> <span class='ocrx_word' id='word_1_25' title='bbox 1036 772 1297 833; x_wconf 88' lang='lat' dir='ltr'>habebat</span> <span class='ocrx_word' id='word_1_26' title='bbox 1349 773 1529 849; x_wconf 84' lang='lat' dir='ltr'>longe</span> <span class='ocrx_word' id='word_1_27' title='bbox 1581 791 1621 831; x_wconf 89' lang='lat' dir='ltr'>a</span> 
     </span>
     <span class='ocr_line' id='line_1_8' title="bbox 422 848 1620 927; baseline 0.002 -18"><span class='ocrx_word' id='word_1_28' title='bbox 422 848 643 909; x_wconf 85' lang='lat' dir='ltr'>familia</span> <span class='ocrx_word' id='word_1_29' title='bbox 697 862 1047 927; x_wconf 83' lang='lat' dir='ltr'>separatam,</span> <span class='ocrx_word' id='word_1_30' title='bbox 1091 850 1197 910; x_wconf 91' lang='lat' dir='ltr'>ubi</span> <span class='ocrx_word' id='word_1_31' title='bbox 1243 851 1371 927; x_wconf 89' lang='lat' dir='ltr'>ipse</span> <span class='ocrx_word' id='word_1_32' title='bbox 1415 850 1620 912; x_wconf 87' lang='lat' dir='ltr'>solita-</span> 
     </span>
     <span class='ocr_line' id='line_1_9' title="bbox 420 928 1620 1007; baseline 0.001 -19"><span class='ocrx_word' id='word_1_33' title='bbox 420 928 541 988; x_wconf 90' lang='lat' dir='ltr'>rius</span> <span class='ocrx_word' id='word_1_34' title='bbox 567 930 823 989; x_wconf 88' lang='lat' dir='ltr'>residere</span> <span class='ocrx_word' id='word_1_35' title='bbox 850 930 1157 990; x_wconf 89' lang='lat' dir='ltr'>consuevit</span> <span class='ocrx_word' id='word_1_36' title='bbox 1173 941 1235 991; x_wconf 87' lang='lat' dir='ltr'>et</span> <span class='ocrx_word' id='word_1_37' title='bbox 1252 932 1620 1007; x_wconf 87' lang='lat' dir='ltr'>contempla-</span> 
     </span>
     <span class='ocr_line' id='line_1_10' title="bbox 422 1005 1622 1079; baseline 0.003 -14"><span class='ocrx_word' id='word_1_38' title='bbox 422 1005 581 1067; x_wconf 90' lang='lat' dir='ltr'>cioni</span> <span class='ocrx_word' id='word_1_39' title='bbox 621 1026 846 1079; x_wconf 87' lang='lat' dir='ltr'>vacare,</span> <span class='ocrx_word' id='word_1_40' title='bbox 879 1009 1159 1069; x_wconf 87' lang='lat' dir='ltr'>convenit</span> <span class='ocrx_word' id='word_1_41' title='bbox 1202 1010 1280 1069; x_wconf 91' lang='lat' dir='ltr'>ad</span> <span class='ocrx_word' id='word_1_42' title='bbox 1324 1028 1622 1070; x_wconf 86' lang='lat' dir='ltr'>cameram</span> 
     </span>
     <span class='ocr_line' id='line_1_11' title="bbox 420 1084 1621 1165; baseline 0.002 -20"><span class='ocrx_word' id='word_1_43' title='bbox 420 1084 526 1145; x_wconf 93' lang='lat' dir='ltr'>ubi</span> <span class='ocrx_word' id='word_1_44' title='bbox 554 1086 799 1146; x_wconf 90' lang='lat' dir='ltr'>domina</span> <span class='ocrx_word' id='word_1_45' title='bbox 826 1088 1222 1149; x_wconf 84' lang='lat' dir='ltr'>decumbebat</span> <span class='ocrx_word' id='word_1_46' title='bbox 1261 1106 1477 1165; x_wconf 88' lang='lat' dir='ltr'>magna</span> <span class='ocrx_word' id='word_1_47' title='bbox 1515 1089 1621 1148; x_wconf 89' lang='lat' dir='ltr'>de-</span> 
     </span>
     <span class='ocr_line' id='line_1_12' title="bbox 422 1165 1622 1244; baseline 0.003 -20"><span class='ocrx_word' id='word_1_48' title='bbox 422 1184 670 1225; x_wconf 84' lang='lat' dir='ltr'>monum</span> <span class='ocrx_word' id='word_1_49' title='bbox 699 1165 1063 1226; x_wconf 86' lang='lat' dir='ltr'>horribilium</span> <span class='ocrx_word' id='word_1_50' title='bbox 1086 1166 1421 1239; x_wconf 89' lang='lat' dir='ltr'>multitudo,</span> <span class='ocrx_word' id='word_1_51' title='bbox 1442 1186 1622 1244; x_wconf 89' lang='lat' dir='ltr'>prop-</span> 
     </span>
     <span class='ocr_line' id='line_1_13' title="bbox 422 1245 1622 1323; baseline 0.002 -19"><span class='ocrx_word' id='word_1_52' title='bbox 422 1254 514 1304; x_wconf 87' lang='lat' dir='ltr'>ter</span> <span class='ocrx_word' id='word_1_53' title='bbox 538 1245 705 1321; x_wconf 92' lang='lat' dir='ltr'>quod</span> <span class='ocrx_word' id='word_1_54' title='bbox 732 1264 848 1305; x_wconf 92' lang='lat' dir='ltr'>nec</span> <span class='ocrx_word' id='word_1_55' title='bbox 888 1245 1103 1305; x_wconf 91' lang='lat' dir='ltr'>mirum</span> <span class='ocrx_word' id='word_1_56' title='bbox 1148 1245 1277 1323; x_wconf 89' lang='lat' dir='ltr'>ipsa</span> <span class='ocrx_word' id='word_1_57' title='bbox 1322 1247 1471 1305; x_wconf 90' lang='lat' dir='ltr'>dum</span> <span class='ocrx_word' id='word_1_58' title='bbox 1515 1266 1622 1306; x_wconf 89' lang='lat' dir='ltr'>eos</span> 
     </span>
     <span class='ocr_line' id='line_1_14' title="bbox 421 1323 1624 1413; baseline 0.002 -31"><span class='ocrx_word' id='word_1_59' title='bbox 421 1335 625 1413; x_wconf 88' lang='lat' dir='ltr'>aperte</span> <span class='ocrx_word' id='word_1_60' title='bbox 650 1323 1023 1400; x_wconf 84' lang='lat' dir='ltr'>conspiceret</span> <span class='ocrx_word' id='word_1_61' title='bbox 1042 1324 1251 1386; x_wconf 88' lang='lat' dir='ltr'>incidit</span> <span class='ocrx_word' id='word_1_62' title='bbox 1266 1324 1327 1384; x_wconf 91' lang='lat' dir='ltr'>in</span> <span class='ocrx_word' id='word_1_63' title='bbox 1346 1323 1624 1385; x_wconf 86' lang='lat' dir='ltr'>timorem</span> 
     </span>
     <span class='ocr_line' id='line_1_15' title="bbox 422 1402 1622 1481; baseline 0.002 -20"><span class='ocrx_word' id='word_1_64' title='bbox 422 1402 673 1462; x_wconf 84' lang='lat' dir='ltr'>nimium</span> <span class='ocrx_word' id='word_1_65' title='bbox 727 1413 789 1464; x_wconf 90' lang='lat' dir='ltr'>et</span> <span class='ocrx_word' id='word_1_66' title='bbox 841 1414 1169 1464; x_wconf 88' lang='lat' dir='ltr'>tremorem.</span> <span class='ocrx_word' id='word_1_67' title='bbox 1282 1407 1622 1481; x_wconf 87' lang='lat' dir='ltr'>Aspergunt</span> 
     </span>
     <span class='ocr_line' id='line_1_16' title="bbox 422 1480 1622 1559; baseline 0.001 -19"><span class='ocrx_word' id='word_1_68' title='bbox 422 1480 765 1543; x_wconf 82' lang='lat' dir='ltr'>assistentes</span> <span class='ocrx_word' id='word_1_69' title='bbox 816 1502 1035 1559; x_wconf 86' lang='lat' dir='ltr'>aquam</span> <span class='ocrx_word' id='word_1_70' title='bbox 1114 1482 1491 1543; x_wconf 86' lang='lat' dir='ltr'>benedictam</span> <span class='ocrx_word' id='word_1_71' title='bbox 1558 1482 1622 1543; x_wconf 88' lang='lat' dir='ltr'>in</span> 
     </span>
     <span class='ocr_line' id='line_1_17' title="bbox 424 1561 1620 1635; baseline 0.001 -16"><span class='ocrx_word' id='word_1_72' title='bbox 424 1578 676 1635; x_wconf 89' lang='lat' dir='ltr'>camera,</span> <span class='ocrx_word' id='word_1_73' title='bbox 724 1561 1022 1622; x_wconf 90' lang='lat' dir='ltr'>orationes</span> <span class='ocrx_word' id='word_1_74' title='bbox 1075 1563 1325 1621; x_wconf 89' lang='lat' dir='ltr'>devotas</span> <span class='ocrx_word' id='word_1_75' title='bbox 1378 1561 1620 1635; x_wconf 88' lang='lat' dir='ltr'>faciunt,</span> 
     </span>
     <span class='ocr_line' id='line_1_18' title="bbox 424 1640 1624 1716; baseline 0.002 -17"><span class='ocrx_word' id='word_1_76' title='bbox 424 1658 541 1699; x_wconf 88' lang='lat' dir='ltr'>nec</span> <span class='ocrx_word' id='word_1_77' title='bbox 566 1652 766 1701; x_wconf 88' lang='lat' dir='ltr'>tamen</span> <span class='ocrx_word' id='word_1_78' title='bbox 794 1640 879 1699; x_wconf 92' lang='lat' dir='ltr'>illi</span> <span class='ocrx_word' id='word_1_79' title='bbox 898 1640 1233 1714; x_wconf 88' lang='lat' dir='ltr'>discedunt,</span> <span class='ocrx_word' id='word_1_80' title='bbox 1252 1641 1361 1701; x_wconf 91' lang='lat' dir='ltr'>sed</span> <span class='ocrx_word' id='word_1_81' title='bbox 1383 1640 1624 1716; x_wconf 89' lang='lat' dir='ltr'>incepte</span> 
     </span>
     <span class='ocr_line' id='line_1_19' title="bbox 423 1718 1619 1780; baseline 0.001 -3"><span class='ocrx_word' id='word_1_82' title='bbox 423 1718 734 1778; x_wconf 87' lang='lat' dir='ltr'>vexacioni</span> <span class='ocrx_word' id='word_1_83' title='bbox 840 1721 1219 1780; x_wconf 90' lang='lat' dir='ltr'>vehementer</span> <span class='ocrx_word' id='word_1_84' title='bbox 1325 1718 1619 1780; x_wconf 90' lang='lat' dir='ltr'>insistunt.</span> 
     </span>
     <span class='ocr_line' id='line_1_20' title="bbox 423 1798 1622 1875; baseline 0.002 -20"><span class='ocrx_word' id='word_1_85' title='bbox 423 1798 699 1857; x_wconf 89' lang='lat' dir='ltr'>Tandem</span> <span class='ocrx_word' id='word_1_86' title='bbox 724 1798 977 1875; x_wconf 89' lang='lat' dir='ltr'>provido</span> <span class='ocrx_word' id='word_1_87' title='bbox 1017 1808 1077 1858; x_wconf 92' lang='lat' dir='ltr'>et</span> <span class='ocrx_word' id='word_1_88' title='bbox 1120 1816 1267 1858; x_wconf 91' lang='lat' dir='ltr'>sano</span> <span class='ocrx_word' id='word_1_89' title='bbox 1294 1798 1622 1858; x_wconf 89' lang='lat' dir='ltr'>amicorum</span> 
     </span>
     <span class='ocr_line' id='line_1_21' title="bbox 425 1875 1622 1938; baseline 0.002 -3"><span class='ocrx_word' id='word_1_90' title='bbox 425 1875 593 1936; x_wconf 91' lang='lat' dir='ltr'>consi</span> <span class='ocrx_word' id='word_1_91' title='bbox 614 1876 675 1936; x_wconf 90' lang='lat' dir='ltr'>io</span> <span class='ocrx_word' id='word_1_92' title='bbox 702 1889 945 1937; x_wconf 86' lang='lat' dir='ltr'>vocatus</span> <span class='ocrx_word' id='word_1_93' title='bbox 972 1887 1062 1938; x_wconf 90' lang='lat' dir='ltr'>est</span> <span class='ocrx_word' id='word_1_94' title='bbox 1087 1877 1298 1938; x_wconf 90' lang='lat' dir='ltr'>beatus</span> <span class='ocrx_word' id='word_1_95' title='bbox 1328 1877 1622 1937; x_wconf 86' lang='lat' dir='ltr'>Ricardus</span> 
     </span>
     <span class='ocr_line' id='line_1_22' title="bbox 424 1956 1620 2033; baseline 0.002 -18"><span class='ocrx_word' id='word_1_96' title='bbox 424 1956 503 2015; x_wconf 93' lang='lat' dir='ltr'>ad</span> <span class='ocrx_word' id='word_1_97' title='bbox 530 1975 847 2029; x_wconf 88' lang='lat' dir='ltr'>cameram,</span> <span class='ocrx_word' id='word_1_98' title='bbox 874 1967 942 2017; x_wconf 88' lang='lat' dir='ltr'>ut</span> <span class='ocrx_word' id='word_1_99' title='bbox 968 1956 1017 2015; x_wconf 93' lang='lat' dir='ltr'>si</span> <span class='ocrx_word' id='word_1_100' title='bbox 1044 1967 1249 2033; x_wconf 87' lang='lat' dir='ltr'>posset</span> <span class='ocrx_word' id='word_1_101' title='bbox 1276 1956 1471 2016; x_wconf 90' lang='lat' dir='ltr'>eidem</span> <span class='ocrx_word' id='word_1_102' title='bbox 1511 1958 1620 2017; x_wconf 88' lang='lat' dir='ltr'>do-</span> 
     </span>
     <span class='ocr_line' id='line_1_23' title="bbox 424 2033 1622 2111; baseline 0.002 -18"><span class='ocrx_word' id='word_1_103' title='bbox 424 2033 588 2093; x_wconf 91' lang='lat' dir='ltr'>mine</span> <span class='ocrx_word' id='word_1_104' title='bbox 641 2034 1077 2095; x_wconf 87' lang='lat' dir='ltr'>consolacionis</span> <span class='ocrx_word' id='word_1_105' title='bbox 1122 2046 1183 2095; x_wconf 89' lang='lat' dir='ltr'>et</span> <span class='ocrx_word' id='word_1_106' title='bbox 1226 2034 1622 2111; x_wconf 90' lang='lat' dir='ltr'>quietacionis</span> 
     </span>
     <span class='ocr_line' id='line_1_24' title="bbox 424 2112 1621 2190; baseline 0 -17"><span class='ocrx_word' id='word_1_107' title='bbox 424 2113 757 2173; x_wconf 90' lang='lat' dir='ltr'>remedium</span> <span class='ocrx_word' id='word_1_108' title='bbox 800 2112 1151 2175; x_wconf 89' lang='lat' dir='ltr'>adhiberet:</span> <span class='ocrx_word' id='word_1_109' title='bbox 1210 2113 1315 2190; x_wconf 91' lang='lat' dir='ltr'>qui</span> <span class='ocrx_word' id='word_1_110' title='bbox 1358 2132 1498 2173; x_wconf 89' lang='lat' dir='ltr'>cum</span> <span class='ocrx_word' id='word_1_111' title='bbox 1538 2115 1621 2173; x_wconf 89' lang='lat' dir='ltr'>ad</span> 
     </span>
     <span class='ocr_line' id='line_1_25' title="bbox 423 2192 1624 2267; baseline 0.001 -15"><span class='ocrx_word' id='word_1_112' title='bbox 423 2211 557 2252; x_wconf 89' lang='lat' dir='ltr'>eam</span> <span class='ocrx_word' id='word_1_113' title='bbox 586 2194 1015 2253; x_wconf 86' lang='lat' dir='ltr'>consolandam</span> <span class='ocrx_word' id='word_1_114' title='bbox 1042 2192 1437 2267; x_wconf 69' lang='lat' dir='ltr'>accessisset,²</span> <span class='ocrx_word' id='word_1_115' title='bbox 1478 2204 1539 2253; x_wconf 96' lang='lat' dir='ltr'>et</span> <span class='ocrx_word' id='word_1_116' title='bbox 1566 2192 1624 2253; x_wconf 92' lang='lat' dir='ltr'>ei</span> 
     </span>
     <span class='ocr_line' id='line_1_26' title="bbox 425 2271 1624 2345; baseline 0.002 -15"><span class='ocrx_word' id='word_1_117' title='bbox 425 2281 659 2331; x_wconf 84' lang='lat' dir='ltr'>sanctas</span> <span class='ocrx_word' id='word_1_118' title='bbox 688 2271 1136 2332; x_wconf 87' lang='lat' dir='ltr'>admoniciones</span> <span class='ocrx_word' id='word_1_119' title='bbox 1163 2272 1415 2345; x_wconf 84' lang='lat' dir='ltr'>fecisset,</span> <span class='ocrx_word' id='word_1_120' title='bbox 1442 2290 1516 2331; x_wconf 91' lang='lat' dir='ltr'>ac</span> <span class='ocrx_word' id='word_1_121' title='bbox 1542 2273 1624 2332; x_wconf 85' lang='lat' dir='ltr'>ad</span> 
     </span>
     <span class='ocr_line' id='line_1_27' title="bbox 426 2350 1626 2428; baseline 0 -19"><span class='ocrx_word' id='word_1_122' title='bbox 426 2368 593 2425; x_wconf 89' lang='lat' dir='ltr'>spem</span> <span class='ocrx_word' id='word_1_123' title='bbox 624 2369 864 2410; x_wconf 90' lang='lat' dir='ltr'>omnem</span> <span class='ocrx_word' id='word_1_124' title='bbox 893 2351 1236 2428; x_wconf 90' lang='lat' dir='ltr'>ponendam</span> <span class='ocrx_word' id='word_1_125' title='bbox 1278 2350 1342 2410; x_wconf 90' lang='lat' dir='ltr'>in</span> <span class='ocrx_word' id='word_1_126' title='bbox 1386 2369 1626 2427; x_wconf 87' lang='lat' dir='ltr'>supera-</span> 
     </span>
     <span class='ocr_line' id='line_1_28' title="bbox 424 2427 1624 2506; baseline 0.001 -17"><span class='ocrx_word' id='word_1_127' title='bbox 424 2427 716 2489; x_wconf 87' lang='lat' dir='ltr'>bundanti</span> <span class='ocrx_word' id='word_1_128' title='bbox 732 2429 757 2466; x_wconf 86' lang='lat'><strong>³</strong></span> <span class='ocrx_word' id='word_1_129' title='bbox 787 2429 905 2490; x_wconf 91' lang='lat' dir='ltr'>Dei</span> <span class='ocrx_word' id='word_1_130' title='bbox 931 2428 1335 2494; x_wconf 85' lang='lat' dir='ltr'>misericordia</span> <span class='ocrx_word' id='word_1_131' title='bbox 1360 2441 1421 2490; x_wconf 89' lang='lat' dir='ltr'>et</span> <span class='ocrx_word' id='word_1_132' title='bbox 1440 2427 1624 2506; x_wconf 89' lang='lat' dir='ltr'>ipsius</span> 
     </span>
     <span class='ocr_line' id='line_1_29' title="bbox 426 2506 1620 2586; baseline 0 -19"><span class='ocrx_word' id='word_1_133' title='bbox 426 2506 948 2568; x_wconf 88' lang='lat' dir='ltr'>exuberantissima</span> <span class='ocrx_word' id='word_1_134' title='bbox 1000 2508 1186 2586; x_wconf 89' lang='lat' dir='ltr'>gratia</span> <span class='ocrx_word' id='word_1_135' title='bbox 1244 2508 1620 2581; x_wconf 86' lang='lat' dir='ltr'>concitasset,</span> 
     </span>
     <span class='ocr_line' id='line_1_30' title="bbox 426 2587 1625 2649; baseline -0.002 0"><span class='ocrx_word' id='word_1_136' title='bbox 426 2587 669 2649; x_wconf 87' lang='lat' dir='ltr'>demum</span> <span class='ocrx_word' id='word_1_137' title='bbox 695 2588 775 2647; x_wconf 89' lang='lat' dir='ltr'>ad</span> <span class='ocrx_word' id='word_1_138' title='bbox 802 2588 1093 2648; x_wconf 80' lang='lat' dir='ltr'>orandum</span> <span class='ocrx_word' id='word_1_139' title='bbox 1137 2590 1335 2649; x_wconf 88' lang='lat' dir='ltr'>Deum</span> <span class='ocrx_word' id='word_1_140' title='bbox 1372 2588 1625 2647; x_wconf 89' lang='lat' dir='ltr'>ferventi</span> 
     </span>
     <span class='ocr_line' id='line_1_31' title="bbox 425 2666 1626 2743; baseline 0.001 -17"><span class='ocrx_word' id='word_1_141' title='bbox 425 2669 608 2727; x_wconf 90' lang='lat' dir='ltr'>corde</span> <span class='ocrx_word' id='word_1_142' title='bbox 636 2686 701 2727; x_wconf 89' lang='lat' dir='ltr'>se</span> <span class='ocrx_word' id='word_1_143' title='bbox 728 2666 998 2739; x_wconf 91' lang='lat' dir='ltr'>contulit,</span> <span class='ocrx_word' id='word_1_144' title='bbox 1027 2678 1237 2743; x_wconf 90' lang='lat' dir='ltr'>petens</span> <span class='ocrx_word' id='word_1_145' title='bbox 1276 2679 1343 2727; x_wconf 90' lang='lat' dir='ltr'>ut</span> <span class='ocrx_word' id='word_1_146' title='bbox 1367 2668 1626 2727; x_wconf 86' lang='lat' dir='ltr'>auferret</span> 
     </span>
     <span class='ocr_line' id='line_1_32' title="bbox 426 2746 1627 2823; baseline -0.001 -18"><span class='ocrx_word' id='word_1_147' title='bbox 426 2746 504 2805; x_wconf 88' lang='lat' dir='ltr'>ab</span> <span class='ocrx_word' id='word_1_148' title='bbox 530 2766 603 2806; x_wconf 86' lang='lat' dir='ltr'>ea</span> <span class='ocrx_word' id='word_1_149' title='bbox 630 2756 911 2806; x_wconf 87' lang='lat' dir='ltr'>terrorem</span> <span class='ocrx_word' id='word_1_150' title='bbox 945 2747 1273 2806; x_wconf 88' lang='lat' dir='ltr'>demonum</span> <span class='ocrx_word' id='word_1_151' title='bbox 1320 2757 1381 2806; x_wconf 91' lang='lat' dir='ltr'>et</span> <span class='ocrx_word' id='word_1_152' title='bbox 1422 2764 1627 2823; x_wconf 86' lang='lat' dir='ltr'>aspec-</span> 
     </span>
     <span class='ocr_line' id='line_1_33' title="bbox 426 2824 1626 2885; baseline -0.001 -1"><span class='ocrx_word' id='word_1_153' title='bbox 426 2835 569 2884; x_wconf 89' lang='lat' dir='ltr'>tum.</span> <span class='ocrx_word' id='word_1_154' title='bbox 656 2824 976 2885; x_wconf 86' lang='lat' dir='ltr'>Exaudivit</span> <span class='ocrx_word' id='word_1_155' title='bbox 1000 2835 1203 2885; x_wconf 89' lang='lat' dir='ltr'>autem</span> <span class='ocrx_word' id='word_1_156' title='bbox 1219 2825 1243 2861; x_wconf 84' lang='lat'><strong>⁴</strong></span> <span class='ocrx_word' id='word_1_157' title='bbox 1286 2843 1423 2884; x_wconf 91' lang='lat' dir='ltr'>eum</span> <span class='ocrx_word' id='word_1_158' title='bbox 1465 2824 1626 2883; x_wconf 90' lang='lat' dir='ltr'>illico</span> 
     </span>
     <span class='ocr_line' id='line_1_34' title="bbox 428 2902 1627 2978; baseline -0.002 -15"><span class='ocrx_word' id='word_1_159' title='bbox 428 2902 742 2978; x_wconf 79' lang='lat' dir='ltr'>DominuS‚</span> <span class='ocrx_word' id='word_1_160' title='bbox 806 2915 867 2965; x_wconf 90' lang='lat' dir='ltr'>et</span> <span class='ocrx_word' id='word_1_161' title='bbox 932 2902 1199 2965; x_wconf 88' lang='lat' dir='ltr'>oratione</span> <span class='ocrx_word' id='word_1_162' title='bbox 1266 2902 1469 2963; x_wconf 89' lang='lat' dir='ltr'>dilecti</span> <span class='ocrx_word' id='word_1_163' title='bbox 1535 2902 1627 2963; x_wconf 91' lang='lat' dir='ltr'>sui</span> 
     </span>
     <span class='ocr_line' id='line_1_35' title="bbox 428 2981 1628 3061; baseline -0.002 -18"><span class='ocrx_word' id='word_1_164' title='bbox 428 2981 985 3061; x_wconf 46' lang='lat' dir='ltr'>Ricardi⁴placatus</span> <span class='ocrx_word' id='word_1_165' title='bbox 1028 3002 1269 3043; x_wconf 91' lang='lat' dir='ltr'>omnem</span> <span class='ocrx_word' id='word_1_166' title='bbox 1306 2982 1467 3041; x_wconf 90' lang='lat' dir='ltr'>illam</span> <span class='ocrx_word' id='word_1_167' title='bbox 1506 2992 1628 3043; x_wconf 90' lang='lat' dir='ltr'>tur-</span> 
     </span>
     <span class='ocr_line' id='line_1_36' title="bbox 424 3061 1622 3138; baseline 0.001 -18"><span class='ocrx_word' id='word_1_168' title='bbox 424 3080 585 3121; x_wconf 87' lang='lat' dir='ltr'>mam</span> <span class='ocrx_word' id='word_1_169' title='bbox 654 3061 973 3123; x_wconf 85' lang='lat' dir='ltr'>terribilem</span> <span class='ocrx_word' id='word_1_170' title='bbox 1024 3061 1222 3138; x_wconf 88' lang='lat' dir='ltr'>coegit</span> <span class='ocrx_word' id='word_1_171' title='bbox 1273 3062 1353 3121; x_wconf 84' lang='lat' dir='ltr'>ad</span> <span class='ocrx_word' id='word_1_172' title='bbox 1408 3063 1622 3138; x_wconf 84' lang='lat' dir='ltr'>fugam.</span> 
     </span>
     <span class='ocr_line' id='line_1_37' title="bbox 429 3139 1631 3219; baseline 0.001 -20"><span class='ocrx_word' id='word_1_173' title='bbox 429 3139 747 3217; x_wconf 88' lang='lat' dir='ltr'>Fugientes</span> <span class='ocrx_word' id='word_1_174' title='bbox 784 3160 923 3219; x_wconf 88' lang='lat' dir='ltr'>ergo</span> <span class='ocrx_word' id='word_1_175' title='bbox 951 3142 1240 3201; x_wconf 90' lang='lat' dir='ltr'>demones</span> <span class='ocrx_word' id='word_1_176' title='bbox 1266 3139 1631 3216; x_wconf 87' lang='lat' dir='ltr'>reliquerunt</span> 
     </span>
     <span class='ocr_line' id='line_1_38' title="bbox 427 3218 1631 3296; baseline -0.004 -15"><span class='ocrx_word' id='word_1_177' title='bbox 427 3220 703 3281; x_wconf 85' lang='lat' dir='ltr'>transitus</span> <span class='ocrx_word' id='word_1_178' title='bbox 730 3220 821 3279; x_wconf 90' lang='lat' dir='ltr'>sui</span> <span class='ocrx_word' id='word_1_179' title='bbox 850 3222 1145 3296; x_wconf 89' lang='lat' dir='ltr'>stupenda</span> <span class='ocrx_word' id='word_1_180' title='bbox 1178 3218 1437 3295; x_wconf 81' lang='lat' dir='ltr'>vestigia.</span> <span class='ocrx_word' id='word_1_181' title='bbox 1522 3219 1631 3277; x_wconf 94' lang='lat' dir='ltr'>Vi-</span> 
     </span>
     <span class='ocr_line' id='line_1_39' title="bbox 428 3297 1630 3377; baseline -0.001 -19"><span class='ocrx_word' id='word_1_182' title='bbox 428 3299 643 3359; x_wconf 87' lang='lat' dir='ltr'>derunt</span> <span class='ocrx_word' id='word_1_183' title='bbox 689 3298 983 3377; x_wconf 90' lang='lat' dir='ltr'>siquidem</span> <span class='ocrx_word' id='word_1_184' title='bbox 1029 3316 1239 3358; x_wconf 88' lang='lat' dir='ltr'>omnes</span> <span class='ocrx_word' id='word_1_185' title='bbox 1282 3297 1630 3358; x_wconf 79' lang='lat' dir='ltr'>assistentes</span> 
     </span>
     <span class='ocr_line' id='line_1_40' title="bbox 428 3376 1628 3455; baseline 0.002 -20"><span class='ocrx_word' id='word_1_186' title='bbox 428 3379 593 3455; x_wconf 93' lang='lat' dir='ltr'>quod</span> <span class='ocrx_word' id='word_1_187' title='bbox 640 3376 703 3436; x_wconf 89' lang='lat' dir='ltr'>in</span> <span class='ocrx_word' id='word_1_188' title='bbox 748 3378 936 3438; x_wconf 84' lang='lat' dir='ltr'>fundo</span> <span class='ocrx_word' id='word_1_189' title='bbox 984 3396 1213 3438; x_wconf 90' lang='lat' dir='ltr'>camere</span> <span class='ocrx_word' id='word_1_190' title='bbox 1256 3394 1580 3453; x_wconf 89' lang='lat' dir='ltr'>consperso</span> <span class='ocrx_word' id='word_1_191' title='bbox 1601 3376 1628 3413; x_wconf 76' lang='lat'>⁵</span> 
     </span>
     <span class='ocr_line' id='line_1_41' title="bbox 426 3455 1630 3545; baseline 0 -30"><span class='ocrx_word' id='word_1_192' title='bbox 426 3455 614 3532; x_wconf 87' lang='lat' dir='ltr'>paleis</span> <span class='ocrx_word' id='word_1_193' title='bbox 648 3456 751 3516; x_wconf 91' lang='lat' dir='ltr'>ubi</span> <span class='ocrx_word' id='word_1_194' title='bbox 778 3456 1127 3516; x_wconf 87' lang='lat' dir='ltr'>transierant</span> <span class='ocrx_word' id='word_1_195' title='bbox 1152 3457 1321 3545; x_wconf 74' lang='lat' dir='ltr'>palee</span> <span class='ocrx_word' id='word_1_196' title='bbox 1342 3474 1630 3533; x_wconf 87' lang='lat' dir='ltr'>apparue-</span> 
     </span>
    </p>
   </div>
   <div class='ocr_carea' id='block_1_4' title="bbox 324 3534 1628 3612">
    <p class='ocr_par' dir='ltr' id='par_1_4' title="bbox 324 3534 1628 3612">
     <span class='ocr_line' id='line_1_42' title="bbox 324 3534 1628 3612; baseline -0.001 -17"><span class='ocrx_word' id='word_1_197' title='bbox 324 3595 334 3605; x_wconf 76' lang='grc'><em>,</em></span> <span class='ocrx_word' id='word_1_198' title='bbox 426 3547 565 3595; x_wconf 90' lang='lat' dir='ltr'>runt</span> <span class='ocrx_word' id='word_1_199' title='bbox 591 3536 904 3595; x_wconf 87' lang='lat' dir='ltr'>combuste</span> <span class='ocrx_word' id='word_1_200' title='bbox 948 3544 1009 3595; x_wconf 90' lang='lat' dir='ltr'>et</span> <span class='ocrx_word' id='word_1_201' title='bbox 1051 3534 1113 3594; x_wconf 89' lang='lat' dir='ltr'>in</span> <span class='ocrx_word' id='word_1_202' title='bbox 1156 3553 1385 3594; x_wconf 77' lang='lat' dir='ltr'>cineres</span> <span class='ocrx_word' id='word_1_203' title='bbox 1430 3536 1628 3612; x_wconf 89' lang='lat' dir='ltr'>nigros</span> 
     </span>
    </p>
   </div>
   <div class='ocr_carea' id='block_1_5' title="bbox 426 3611 1632 3848">
    <p class='ocr_par' dir='ltr' id='par_1_5' title="bbox 426 3611 1632 3848">
     <span class='ocr_line' id='line_1_43' title="bbox 426 3611 1632 3690; baseline 0.001 -18"><span class='ocrx_word' id='word_1_204' title='bbox 426 3615 684 3686; x_wconf 88' lang='lat' dir='ltr'>redacte,</span> <span class='ocrx_word' id='word_1_205' title='bbox 711 3611 775 3672; x_wconf 91' lang='lat' dir='ltr'>in</span> <span class='ocrx_word' id='word_1_206' title='bbox 812 3612 1072 3689; x_wconf 87' lang='lat' dir='ltr'>ipsisque</span> <span class='ocrx_word' id='word_1_207' title='bbox 1098 3611 1391 3673; x_wconf 89' lang='lat' dir='ltr'>cineribus</span> <span class='ocrx_word' id='word_1_208' title='bbox 1418 3614 1632 3690; x_wconf 87' lang='lat' dir='ltr'>figuras</span> 
     </span>
     <span class='ocr_line' id='line_1_44' title="bbox 429 3690 1624 3771; baseline 0.001 -20"><span class='ocrx_word' id='word_1_209' title='bbox 429 3691 599 3771; x_wconf 89' lang='lat' dir='ltr'>quasi</span> <span class='ocrx_word' id='word_1_210' title='bbox 633 3693 855 3769; x_wconf 91' lang='lat' dir='ltr'>pedum</span> <span class='ocrx_word' id='word_1_211' title='bbox 898 3692 1253 3751; x_wconf 86' lang='lat' dir='ltr'>bovinorum</span> <span class='ocrx_word' id='word_1_212' title='bbox 1293 3690 1624 3768; x_wconf 77' lang='lat' dir='ltr'>impressas,</span> 
     </span>
     <span class='ocr_line' id='line_1_45' title="bbox 430 3769 1629 3848; baseline -0.006 -12"><span class='ocrx_word' id='word_1_213' title='bbox 430 3774 586 3837; x_wconf 88' lang='lat' dir='ltr'>Cum</span> <span class='ocrx_word' id='word_1_214' title='bbox 636 3782 835 3832; x_wconf 85' lang='lat' dir='ltr'>autem</span> <span class='ocrx_word' id='word_1_215' title='bbox 890 3771 1134 3848; x_wconf 84' lang='lat' dir='ltr'>predam</span> <span class='ocrx_word' id='word_1_216' title='bbox 1179 3789 1359 3847; x_wconf 88' lang='lat' dir='ltr'>quam</span> <span class='ocrx_word' id='word_1_217' title='bbox 1404 3769 1629 3831; x_wconf 88' lang='lat' dir='ltr'>ibidem</span> 
     </span>
    </p>
   </div>
   <div class='ocr_carea' id='block_1_6' title="bbox 428 3958 1639 4467">
    <p class='ocr_par' dir='ltr' id='par_1_6' title="bbox 428 3958 1638 4091">
     <span class='ocr_line' id='line_1_46' title="bbox 530 3958 1638 4010; baseline -0.001 0"><span class='ocrx_word' id='word_1_218' title='bbox 530 3961 545 3992; x_wconf 80' lang='lat'>¹</span> <span class='ocrx_word' id='word_1_219' title='bbox 582 3960 695 4010; x_wconf 89' lang='lat' dir='ltr'>The</span> <span class='ocrx_word' id='word_1_220' title='bbox 716 3960 857 4010; x_wconf 78' lang='lat' dir='ltr'>word</span> <span class='ocrx_word' id='word_1_221' title='bbox 880 3958 923 4009; x_wconf 81' lang='lat' dir='ltr'>is</span> <span class='ocrx_word' id='word_1_222' title='bbox 946 3976 1003 4009; x_wconf 88' lang='lat' dir='ltr'>so</span> <span class='ocrx_word' id='word_1_223' title='bbox 1025 3960 1223 4009; x_wconf 82' lang='lat' dir='ltr'>written</span> <span class='ocrx_word' id='word_1_224' title='bbox 1246 3959 1298 4008; x_wconf 89' lang='lat' dir='ltr'>in</span> <span class='ocrx_word' id='word_1_225' title='bbox 1323 3960 1381 4009; x_wconf 88' lang='lat' dir='ltr'>B.</span> <span class='ocrx_word' id='word_1_226' title='bbox 1434 3960 1495 4007; x_wconf 87' lang='lat' dir='ltr'>In</span> <span class='ocrx_word' id='word_1_227' title='bbox 1515 3960 1574 4009; x_wconf 90' lang='lat' dir='ltr'>L.</span> <span class='ocrx_word' id='word_1_228' title='bbox 1599 3960 1638 4009; x_wconf 88' lang='lat' dir='ltr'>it</span> 
     </span>
     <span class='ocr_line' id='line_1_47' title="bbox 428 4024 1527 4091; baseline -0.003 -12"><span class='ocrx_word' id='word_1_229' title='bbox 428 4028 472 4079; x_wconf 73' lang='lat'>1⁸</span> <span class='ocrx_word' id='word_1_230' title='bbox 495 4027 581 4079; x_wconf 83' lang='lat' dir='ltr'>the</span> <span class='ocrx_word' id='word_1_231' title='bbox 603 4026 840 4091; x_wconf 74' lang='lat' dir='ltr'>ordinary</span> <span class='ocrx_word' id='word_1_232' title='bbox 860 4026 1173 4077; x_wconf 73' lang='lat' dir='ltr'>conti-action</span> <span class='ocrx_word' id='word_1_233' title='bbox 1188 4024 1266 4075; x_wconf 81' lang='lat' dir='ltr'>for</span> <span class='ocrx_word' id='word_1_234' title='bbox 1287 4026 1527 4076; x_wconf 76' lang='lat' dir='ltr'>manerio.</span> 
     </span>
    </p>

    <p class='ocr_par' dir='ltr' id='par_1_7' title="bbox 529 4092 992 4157">
     <span class='ocr_line' id='line_1_48' title="bbox 529 4092 992 4157; baseline 0 -15"><span class='ocrx_word' id='word_1_235' title='bbox 529 4094 552 4124; x_wconf 82' lang='lat'>⁸</span> <span class='ocrx_word' id='word_1_236' title='bbox 584 4093 889 4157; x_wconf 59' lang='lat' dir='ltr'>accepissem</span> <span class='ocrx_word' id='word_1_237' title='bbox 933 4092 992 4142; x_wconf 89' lang='lat' dir='ltr'>L.</span> 
     </span>
    </p>

    <p class='ocr_par' dir='ltr' id='par_1_8' title="bbox 432 4156 1639 4339">
     <span class='ocr_line' id='line_1_49' title="bbox 528 4156 1639 4223; baseline -0.003 -15"><span class='ocrx_word' id='word_1_238' title='bbox 528 4159 549 4190; x_wconf 79' lang='lat'>⁸</span> <span class='ocrx_word' id='word_1_239' title='bbox 584 4157 1047 4223; x_wconf 78' lang='lat' dir='ltr'>superhabundanti</span> <span class='ocrx_word' id='word_1_240' title='bbox 1072 4176 1086 4207; x_wconf 71' lang='grc' dir='ltr'>ι</span> <span class='ocrx_word' id='word_1_241' title='bbox 1143 4156 1203 4206; x_wconf 91' lang='lat' dir='ltr'>L.</span> <span class='ocrx_word' id='word_1_242' title='bbox 1264 4165 1315 4206; x_wconf 88' lang='lat' dir='ltr'>et</span> <span class='ocrx_word' id='word_1_243' title='bbox 1360 4156 1419 4206; x_wconf 88' lang='lat' dir='ltr'>B.</span> <span class='ocrx_word' id='word_1_244' title='bbox 1460 4156 1639 4221; x_wconf 77' lang='lat' dir='ltr'>prim</span> 
     </span>
     <span class='ocr_line' id='line_1_50' title="bbox 432 4240 1041 4339; baseline 0.002 -2"><span class='ocrx_word' id='word_1_245' title='bbox 432 4240 610 4321; x_wconf 44' lang='lat' dir='ltr'><em>mffu‘·</em></span> <span class='ocrx_word' id='word_1_246' title='bbox 625 4296 791 4339; x_wconf 84' lang='lat' dir='ltr'>autem</span> <span class='ocrx_word' id='word_1_247' title='bbox 812 4288 826 4311; x_wconf 92' lang='lat'>’</span> <span class='ocrx_word' id='word_1_248' title='bbox 848 4304 949 4337; x_wconf 88' lang='lat' dir='ltr'>om.</span> <span class='ocrx_word' id='word_1_249' title='bbox 980 4288 1041 4338; x_wconf 87' lang='lat' dir='ltr'>L.</span> 
     </span>
    </p>

    <p class='ocr_par' dir='ltr' id='par_1_9' title="bbox 532 4354 990 4417">
     <span class='ocr_line' id='line_1_51' title="bbox 532 4354 990 4417; baseline -0.007 -14"><span class='ocrx_word' id='word_1_250' title='bbox 532 4356 553 4384; x_wconf 76' lang='lat'>³</span> <span class='ocrx_word' id='word_1_251' title='bbox 585 4370 857 4417; x_wconf 66' lang='lat' dir='ltr'>consperso</span> <span class='ocrx_word' id='word_1_252' title='bbox 882 4372 895 4401; x_wconf 73' lang='grc' dir='ltr'><strong>ε</strong></span> <span class='ocrx_word' id='word_1_253' title='bbox 932 4354 990 4401; x_wconf 90' lang='lat' dir='ltr'>L.</span> 
     </span>
    </p>

    <p class='ocr_par' dir='ltr' id='par_1_10' title="bbox 534 4418 1068 4467">
     <span class='ocr_line' id='line_1_52' title="bbox 534 4418 1068 4467; baseline 0 -2"><span class='ocrx_word' id='word_1_254' title='bbox 534 4419 555 4447; x_wconf 82' lang='lat'>⁸</span> <span class='ocrx_word' id='word_1_255' title='bbox 587 4418 971 4467; x_wconf 75' lang='lat' dir='ltr'>molliebantur:</span> <span class='ocrx_word' id='word_1_256' title='bbox 1010 4418 1068 4466; x_wconf 87' lang='lat' dir='ltr'>L.</span> 
     </span>
    </p>
   </div>
   <div class='ocr_carea' id='block_1_7' title="bbox 2223 352 2389 409">
    <p class='ocr_par' dir='ltr' id='par_1_11' title="bbox 2223 352 2389 409">
     <span class='ocr_line' id='line_1_53' title="bbox 2223 352 2389 409; baseline -0.012 0"><span class='ocrx_word' id='word_1_257' title='bbox 2223 352 2389 409; x_wconf 90' lang='lat'>800</span> 
     </span>
    </p>
   </div>
   <div class='ocr_carea' id='block_1_8' title="bbox 1718 454 2950 3753">
    <p class='ocr_par' dir='ltr' id='par_1_12' title="bbox 1718 454 2950 3753">
     <span class='ocr_line' id='line_1_54' title="bbox 1718 454 2927 533; baseline 0.002 -19"><span class='ocrx_word' id='word_1_258' title='bbox 1718 454 2184 531; x_wconf 86' lang='lat' dir='ltr'>concupiverant</span> <span class='ocrx_word' id='word_1_259' title='bbox 2199 455 2490 516; x_wconf 88' lang='lat' dir='ltr'>demones</span> <span class='ocrx_word' id='word_1_260' title='bbox 2507 454 2927 533; x_wconf 76' lang='lat' dir='ltr'>perdidissent,</span> 
     </span>
     <span class='ocr_line' id='line_1_55' title="bbox 1721 534 2931 612; baseline 0.002 -19"><span class='ocrx_word' id='word_1_261' title='bbox 1721 534 2122 595; x_wconf 88' lang='lat' dir='ltr'>moliebantur</span> <span class='ocrx_word' id='word_1_262' title='bbox 2141 535 2168 573; x_wconf 80' lang='lat'>⁶</span> <span class='ocrx_word' id='word_1_263' title='bbox 2195 534 2520 595; x_wconf 88' lang='lat' dir='ltr'>vindictam</span> <span class='ocrx_word' id='word_1_264' title='bbox 2548 535 2831 612; x_wconf 83' lang='lat' dir='ltr'>accipere</span> <span class='ocrx_word' id='word_1_265' title='bbox 2855 537 2931 596; x_wconf 90' lang='lat' dir='ltr'>de</span> 
     </span>
     <span class='ocr_line' id='line_1_56' title="bbox 1722 613 2933 691; baseline 0.002 -18"><span class='ocrx_word' id='word_1_266' title='bbox 1722 632 1833 673; x_wconf 90' lang='lat' dir='ltr'>suo</span> <span class='ocrx_word' id='word_1_267' title='bbox 1885 614 2152 691; x_wconf 89' lang='lat' dir='ltr'>fugatore</span> <span class='ocrx_word' id='word_1_268' title='bbox 2205 613 2486 673; x_wconf 89' lang='lat' dir='ltr'>Ricardo.</span> <span class='ocrx_word' id='word_1_269' title='bbox 2606 616 2804 675; x_wconf 88' lang='lat' dir='ltr'>Unde</span> <span class='ocrx_word' id='word_1_270' title='bbox 2853 616 2933 675; x_wconf 66' lang='lat' dir='ltr'>ad</span> 
     </span>
     <span class='ocr_line' id='line_1_57' title="bbox 1721 692 2935 770; baseline 0.002 -19"><span class='ocrx_word' id='word_1_271' title='bbox 1721 692 1907 769; x_wconf 90' lang='lat' dir='ltr'>ipsius</span> <span class='ocrx_word' id='word_1_272' title='bbox 1953 694 2166 753; x_wconf 90' lang='lat' dir='ltr'>cellam</span> <span class='ocrx_word' id='word_1_273' title='bbox 2213 692 2484 770; x_wconf 90' lang='lat' dir='ltr'>protinus</span> <span class='ocrx_word' id='word_1_274' title='bbox 2527 704 2935 767; x_wconf 64' lang='lat' dir='ltr'>accesserunt,</span> 
     </span>
     <span class='ocr_line' id='line_1_58' title="bbox 1721 772 2938 849; baseline 0.001 -17"><span class='ocrx_word' id='word_1_275' title='bbox 1721 782 1782 832; x_wconf 90' lang='lat' dir='ltr'>et</span> <span class='ocrx_word' id='word_1_276' title='bbox 1807 773 1962 832; x_wconf 90' lang='lat' dir='ltr'>adeo</span> <span class='ocrx_word' id='word_1_277' title='bbox 1989 791 2130 832; x_wconf 90' lang='lat' dir='ltr'>eum</span> <span class='ocrx_word' id='word_1_278' title='bbox 2169 772 2652 849; x_wconf 85' lang='lat' dir='ltr'>inquietaverunt</span> <span class='ocrx_word' id='word_1_279' title='bbox 2679 774 2762 832; x_wconf 89' lang='lat' dir='ltr'>ad</span> <span class='ocrx_word' id='word_1_280' title='bbox 2793 786 2938 833; x_wconf 80' lang='lat' dir='ltr'>tem-</span> 
     </span>
     <span class='ocr_line' id='line_1_59' title="bbox 1719 851 2936 927; baseline 0.002 -18"><span class='ocrx_word' id='word_1_281' title='bbox 1719 868 1848 927; x_wconf 88' lang='lat' dir='ltr'>pus,</span> <span class='ocrx_word' id='word_1_282' title='bbox 1881 852 2046 927; x_wconf 90' lang='lat' dir='ltr'>quod</span> <span class='ocrx_word' id='word_1_283' title='bbox 2073 854 2242 911; x_wconf 91' lang='lat' dir='ltr'>locus</span> <span class='ocrx_word' id='word_1_284' title='bbox 2282 851 2382 911; x_wconf 90' lang='lat' dir='ltr'>ille</span> <span class='ocrx_word' id='word_1_285' title='bbox 2417 852 2936 927; x_wconf 88' lang='lat' dir='ltr'>contemplacioni</span> 
     </span>
     <span class='ocr_line' id='line_1_60' title="bbox 1721 930 2934 1007; baseline 0.002 -18"><span class='ocrx_word' id='word_1_286' title='bbox 1721 948 1828 989; x_wconf 89' lang='lat' dir='ltr'>sue</span> <span class='ocrx_word' id='word_1_287' title='bbox 1892 930 2240 990; x_wconf 85' lang='lat' dir='ltr'>redderetur</span> <span class='ocrx_word' id='word_1_288' title='bbox 2301 930 2554 1007; x_wconf 86' lang='lat' dir='ltr'>ineptus.</span> <span class='ocrx_word' id='word_1_289' title='bbox 2669 932 2934 991; x_wconf 83' lang='lat' dir='ltr'>Sanctus</span> 
     </span>
     <span class='ocr_line' id='line_1_61' title="bbox 1720 1010 2936 1087; baseline 0.002 -20"><span class='ocrx_word' id='word_1_290' title='bbox 1720 1020 1922 1069; x_wconf 88' lang='lat' dir='ltr'>autem</span> <span class='ocrx_word' id='word_1_291' title='bbox 1953 1010 2068 1069; x_wconf 92' lang='lat' dir='ltr'>Dei</span> <span class='ocrx_word' id='word_1_292' title='bbox 2097 1021 2380 1069; x_wconf 87' lang='lat' dir='ltr'>constans</span> <span class='ocrx_word' id='word_1_293' title='bbox 2419 1010 2480 1069; x_wconf 90' lang='lat' dir='ltr'>in</span> <span class='ocrx_word' id='word_1_294' title='bbox 2517 1010 2660 1083; x_wconf 90' lang='lat' dir='ltr'>fide,</span> <span class='ocrx_word' id='word_1_295' title='bbox 2689 1012 2774 1069; x_wconf 84' lang='lat' dir='ltr'>ad</span> <span class='ocrx_word' id='word_1_296' title='bbox 2803 1030 2936 1087; x_wconf 89' lang='lat' dir='ltr'>pre-</span> 
     </span>
     <span class='ocr_line' id='line_1_62' title="bbox 1722 1084 2938 1165; baseline 0.002 -18"><span class='ocrx_word' id='word_1_297' title='bbox 1722 1084 1939 1147; x_wconf 90' lang='lat' dir='ltr'>sidium</span> <span class='ocrx_word' id='word_1_298' title='bbox 1981 1087 2266 1148; x_wconf 87' lang='lat' dir='ltr'>orationis</span> <span class='ocrx_word' id='word_1_299' title='bbox 2307 1088 2518 1148; x_wconf 86' lang='lat' dir='ltr'>iterato</span> <span class='ocrx_word' id='word_1_300' title='bbox 2571 1088 2938 1165; x_wconf 82' lang='lat' dir='ltr'>confugiens</span> 
     </span>
     <span class='ocr_line' id='line_1_63' title="bbox 1722 1165 2938 1245; baseline 0.002 -20"><span class='ocrx_word' id='word_1_301' title='bbox 1722 1165 1956 1226; x_wconf 79' lang='lat' dir='ltr'>illorum</span> <span class='ocrx_word' id='word_1_302' title='bbox 2005 1166 2274 1227; x_wconf 85' lang='lat' dir='ltr'>iteratam</span> <span class='ocrx_word' id='word_1_303' title='bbox 2321 1168 2523 1245; x_wconf 86' lang='lat' dir='ltr'>fugam</span> <span class='ocrx_word' id='word_1_304' title='bbox 2567 1186 2604 1227; x_wconf 91' lang='lat' dir='ltr'>a</span> <span class='ocrx_word' id='word_1_305' title='bbox 2660 1170 2938 1228; x_wconf 86' lang='lat' dir='ltr'>Domino</span> 
     </span>
     <span class='ocr_line' id='line_1_64' title="bbox 1723 1245 2936 1323; baseline 0.002 -18"><span class='ocrx_word' id='word_1_306' title='bbox 1723 1245 1844 1305; x_wconf 88' lang='lat' dir='ltr'>suis</span> <span class='ocrx_word' id='word_1_307' title='bbox 1885 1245 2159 1321; x_wconf 89' lang='lat' dir='ltr'>precibus</span> <span class='ocrx_word' id='word_1_308' title='bbox 2207 1245 2559 1323; x_wconf 80' lang='lat' dir='ltr'>impetravit.</span> <span class='ocrx_word' id='word_1_309' title='bbox 2643 1248 2752 1307; x_wconf 80' lang='lat' dir='ltr'>Ad</span> <span class='ocrx_word' id='word_1_310' title='bbox 2789 1266 2936 1307; x_wconf 85' lang='lat' dir='ltr'>con·</span> 
     </span>
     <span class='ocr_line' id='line_1_65' title="bbox 1723 1324 2938 1387; baseline 0.002 -3"><span class='ocrx_word' id='word_1_311' title='bbox 1723 1324 2087 1385; x_wconf 83' lang='lat' dir='ltr'>solaeionem</span> <span class='ocrx_word' id='word_1_312' title='bbox 2106 1335 2312 1384; x_wconf 88' lang='lat' dir='ltr'>autem</span> <span class='ocrx_word' id='word_1_313' title='bbox 2331 1324 2662 1385; x_wconf 85' lang='lat' dir='ltr'>amicorum</span> <span class='ocrx_word' id='word_1_314' title='bbox 2685 1326 2938 1387; x_wconf 87' lang='lat' dir='ltr'>domine</span> 
     </span>
     <span class='ocr_line' id='line_1_66' title="bbox 1727 1402 2938 1465; baseline 0.002 -2"><span class='ocrx_word' id='word_1_315' title='bbox 1727 1415 2052 1463; x_wconf 89' lang='lat' dir='ltr'>memorate</span> <span class='ocrx_word' id='word_1_316' title='bbox 2081 1402 2386 1464; x_wconf 82' lang='lat' dir='ltr'>nunciavit</span> <span class='ocrx_word' id='word_1_317' title='bbox 2417 1404 2502 1464; x_wconf 90' lang='lat' dir='ltr'>eis</span> <span class='ocrx_word' id='word_1_318' title='bbox 2537 1422 2678 1465; x_wconf 63' lang='lat' dir='ltr'>mm</span> <span class='ocrx_word' id='word_1_319' title='bbox 2705 1407 2938 1465; x_wconf 83' lang='lat' dir='ltr'>salvam</span> 
     </span>
     <span class='ocr_line' id='line_1_67' title="bbox 1723 1482 2938 1560; baseline 0.002 -18"><span class='ocrx_word' id='word_1_320' title='bbox 1723 1501 1874 1555; x_wconf 91' lang='lat' dir='ltr'>esse,</span> <span class='ocrx_word' id='word_1_321' title='bbox 1905 1493 1965 1543; x_wconf 88' lang='lat' dir='ltr'>et</span> <span class='ocrx_word' id='word_1_322' title='bbox 1992 1482 2154 1560; x_wconf 87' lang='lat' dir='ltr'>regni</span> <span class='ocrx_word' id='word_1_323' title='bbox 2183 1484 2296 1543; x_wconf 88' lang='lat' dir='ltr'>celi</span> <span class='ocrx_word' id='word_1_324' title='bbox 2313 1482 2340 1521; x_wconf 88' lang='lat'>⁷</span> <span class='ocrx_word' id='word_1_325' title='bbox 2379 1484 2748 1544; x_wconf 87' lang='lat' dir='ltr'>coheredem</span> <span class='ocrx_word' id='word_1_326' title='bbox 2775 1486 2938 1545; x_wconf 83' lang='lat' dir='ltr'>futu-</span> 
     </span>
     <span class='ocr_line' id='line_1_68' title="bbox 1723 1560 2669 1638; baseline 0.003 -19"><span class='ocrx_word' id='word_1_327' title='bbox 1723 1580 1848 1620; x_wconf 90' lang='lat' dir='ltr'>ram</span> <span class='ocrx_word' id='word_1_328' title='bbox 1877 1573 2014 1638; x_wconf 92' lang='lat' dir='ltr'>post</span> <span class='ocrx_word' id='word_1_329' title='bbox 2041 1560 2264 1622; x_wconf 81' lang='lat' dir='ltr'>exitum</span> <span class='ocrx_word' id='word_1_330' title='bbox 2283 1562 2361 1622; x_wconf 90' lang='lat' dir='ltr'>ab</span> <span class='ocrx_word' id='word_1_331' title='bbox 2387 1563 2502 1621; x_wconf 92' lang='lat' dir='ltr'>hac</span> <span class='ocrx_word' id='word_1_332' title='bbox 2527 1562 2669 1622; x_wconf 74' lang='lat' dir='ltr'>vita.</span> 
     </span>
     <span class='ocr_line' id='line_1_69' title="bbox 1723 1640 2942 1748; baseline 0.002 -49"><span class='ocrx_word' id='word_1_333' title='bbox 1723 1641 1930 1748; x_wconf 78' lang='lat' dir='ltr'>Post</span> <span class='ocrx_word' id='word_1_334' title='bbox 1945 1640 1970 1677; x_wconf 80' lang='lat'><strong>⁸</strong></span> <span class='ocrx_word' id='word_1_335' title='bbox 1999 1642 2112 1700; x_wconf 91' lang='lat' dir='ltr'>hec</span> <span class='ocrx_word' id='word_1_336' title='bbox 2129 1653 2371 1701; x_wconf 84' lang='lat' dir='ltr'>sanctus</span> <span class='ocrx_word' id='word_1_337' title='bbox 2391 1642 2506 1701; x_wconf 92' lang='lat' dir='ltr'>Dei</span> <span class='ocrx_word' id='word_1_338' title='bbox 2529 1641 2842 1703; x_wconf 74' lang='lat' dir='ltr'>Rioerdus</span> <span class='ocrx_word' id='word_1_339' title='bbox 2859 1644 2942 1702; x_wconf 82' lang='lat' dir='ltr'>ad</span> 
     </span>
     <span class='ocr_line' id='line_1_70' title="bbox 1831 1720 2942 1796; baseline 0.001 -17"><span class='ocrx_word' id='word_1_340' title='bbox 1831 1720 1978 1779; x_wconf 89' lang='lat' dir='ltr'>alias</span> <span class='ocrx_word' id='word_1_341' title='bbox 1993 1730 2190 1796; x_wconf 84' lang='lat' dir='ltr'>partes</span> <span class='ocrx_word' id='word_1_342' title='bbox 2206 1739 2271 1779; x_wconf 88' lang='lat' dir='ltr'>se</span> <span class='ocrx_word' id='word_1_343' title='bbox 2287 1720 2598 1793; x_wconf 87' lang='lat' dir='ltr'>transtulit,</span> <span class='ocrx_word' id='word_1_344' title='bbox 2613 1740 2746 1781; x_wconf 86' lang='lat' dir='ltr'>non</span> <span class='ocrx_word' id='word_1_345' title='bbox 2764 1722 2942 1782; x_wconf 88' lang='lat' dir='ltr'>dubi·</span> 
     </span>
     <span class='ocr_line' id='line_1_71' title="bbox 1721 1798 2944 1875; baseline 0.003 -18"><span class='ocrx_word' id='word_1_346' title='bbox 1721 1817 1824 1857; x_wconf 92' lang='lat' dir='ltr'>um</span> <span class='ocrx_word' id='word_1_347' title='bbox 1838 1818 1912 1858; x_wconf 84' lang='lat' dir='ltr'>ex</span> <span class='ocrx_word' id='word_1_348' title='bbox 1927 1798 2128 1859; x_wconf 88' lang='lat' dir='ltr'>divina</span> <span class='ocrx_word' id='word_1_349' title='bbox 2142 1798 2542 1875; x_wconf 73' lang='lat' dir='ltr'>providencia,</span> <span class='ocrx_word' id='word_1_350' title='bbox 2563 1812 2632 1859; x_wconf 91' lang='lat' dir='ltr'>ut</span> <span class='ocrx_word' id='word_1_351' title='bbox 2648 1799 2714 1858; x_wconf 90' lang='lat' dir='ltr'>in</span> <span class='ocrx_word' id='word_1_352' title='bbox 2731 1802 2944 1861; x_wconf 85' lang='lat' dir='ltr'>multis</span> 
     </span>
     <span class='ocr_line' id='line_1_72' title="bbox 1723 1877 2946 1955; baseline 0.002 -17"><span class='ocrx_word' id='word_1_353' title='bbox 1723 1878 2065 1938; x_wconf 88' lang='lat' dir='ltr'>demoratus</span> <span class='ocrx_word' id='word_1_354' title='bbox 2107 1877 2257 1937; x_wconf 88' lang='lat' dir='ltr'>locis</span> <span class='ocrx_word' id='word_1_355' title='bbox 2283 1877 2483 1938; x_wconf 87' lang='lat' dir='ltr'>multis</span> <span class='ocrx_word' id='word_1_356' title='bbox 2512 1880 2838 1955; x_wconf 88' lang='lat' dir='ltr'>proficeret</span> <span class='ocrx_word' id='word_1_357' title='bbox 2865 1882 2946 1940; x_wconf 89' lang='lat' dir='ltr'>ad</span> 
     </span>
     <span class='ocr_line' id='line_1_73' title="bbox 1723 1955 2948 2029; baseline 0.002 -14"><span class='ocrx_word' id='word_1_358' title='bbox 1723 1957 1993 2029; x_wconf 83' lang='lat' dir='ltr'>salutem,</span> <span class='ocrx_word' id='word_1_359' title='bbox 2011 1966 2072 2015; x_wconf 93' lang='lat' dir='ltr'>et</span> <span class='ocrx_word' id='word_1_360' title='bbox 2087 1955 2384 2017; x_wconf 90' lang='lat' dir='ltr'>interdum</span> <span class='ocrx_word' id='word_1_361' title='bbox 2401 1956 2594 2017; x_wconf 86' lang='lat' dir='ltr'>eciam</span> <span class='ocrx_word' id='word_1_362' title='bbox 2607 1968 2682 2017; x_wconf 87' lang='lat' dir='ltr'>ut</span> <span class='ocrx_word' id='word_1_363' title='bbox 2697 1958 2821 2018; x_wconf 88' lang='lat' dir='ltr'>sibi</span> <span class='ocrx_word' id='word_1_364' title='bbox 2843 1959 2948 2018; x_wconf 85' lang='lat' dir='ltr'>im-</span> 
     </span>
     <span class='ocr_line' id='line_1_74' title="bbox 1724 2034 2944 2113; baseline 0.002 -18"><span class='ocrx_word' id='word_1_365' title='bbox 1724 2034 2066 2111; x_wconf 89' lang='lat' dir='ltr'>pedimenta</span> <span class='ocrx_word' id='word_1_366' title='bbox 2093 2034 2628 2113; x_wconf 89' lang='lat' dir='ltr'>contemplacionis</span> <span class='ocrx_word' id='word_1_367' title='bbox 2660 2039 2944 2109; x_wconf 82' lang='lat' dir='ltr'>auferret,</span> 
     </span>
     <span class='ocr_line' id='line_1_75' title="bbox 1723 2113 2946 2191; baseline 0.002 -18"><span class='ocrx_word' id='word_1_368' title='bbox 1723 2113 1874 2173; x_wconf 89' lang='lat' dir='ltr'>sicut</span> <span class='ocrx_word' id='word_1_369' title='bbox 1913 2114 1974 2172; x_wconf 91' lang='lat' dir='ltr'>in</span> <span class='ocrx_word' id='word_1_370' title='bbox 2003 2113 2155 2173; x_wconf 91' lang='lat' dir='ltr'>libro</span> <span class='ocrx_word' id='word_1_371' title='bbox 2195 2116 2276 2175; x_wconf 92' lang='lat' dir='ltr'>de</span> <span class='ocrx_word' id='word_1_372' title='bbox 2307 2114 2443 2174; x_wconf 88' lang='lat' dir='ltr'>vitis</span> <span class='ocrx_word' id='word_1_373' title='bbox 2481 2124 2724 2191; x_wconf 83' lang='lat' dir='ltr'>patrum</span> <span class='ocrx_word' id='word_1_374' title='bbox 2769 2115 2946 2176; x_wconf 86' lang='lat' dir='ltr'>multi</span> 
     </span>
     <span class='ocr_line' id='line_1_76' title="bbox 1723 2190 2948 2269; baseline 0.003 -18"><span class='ocrx_word' id='word_1_375' title='bbox 1723 2190 2224 2251; x_wconf 89' lang='lat' dir='ltr'>sanctissimorum</span> <span class='ocrx_word' id='word_1_376' title='bbox 2279 2203 2516 2269; x_wconf 79' lang='lat' dir='ltr'>patrum</span> <span class='ocrx_word' id='word_1_377' title='bbox 2563 2193 2626 2251; x_wconf 91' lang='lat' dir='ltr'>in</span> <span class='ocrx_word' id='word_1_378' title='bbox 2693 2196 2948 2255; x_wconf 82' lang='lat' dir='ltr'>heremo</span> 
     </span>
     <span class='ocr_line' id='line_1_77' title="bbox 1720 2270 2948 2347; baseline 0.002 -16"><span class='ocrx_word' id='word_1_379' title='bbox 1720 2270 1931 2332; x_wconf 86' lang='lat' dir='ltr'>fecisse</span> <span class='ocrx_word' id='word_1_380' title='bbox 1945 2273 2229 2347; x_wconf 86' lang='lat' dir='ltr'>leguntur.</span> <span class='ocrx_word' id='word_1_381' title='bbox 2264 2274 2396 2331; x_wconf 91' lang='lat' dir='ltr'>Nec</span> <span class='ocrx_word' id='word_1_382' title='bbox 2407 2272 2568 2332; x_wconf 87' lang='lat' dir='ltr'>enim</span> <span class='ocrx_word' id='word_1_383' title='bbox 2583 2274 2806 2333; x_wconf 87' lang='lat' dir='ltr'>crebra</span> <span class='ocrx_word' id='word_1_384' title='bbox 2825 2273 2948 2334; x_wconf 87' lang='lat' dir='ltr'>loci</span> 
     </span>
     <span class='ocr_line' id='line_1_78' title="bbox 1723 2350 2944 2428; baseline 0.003 -19"><span class='ocrx_word' id='word_1_385' title='bbox 1723 2350 1975 2411; x_wconf 88' lang='lat' dir='ltr'>mutatio</span> <span class='ocrx_word' id='word_1_386' title='bbox 2003 2370 2237 2427; x_wconf 88' lang='lat' dir='ltr'>semper</span> <span class='ocrx_word' id='word_1_387' title='bbox 2275 2370 2350 2410; x_wconf 80' lang='lat' dir='ltr'>ex</span> <span class='ocrx_word' id='word_1_388' title='bbox 2373 2350 2614 2412; x_wconf 88' lang='lat' dir='ltr'>levitate</span> <span class='ocrx_word' id='word_1_389' title='bbox 2643 2352 2944 2428; x_wconf 83' lang='lat' dir='ltr'>procedit,</span> 
     </span>
     <span class='ocr_line' id='line_1_79' title="bbox 1725 2429 2946 2507; baseline 0.004 -20"><span class='ocrx_word' id='word_1_390' title='bbox 1725 2440 1902 2506; x_wconf 90' lang='lat' dir='ltr'>prout</span> <span class='ocrx_word' id='word_1_391' title='bbox 1915 2429 2650 2507; x_wconf 85' lang='lat' dir='ltr'>calumpnianturquidam</span> <span class='ocrx_word' id='word_1_392' title='bbox 2663 2432 2946 2493; x_wconf 67' lang='lat' dir='ltr'>homines</span> 
     </span>
     <span class='ocr_line' id='line_1_80' title="bbox 1724 2507 2944 2586; baseline 0.003 -19"><span class='ocrx_word' id='word_1_393' title='bbox 1724 2508 1897 2585; x_wconf 89' lang='lat' dir='ltr'>proni</span> <span class='ocrx_word' id='word_1_394' title='bbox 1923 2518 1986 2569; x_wconf 90' lang='lat' dir='ltr'>et</span> <span class='ocrx_word' id='word_1_395' title='bbox 2020 2507 2222 2569; x_wconf 84' lang='lat' dir='ltr'>faciles</span> <span class='ocrx_word' id='word_1_396' title='bbox 2255 2510 2334 2569; x_wconf 89' lang='lat' dir='ltr'>ad</span> <span class='ocrx_word' id='word_1_397' title='bbox 2363 2528 2640 2584; x_wconf 88' lang='lat' dir='ltr'>perverse</span> <span class='ocrx_word' id='word_1_398' title='bbox 2662 2511 2944 2586; x_wconf 84' lang='lat' dir='ltr'>judican-</span> 
     </span>
     <span class='ocr_line' id='line_1_81' title="bbox 1725 2587 2942 2678; baseline 0.002 -31"><span class='ocrx_word' id='word_1_399' title='bbox 1725 2589 1872 2648; x_wconf 89' lang='lat' dir='ltr'>dum</span> <span class='ocrx_word' id='word_1_400' title='bbox 1889 2589 1968 2647; x_wconf 93' lang='lat' dir='ltr'>de</span> <span class='ocrx_word' id='word_1_401' title='bbox 1987 2587 2286 2677; x_wconf 68' lang='lat' dir='ltr'>proximis,</span> <span class='ocrx_word' id='word_1_402' title='bbox 2300 2600 2542 2678; x_wconf 70' lang='lat' dir='ltr'>propter</span> <span class='ocrx_word' id='word_1_403' title='bbox 2561 2608 2830 2665; x_wconf 88' lang='lat' dir='ltr'>quorum</span> <span class='ocrx_word' id='word_1_404' title='bbox 2859 2601 2942 2650; x_wconf 84' lang='lat' dir='ltr'>ta·</span> 
     </span>
     <span class='ocr_line' id='line_1_82' title="bbox 1726 2678 2946 2743; baseline 0.002 -18"><span class='ocrx_word' id='word_1_405' title='bbox 1726 2685 1865 2725; x_wconf 90' lang='lat' dir='ltr'>men</span> <span class='ocrx_word' id='word_1_406' title='bbox 1903 2684 2112 2741; x_wconf 87' lang='lat' dir='ltr'>pravas</span> <span class='ocrx_word' id='word_1_407' title='bbox 2152 2678 2678 2743; x_wconf 80' lang='lat' dir='ltr'>interpretaciones</span> <span class='ocrx_word' id='word_1_408' title='bbox 2706 2680 2772 2728; x_wconf 88' lang='lat' dir='ltr'>et</span> <span class='ocrx_word' id='word_1_409' title='bbox 2799 2688 2946 2730; x_wconf 87' lang='lat' dir='ltr'>con-</span> 
     </span>
     <span class='ocr_line' id='line_1_83' title="bbox 1726 2744 2944 2818; baseline 0.002 -13"><span class='ocrx_word' id='word_1_410' title='bbox 1726 2746 2100 2805; x_wconf 84' lang='lat' dir='ltr'>suetudinem</span> <span class='ocrx_word' id='word_1_411' title='bbox 2120 2744 2488 2818; x_wconf 84' lang='lat' dir='ltr'>detrahendi,</span> <span class='ocrx_word' id='word_1_412' title='bbox 2505 2748 2710 2806; x_wconf 88' lang='lat' dir='ltr'>nullus</span> <span class='ocrx_word' id='word_1_413' title='bbox 2739 2766 2944 2808; x_wconf 85' lang='lat' dir='ltr'>sensa·</span> 
     </span>
     <span class='ocr_line' id='line_1_84' title="bbox 1727 2824 2948 2904; baseline 0.002 -20"><span class='ocrx_word' id='word_1_414' title='bbox 1727 2834 1824 2885; x_wconf 92' lang='lat' dir='ltr'>tus</span> <span class='ocrx_word' id='word_1_415' title='bbox 1863 2825 2043 2884; x_wconf 92' lang='lat' dir='ltr'>debet</span> <span class='ocrx_word' id='word_1_416' title='bbox 2071 2824 2498 2900; x_wconf 86' lang='lat' dir='ltr'>pretermittere</span> <span class='ocrx_word' id='word_1_417' title='bbox 2552 2844 2628 2885; x_wconf 87' lang='lat' dir='ltr'>ea</span> <span class='ocrx_word' id='word_1_418' title='bbox 2669 2846 2798 2903; x_wconf 89' lang='lat' dir='ltr'>que</span> <span class='ocrx_word' id='word_1_419' title='bbox 2841 2846 2948 2904; x_wconf 86' lang='lat' dir='ltr'>per</span> 
     </span>
     <span class='ocr_line' id='line_1_85' title="bbox 1730 2902 2948 2980; baseline 0.002 -17"><span class='ocrx_word' id='word_1_420' title='bbox 1730 2902 2166 2979; x_wconf 84' lang='lat' dir='ltr'>experienciam</span> <span class='ocrx_word' id='word_1_421' title='bbox 2195 2902 2310 2963; x_wconf 90' lang='lat' dir='ltr'>sibi</span> <span class='ocrx_word' id='word_1_422' title='bbox 2335 2902 2590 2980; x_wconf 90' lang='lat' dir='ltr'>percipit</span> <span class='ocrx_word' id='word_1_423' title='bbox 2615 2923 2754 2965; x_wconf 88' lang='lat' dir='ltr'>esse</span> <span class='ocrx_word' id='word_1_424' title='bbox 2783 2906 2948 2965; x_wconf 77' lang='lat' dir='ltr'>bona</span> 
     </span>
     <span class='ocr_line' id='line_1_86' title="bbox 1731 2979 2948 3061; baseline 0.002 -20"><span class='ocrx_word' id='word_1_425' title='bbox 1731 2992 1792 3041; x_wconf 93' lang='lat' dir='ltr'>et</span> <span class='ocrx_word' id='word_1_426' title='bbox 1819 2979 2238 3057; x_wconf 88' lang='lat' dir='ltr'>promovencia</span> <span class='ocrx_word' id='word_1_427' title='bbox 2263 2983 2342 3042; x_wconf 91' lang='lat' dir='ltr'>ad</span> <span class='ocrx_word' id='word_1_428' title='bbox 2363 2980 2656 3042; x_wconf 86' lang='lat' dir='ltr'>virtutem.</span> <span class='ocrx_word' id='word_1_429' title='bbox 2745 2983 2948 3061; x_wconf 87' lang='lat' dir='ltr'>Siqui-</span> 
     </span>
     <span class='ocr_line' id='line_1_87' title="bbox 1731 3060 2950 3123; baseline 0.002 -3"><span class='ocrx_word' id='word_1_430' title='bbox 1731 3061 1871 3120; x_wconf 91' lang='lat' dir='ltr'>dem</span> <span class='ocrx_word' id='word_1_431' title='bbox 1919 3060 1982 3119; x_wconf 93' lang='lat' dir='ltr'>in</span> <span class='ocrx_word' id='word_1_432' title='bbox 2029 3079 2260 3121; x_wconf 89' lang='lat' dir='ltr'>canone</span> <span class='ocrx_word' id='word_1_433' title='bbox 2301 3071 2363 3121; x_wconf 87' lang='lat' dir='ltr'>et</span> <span class='ocrx_word' id='word_1_434' title='bbox 2402 3062 2660 3121; x_wconf 89' lang='lat' dir='ltr'>decretis</span> <span class='ocrx_word' id='word_1_435' title='bbox 2687 3063 2950 3123; x_wconf 66' lang='lat' dir='ltr'>ecclesie</span> 
     </span>
     <span class='ocr_line' id='line_1_88' title="bbox 1732 3138 2950 3217; baseline 0.002 -19"><span class='ocrx_word' id='word_1_436' title='bbox 1732 3141 1928 3216; x_wconf 90' lang='lat' dir='ltr'>plures</span> <span class='ocrx_word' id='word_1_437' title='bbox 1969 3138 2342 3216; x_wconf 84' lang='lat' dir='ltr'>assignantur</span> <span class='ocrx_word' id='word_1_438' title='bbox 2377 3158 2556 3199; x_wconf 90' lang='lat' dir='ltr'>cause</span> <span class='ocrx_word' id='word_1_439' title='bbox 2585 3159 2698 3215; x_wconf 89' lang='lat' dir='ltr'>pro</span> <span class='ocrx_word' id='word_1_440' title='bbox 2725 3142 2950 3217; x_wconf 84' lang='lat' dir='ltr'>quibus</span> 
     </span>
     <span class='ocr_line' id='line_1_89' title="bbox 1732 3218 2950 3295; baseline 0.002 -16"><span class='ocrx_word' id='word_1_441' title='bbox 1732 3229 1823 3279; x_wconf 89' lang='lat' dir='ltr'>est</span> <span class='ocrx_word' id='word_1_442' title='bbox 1843 3218 2165 3295; x_wconf 83' lang='lat' dir='ltr'>aliquando</span> <span class='ocrx_word' id='word_1_443' title='bbox 2184 3218 2302 3278; x_wconf 89' lang='lat' dir='ltr'>loci</span> <span class='ocrx_word' id='word_1_444' title='bbox 2327 3218 2590 3278; x_wconf 87' lang='lat' dir='ltr'>mutacio</span> <span class='ocrx_word' id='word_1_445' title='bbox 2625 3218 2950 3281; x_wconf 75' lang='lat' dir='ltr'>facienda:</span> 
     </span>
     <span class='ocr_line' id='line_1_90' title="bbox 1734 3297 2948 3375; baseline 0.002 -19"><span class='ocrx_word' id='word_1_446' title='bbox 1734 3316 1982 3374; x_wconf 89' lang='lat' dir='ltr'>quarum</span> <span class='ocrx_word' id='word_1_447' title='bbox 1993 3316 2114 3356; x_wconf 86' lang='lat' dir='ltr'>una</span> <span class='ocrx_word' id='word_1_448' title='bbox 2129 3307 2237 3370; x_wconf 89' lang='lat' dir='ltr'>est,</span> <span class='ocrx_word' id='word_1_449' title='bbox 2251 3316 2388 3356; x_wconf 89' lang='lat' dir='ltr'>cum</span> <span class='ocrx_word' id='word_1_450' title='bbox 2404 3297 2948 3375; x_wconf 83' lang='lat' dir='ltr'>necessitasperse-</span> 
     </span>
     <span class='ocr_line' id='line_1_91' title="bbox 1733 3374 2950 3453; baseline 0.003 -18"><span class='ocrx_word' id='word_1_451' title='bbox 1733 3374 2000 3435; x_wconf 90' lang='lat' dir='ltr'>cucionis</span> <span class='ocrx_word' id='word_1_452' title='bbox 2026 3377 2162 3435; x_wconf 86' lang='lat' dir='ltr'>loca</span> <span class='ocrx_word' id='word_1_453' title='bbox 2188 3394 2398 3435; x_wconf 91' lang='lat' dir='ltr'>eorum</span> <span class='ocrx_word' id='word_1_454' title='bbox 2425 3376 2760 3453; x_wconf 81' lang='lat' dir='ltr'>gravaverit</span> <span class='ocrx_word' id='word_1_455' title='bbox 2777 3377 2833 3437; x_wconf 75' lang='lat'>⁹:</span> <span class='ocrx_word' id='word_1_456' title='bbox 2863 3398 2950 3439; x_wconf 87' lang='lat' dir='ltr'>se-</span> 
     </span>
     <span class='ocr_line' id='line_1_92' title="bbox 1734 3454 2949 3527; baseline 0.001 -13"><span class='ocrx_word' id='word_1_457' title='bbox 1734 3456 1950 3527; x_wconf 86' lang='lat' dir='ltr'>cunda,</span> <span class='ocrx_word' id='word_1_458' title='bbox 1971 3473 2111 3514; x_wconf 91' lang='lat' dir='ltr'>cum</span> <span class='ocrx_word' id='word_1_459' title='bbox 2129 3454 2440 3515; x_wconf 87' lang='lat' dir='ltr'>difficultas</span> <span class='ocrx_word' id='word_1_460' title='bbox 2454 3456 2726 3515; x_wconf 87' lang='lat' dir='ltr'>locomm</span> <span class='ocrx_word' id='word_1_461' title='bbox 2745 3456 2949 3517; x_wconf 81' lang='lat' dir='ltr'>fuerit:</span> 
     </span>
     <span class='ocr_line' id='line_1_93' title="bbox 1733 3532 2950 3605; baseline 0.002 -12"><span class='ocrx_word' id='word_1_462' title='bbox 1733 3536 1812 3594; x_wconf 91' lang='lat' dir='ltr'>Et</span> <span class='ocrx_word' id='word_1_463' title='bbox 1833 3533 2020 3605; x_wconf 88' lang='lat' dir='ltr'>tertia,</span> <span class='ocrx_word' id='word_1_464' title='bbox 2048 3553 2188 3593; x_wconf 90' lang='lat' dir='ltr'>cum</span> <span class='ocrx_word' id='word_1_465' title='bbox 2215 3532 2406 3593; x_wconf 89' lang='lat' dir='ltr'>sancti</span> <span class='ocrx_word' id='word_1_466' title='bbox 2429 3536 2726 3593; x_wconf 86' lang='lat' dir='ltr'>malorum</span> <span class='ocrx_word' id='word_1_467' title='bbox 2757 3536 2950 3596; x_wconf 87' lang='lat' dir='ltr'>socie·</span> 
     </span>
     <span class='ocr_line' id='line_1_94' title="bbox 1734 3612 2950 3689; baseline 0.003 -18"><span class='ocrx_word' id='word_1_468' title='bbox 1734 3622 1856 3672; x_wconf 90' lang='lat' dir='ltr'>tate</span> <span class='ocrx_word' id='word_1_469' title='bbox 1880 3624 2208 3689; x_wconf 83' lang='lat' dir='ltr'>gravantur.</span> <span class='ocrx_word' id='word_1_470' title='bbox 2292 3613 2450 3674; x_wconf 90' lang='lat' dir='ltr'>Cum</span> <span class='ocrx_word' id='word_1_471' title='bbox 2477 3612 2680 3689; x_wconf 72' lang='lat' dir='ltr'>itaque</span> <span class='ocrx_word' id='word_1_472' title='bbox 2702 3628 2950 3675; x_wconf 84' lang='lat' dir='ltr'>sanctus</span> 
     </span>
     <span class='ocr_line' id='line_1_95' title="bbox 1730 3690 2950 3753; baseline 0.001 -1"><span class='ocrx_word' id='word_1_473' title='bbox 1730 3690 1844 3752; x_wconf 87' lang='lat' dir='ltr'>iste</span> <span class='ocrx_word' id='word_1_474' title='bbox 1870 3710 1944 3751; x_wconf 89' lang='lat' dir='ltr'>ex</span> <span class='ocrx_word' id='word_1_475' title='bbox 1969 3690 2162 3751; x_wconf 89' lang='lat' dir='ltr'>causis</span> <span class='ocrx_word' id='word_1_476' title='bbox 2203 3690 2548 3751; x_wconf 83' lang='lat' dir='ltr'>necessariis</span> <span class='ocrx_word' id='word_1_477' title='bbox 2587 3704 2652 3751; x_wconf 91' lang='lat' dir='ltr'>et</span> <span class='ocrx_word' id='word_1_478' title='bbox 2689 3696 2950 3753; x_wconf 85' lang='lat' dir='ltr'>multum</span> 
     </span>
    </p>
   </div>
   <div class='ocr_carea' id='block_1_9' title="bbox 1719 3769 2950 3833">
    <p class='ocr_par' dir='ltr' id='par_1_13' title="bbox 1719 3769 2950 3833">
     <span class='ocr_line' id='line_1_96' title="bbox 1719 3769 2950 3833; baseline 0.002 -3"><span class='ocrx_word' id='word_1_479' title='bbox 1719 3770 1974 3831; x_wconf 83' lang='lat' dir='ltr'>utilibus</span> <span class='ocrx_word' id='word_1_480' title='bbox 2003 3789 2068 3831; x_wconf 91' lang='lat' dir='ltr'>se</span> <span class='ocrx_word' id='word_1_481' title='bbox 2093 3772 2172 3831; x_wconf 89' lang='lat' dir='ltr'>ad</span> <span class='ocrx_word' id='word_1_482' title='bbox 2190 3770 2544 3830; x_wconf 87' lang='lat' dir='ltr'>morandum</span> <span class='ocrx_word' id='word_1_483' title='bbox 2562 3769 2624 3829; x_wconf 88' lang='lat' dir='ltr'>in</span> <span class='ocrx_word' id='word_1_484' title='bbox 2653 3772 2950 3833; x_wconf 78' lang='lat' dir='ltr'>comitatu</span> 
     </span>
    </p>
   </div>
   <div class='ocr_carea' id='block_1_10' title="bbox 1731 3959 2950 4416">
    <p class='ocr_par' dir='ltr' id='par_1_14' title="bbox 1839 3959 2166 4010">
     <span class='ocr_line' id='line_1_97' title="bbox 1839 3959 2166 4010; baseline 0.003 -1"><span class='ocrx_word' id='word_1_485' title='bbox 1839 3964 1858 3990; x_wconf 75' lang='lat'>²</span> <span class='ocrx_word' id='word_1_486' title='bbox 1890 3959 2032 4009; x_wconf 87' lang='lat' dir='ltr'>celici</span> <span class='ocrx_word' id='word_1_487' title='bbox 2059 3978 2072 4009; x_wconf 74' lang='grc' dir='ltr'><strong>ε</strong></span> <span class='ocrx_word' id='word_1_488' title='bbox 2107 3960 2166 4010; x_wconf 84' lang='lat' dir='ltr'>L.</span> 
     </span>
    </p>

    <p class='ocr_par' dir='ltr' id='par_1_15' title="bbox 1731 4023 2950 4416">
     <span class='ocr_line' id='line_1_98' title="bbox 1839 4023 2946 4077; baseline 0.003 -3"><span class='ocrx_word' id='word_1_489' title='bbox 1839 4028 1860 4056; x_wconf 85' lang='lat'>⁸</span> <span class='ocrx_word' id='word_1_490' title='bbox 1889 4026 1978 4074; x_wconf 86' lang='lat' dir='ltr'>All</span> <span class='ocrx_word' id='word_1_491' title='bbox 1999 4026 2108 4075; x_wconf 80' lang='lat' dir='ltr'>that</span> <span class='ocrx_word' id='word_1_492' title='bbox 2125 4024 2318 4074; x_wconf 82' lang='lat' dir='ltr'>follows</span> <span class='ocrx_word' id='word_1_493' title='bbox 2339 4023 2392 4075; x_wconf 90' lang='lat' dir='ltr'>in</span> <span class='ocrx_word' id='word_1_494' title='bbox 2415 4024 2517 4075; x_wconf 86' lang='lat' dir='ltr'>this</span> <span class='ocrx_word' id='word_1_495' title='bbox 2538 4026 2732 4075; x_wconf 64' lang='lat' dir='ltr'>sectioni</span> <span class='ocrx_word' id='word_1_496' title='bbox 2757 4026 2805 4075; x_wconf 83' lang='lat' dir='ltr'>is</span> <span class='ocrx_word' id='word_1_497' title='bbox 2821 4026 2946 4077; x_wconf 79' lang='lat' dir='ltr'>from</span> 
     </span>
     <span class='ocr_line' id='line_1_99' title="bbox 1738 4089 2950 4142; baseline 0.001 -1"><span class='ocrx_word' id='word_1_498' title='bbox 1738 4090 1824 4141; x_wconf 83' lang='lat' dir='ltr'>the</span> <span class='ocrx_word' id='word_1_499' title='bbox 1848 4090 2062 4140; x_wconf 89' lang='lat' dir='ltr'>Lincoln</span> <span class='ocrx_word' id='word_1_500' title='bbox 2081 4090 2195 4141; x_wconf 88' lang='lat' dir='ltr'>MS.</span> <span class='ocrx_word' id='word_1_501' title='bbox 2252 4091 2318 4139; x_wconf 88' lang='lat' dir='ltr'>-It</span> <span class='ocrx_word' id='word_1_502' title='bbox 2341 4089 2384 4140; x_wconf 86' lang='lat' dir='ltr'>is</span> <span class='ocrx_word' id='word_1_503' title='bbox 2417 4098 2506 4140; x_wconf 86' lang='lat' dir='ltr'>not</span> <span class='ocrx_word' id='word_1_504' title='bbox 2538 4090 2592 4139; x_wconf 89' lang='lat' dir='ltr'>in</span> <span class='ocrx_word' id='word_1_505' title='bbox 2629 4092 2688 4141; x_wconf 90' lang='grc' dir='ltr'>Β.</span> <span class='ocrx_word' id='word_1_506' title='bbox 2768 4093 2834 4142; x_wconf 82' lang='grc' dir='ltr'>Ιιι</span> <span class='ocrx_word' id='word_1_507' title='bbox 2867 4094 2950 4142; x_wconf 79' lang='lat' dir='ltr'>the</span> 
     </span>
     <span class='ocr_line' id='line_1_100' title="bbox 1739 4155 2948 4222; baseline 0.001 -17"><span class='ocrx_word' id='word_1_508' title='bbox 1739 4156 1927 4205; x_wconf 86' lang='lat' dir='ltr'>Cotton</span> <span class='ocrx_word' id='word_1_509' title='bbox 1965 4156 2080 4205; x_wconf 90' lang='lat' dir='ltr'>MS.</span> <span class='ocrx_word' id='word_1_510' title='bbox 2123 4156 2161 4205; x_wconf 88' lang='lat' dir='ltr'>it</span> <span class='ocrx_word' id='word_1_511' title='bbox 2201 4157 2245 4205; x_wconf 85' lang='lat' dir='ltr'>is</span> <span class='ocrx_word' id='word_1_512' title='bbox 2277 4155 2442 4205; x_wconf 84' lang='lat' dir='ltr'>added</span> <span class='ocrx_word' id='word_1_513' title='bbox 2479 4156 2607 4205; x_wconf 73' lang='lat' dir='ltr'>aster</span> <span class='ocrx_word' id='word_1_514' title='bbox 2629 4158 2718 4205; x_wconf 84' lang='lat' dir='ltr'>the</span> <span class='ocrx_word' id='word_1_515' title='bbox 2729 4158 2948 4222; x_wconf 71' lang='lat' dir='ltr'>propria</span> 
     </span>
     <span class='ocr_line' id='line_1_101' title="bbox 1737 4221 2944 4289; baseline 0.002 -19"><span class='ocrx_word' id='word_1_516' title='bbox 1737 4221 1796 4270; x_wconf 89' lang='lat' dir='ltr'>of</span> <span class='ocrx_word' id='word_1_517' title='bbox 1813 4221 1897 4270; x_wconf 87' lang='lat' dir='ltr'>the</span> <span class='ocrx_word' id='word_1_518' title='bbox 1921 4237 2066 4271; x_wconf 79' lang='lat' dir='ltr'>mass.</span> <span class='ocrx_word' id='word_1_519' title='bbox 2139 4221 2266 4271; x_wconf 88' lang='lat' dir='ltr'>This</span> <span class='ocrx_word' id='word_1_520' title='bbox 2299 4236 2415 4286; x_wconf 82' lang='lat' dir='ltr'>may</span> <span class='ocrx_word' id='word_1_521' title='bbox 2435 4230 2638 4285; x_wconf 66' lang='lat' dir='ltr'>suggest</span> <span class='ocrx_word' id='word_1_522' title='bbox 2675 4222 2764 4271; x_wconf 86' lang='lat' dir='ltr'>the</span> <span class='ocrx_word' id='word_1_523' title='bbox 2805 4238 2944 4289; x_wconf 79' lang='lat' dir='ltr'>ques·</span> 
     </span>
     <span class='ocr_line' id='line_1_102' title="bbox 1737 4286 2948 4339; baseline 0.002 -4"><span class='ocrx_word' id='word_1_524' title='bbox 1737 4286 1845 4335; x_wconf 88' lang='lat' dir='ltr'>tion</span> <span class='ocrx_word' id='word_1_525' title='bbox 1868 4286 2095 4337; x_wconf 83' lang='lat' dir='ltr'>whether</span> <span class='ocrx_word' id='word_1_526' title='bbox 2113 4287 2153 4336; x_wconf 90' lang='lat' dir='ltr'>it</span> <span class='ocrx_word' id='word_1_527' title='bbox 2175 4302 2278 4335; x_wconf 80' lang='lat' dir='ltr'>was</span> <span class='ocrx_word' id='word_1_528' title='bbox 2301 4287 2537 4337; x_wconf 85' lang='lat' dir='ltr'>intended</span> <span class='ocrx_word' id='word_1_529' title='bbox 2563 4296 2618 4337; x_wconf 86' lang='lat' dir='ltr'>to</span> <span class='ocrx_word' id='word_1_530' title='bbox 2639 4288 2708 4337; x_wconf 90' lang='lat' dir='ltr'>be</span> <span class='ocrx_word' id='word_1_531' title='bbox 2729 4304 2764 4338; x_wconf 80' lang='lat' dir='ltr'>a</span> <span class='ocrx_word' id='word_1_532' title='bbox 2787 4290 2948 4339; x_wconf 70' lang='lat' dir='ltr'>Lectio</span> 
     </span>
     <span class='ocr_line' id='line_1_103' title="bbox 1731 4352 2427 4416; baseline 0.004 -17"><span class='ocrx_word' id='word_1_533' title='bbox 1731 4358 1840 4415; x_wconf 66' lang='lat' dir='ltr'>post</span> <span class='ocrx_word' id='word_1_534' title='bbox 1859 4352 2092 4401; x_wconf 63' lang='lat' dir='ltr'>R‘imam</span> <span class='ocrx_word' id='word_1_535' title='bbox 2117 4353 2173 4400; x_wconf 79' lang='lat' dir='ltr'>in</span> <span class='ocrx_word' id='word_1_536' title='bbox 2195 4353 2427 4416; x_wconf 73' lang='lat' dir='ltr'>capitulo.</span> 
     </span>
    </p>
   </div>
   <div class='ocr_carea' id='block_1_11' title="bbox 1836 4418 2340 4479">
    <p class='ocr_par' dir='ltr' id='par_1_16' title="bbox 1836 4418 2340 4479">
     <span class='ocr_line' id='line_1_104' title="bbox 1836 4418 2340 4479; baseline 0.006 -16"><span class='ocrx_word' id='word_1_537' title='bbox 1836 4420 1856 4447; x_wconf 74' lang='lat'><strong>⁹</strong></span> <span class='ocrx_word' id='word_1_538' title='bbox 1889 4418 2202 4479; x_wconf 78' lang='lat' dir='ltr'>gravaverint</span> <span class='ocrx_word' id='word_1_539' title='bbox 2230 4436 2242 4466; x_wconf 74' lang='grc' dir='ltr'><strong><em>ε</em></strong></span> <span class='ocrx_word' id='word_1_540' title='bbox 2281 4418 2340 4467; x_wconf 88' lang='lat' dir='ltr'>L.</span> 
     </span>
    </p>
   </div>
  </div>
 </body>
</html>
