3117 4959
1025 339 1175 396 437

505 447 583 509 In
617 445 956 528 principio,
1045 446 1130 509 In
1155 445 1422 510 matrici
1447 445 1704 510 ecclesia

502 534 897 598 Eboracensi
918 533 988 598 in
1011 535 1293 598 crastino
1312 536 1530 598 sancti
1555 536 1697 598 lau-

499 623 703 686 rentii
725 644 748 684 .·
779 632 853 685 ut
867 621 1006 685 dies
1021 632 1398 686 octavarum
1426 643 1702 686 suarum

488 709 677 792 plene
717 709 1070 774 celebretur.
1145 720 1206 774 et
1263 720 1522 774 tantum
1566 712 1708 794 fiat

504 797 814 860 memoria
842 798 923 860 de
955 807 1173 862 sancto
1221 799 1512 880 tyburtio.
1604 799 1709 862 Et

504 885 603 949 ita
657 885 800 967 fiat
869 885 1222 968 ubicunque
1286 887 1416 951 sita
1480 887 1710 968 suerit

503 972 755 1036 ecclesia
807 973 877 1036 in
937 975 1197 1038 nomine
1249 995 1378 1039 suo.
1500 974 1706 1039 Alias

505 1079 651 1123 vero
680 1060 831 1124 bene
854 1071 1064 1143 potest
1090 1061 1378 1142 hystoria
1413 1062 1493 1125 In
1526 1063 1703 1145 prin-

505 1146 680 1230 cipio
703 1171 728 1212 .·
795 1148 996 1231 incipi
1041 1150 1114 1213 in
1171 1150 1280 1214 die
1325 1160 1705 1214 octavarum

502 1255 794 1299 suarum.
871 1246 940 1299 et
987 1238 1300 1301 memoria
1341 1239 1422 1301 de
1461 1239 1706 1301 octavis

503 1322 664 1405 quia
724 1345 849 1387 non
899 1334 1060 1388 sunt
1105 1335 1322 1389 octave
1358 1326 1660 1408 precipue
1678 1348 1704 1390 .-

504 1411 620 1474 sed
654 1421 912 1476 tantum
955 1412 1038 1476 de
1075 1412 1408 1476 voluntate
1447 1423 1702 1478 statute.

510 1503 573 1574 (Ι
625 1499 1139 1582 Quandocunque
1177 1512 1394 1564 autem
1426 1501 1566 1564 dies
1593 1502 1700 1565 do-

507 1587 748 1650 minica
793 1588 980 1670 infra
1011 1589 1175 1652 istas
1201 1599 1461 1652 octavas
1487 1610 1703 1652 evene-

507 1675 602 1738 rit
623 1697 648 1739 .·
688 1686 935 1757 semper
962 1676 1034 1739 in
1061 1698 1138 1739 ea
1167 1677 1521 1758 incipiatur
1553 1677 1701 1758 hys-

507 1763 678 1826 toria
739 1763 820 1826 In
874 1765 1214 1846 principio,
1305 1765 1442 1828 nisi
1479 1764 1705 1846 suerit

505 1851 748 1932 incepta
791 1851 1114 1915 dominica
1151 1851 1514 1934 precedente
1551 1863 1707 1916 ante

506 1959 780 2001 mensem
802 1939 1086 2022 augusti.
1115 1940 1346 2003 Etiam
1367 1940 1434 2002 si
1443 1939 1701 2021 festum

495 2025 717 2088 -sancti
739 2027 1036 2108 stephani
1051 2028 1120 2092 in
1141 2027 1466 2092 dominica
1493 2049 1703 2092 occur-

508 2122 620 2176 rat
635 2135 660 2177 .·
705 2113 1058 2194 differatur
1084 2115 1338 2196 festum
1385 2137 1585 2198 usque
1629 2118 1701 2181 in

504 2201 880 2266 crastinum.
933 2207 996 2281 (Ι
1028 2202 1196 2266 Item
1225 2204 1416 2285 infra
1443 2212 1705 2268 octavas

503 2308 630 2351 non
643 2288 740 2370 fit
764 2292 1274 2355 commemoratio
1285 2302 1412 2373 pro
1438 2291 1704 2372 defime-

507 2375 595 2438 tis
614 2399 638 2439 .·
710 2396 906 2460 neque
961 2378 1042 2441 de
1097 2388 1314 2443 sancto
1369 2379 1647 2443 wilelmo
1678 2402 1704 2444 .·

505 2464 622 2527 sed
644 2463 723 2527 de
759 2465 1028 2528 domina
1073 2476 1344 2530 tantum.
1433 2468 1577 2530 Nec
1599 2468 1703 2531 di-

503 2561 742 2616 cantur
767 2553 1071 2618 memorie
1093 2565 1392 2620 consuete.
1439 2559 1502 2633 (Ι
1532 2555 1701 2619 Item

507 2639 697 2720 infra
753 2651 1012 2706 octavas
1078 2642 1335 2725 quando
1391 2643 1705 2707 dt'cuntur

505 2739 755 2810 vespere
807 2730 888 2792 de
941 2752 1009 2794 eo
1027 2751 1054 2795 .·
1102 2730 1354 2795 dicetur
1407 2731 1700 2813 hymnus.

507 2816 791 2881 Exultet
821 2817 1054 2883 celum.
1127 2834 1177 2905 γ
1222 2819 1329 2882 Tu
1352 2839 1424 2883 es
1454 2827 1701 2902 petrus,

503 2904 628 2968 Ad
652 2906 1026 2972 matutinas.
1117 2922 1167 2993 γ
1215 2907 1478 2971 Dedisti
1515 2907 1701 2971 here-

503 2991 801 3058 ditatem.
925 2995 988 3058 A
997 2995 1052 3057 d
1115 2995 1494 3060 memoriam
1567 2996 1697 3059 aii.¹

504 3089 642 3144 tam
700 3080 798 3144 ad
858 3083 1235 3148 matutinas.
1353 3104 1552 3166 quam
1610 3082 1708 3146 ad

504 3179 810 3250 vesperas.
898 3187 948 3258 γ
992 3171 1097 3234 Tu
1135 3192 1207 3235 es
1237 3182 1479 3254 petrus,
1571 3171 1701 3235 Di-

501 3266 692 3319 catur
717 3257 914 3321 etiam
942 3270 1134 3341 super
1145 3261 1452 3340 psalmos.
1502 3261 1701 3340 Mag-

505 3344 730 3408 nificat
802 3356 866 3409 et
937 3348 1352 3412 Benedictus
1444 3348 1550 3411 vel
1611 3346 1709 3410 ad

505 3433 882 3496 memoriam
907 3456 931 3497 :
975 3436 1234 3516 quando
1262 3437 1343 3500 de
1367 3457 1436 3500 eo
1466 3456 1590 3499 non
1608 3436 1705 3518 fit

500 3519 844 3582 servitium
868 3542 893 3584 .·
957 3531 1093 3584 tam
1139 3523 1463 3586 dominica
1507 3525 1699 3603 infra

498 3627 697 3689 quam
725 3607 858 3671 alio
885 3609 1003 3673 die.
1066 3631 1200 3674 una
1229 3612 1308 3673 de
1337 3611 1484 3674 istis
1511 3621 1699 3692 quat-

503 3704 653 3758 tuor
677 3696 1058 3778 anttphonis.
1136 3698 1199 3762 A
1209 3707 1272 3762 ri.
1345 3699 1579 3763 Petrus
1610 3701 1697 3763 ad

501 3804 575 3846 se
607 3804 916 3849 reversus,
1002 3785 1138 3850 Αῆ.
1215 3786 1504 3851 Domine
1535 3790 1590 3852 si
1623 3797 1697 3852 tu

497 3893 588 3936 es,
662 3875 793 3938 Αῆ.
882 3873 1166 3957 Cunque
1195 3876 1484 3941 vidisset.
1559 3877 1695 3942 Αφῖ.

501 3959 701 4026 Solve
744 3961 1037 4043 jubente.
1126 3965 1470 4028 secundum
1518 3965 1698 4029 ordi-

498 4069 640 4112 nem
672 4049 944 4116 iteratis.

501 4141 564 4212 (ἶ
581 4139 816 4202 Sancti
820 4139 1279 4225 stepltanipape
1291 4152 1355 4205 et
1366 4140 1695 4224 martyris.

503 4223 731 4290 Oratio
760 4237 837 4290 ut
861 4239 1080 4310 supra.
1407 4231 1622 4294 Lectio
1630 4232 1693 4314 j.

661 4363 672 4391 ¹
701 4370 798 4425 pro
828 4365 967 4414 ἀἷμ’
999 4373 1166 4416 autem
1186 4381 1203 4414 .·
1239 4367 1291 4417 S.

663 4429 684 4458 ²
716 4444 808 4492 pro
837 4437 850 4459 ⁸
867 4431 1058 4482 dictata
1077 4433 1089 4456 ’
1111 4433 1230 4483 data
1252 4451 1264 4483 ε
1303 4435 1355 4484 S.

3019 85 3022 144 l

3019 145 3022 176 1

1317 233 1378 288 S.
1419 233 1877 288 STEPHANI
1908 235 2155 288 PAPE.
3020 268 3024 390 ἰ

2308 339 2464 403 488

1972 446 2355 530 emporibus
2408 442 2725 509 valeriani
2774 453 2833 508 et
2872 463 2953 526 ga-

1972 536 2127 598 lieni
2154 534 2347 598 multi
2365 533 2855 596 christianorum
2874 536 2957 595 de·
3021 573 3024 586 «

1803 622 2131 687 clinantes
2162 622 2509 686 serviciam
2532 630 2958 703 tyrannorum:

1802 711 2329 776 occultabantur.
2418 709 2563 773 Alii
2610 729 2769 770 vero
2806 729 2867 771 se
2890 711 2959 770 in-

1802 809 2110 882 gerentes
2164 797 2467 880 martyrii
2506 797 2803 880 palmam
2844 816 2961 858 cou-

1802 887 2268 969 sequebantur.
2359 886 2553 948 Tunc
2602 884 2831 947 beatus
2862 893 2963 946 ste-

1804 975 2069 1057 phanus
2142 977 2495 1058 episcopus
2576 971 2761 1034 urbis
2821 991 2965 1033 rome

1804 1075 2213 1145 congregato
2256 1063 2567 1126 universo
2624 1059 2799 1122 clero
2838 1079 2967 1121 suo:

1802 1151 1981 1214 dixit
2026 1153 2290 1215 Fratres
2335 1148 2633 1231 respuite
2664 1146 2969 1210 facultates

1802 1247 2137 1304 terrenas:
2184 1247 2261 1302 ut
2284 1256 2567 1319 regnum
2590 1235 2832 1299 celeste
2857 1255 2971 1316 per-

1802 1327 2081 1409 cipiatis.
2201 1326 2605 1390 Valerianus
2684 1321 2967 1386 audiens:

1800 1415 1984 1496 quod
2057 1433 2176 1496 per
2234 1421 2541 1477 sanctum
2610 1408 2967 1492 stephanum
3028 1431 3030 1494 f

1804 1502 2067 1584 plurimi
2084 1501 2522 1565 credidissent
2540 1499 2619 1561 in
2641 1498 2967 1562 Christum:
3020 1499 3033 2010 ὲ

1794 1588 1993 1672 jussit
2024 1590 2233 1654 teneri
2262 1597 2575 1652 sanctum
2611 1585 2969 1668 stephanum

1801 1697 1953 1742 cum
1988 1677 2416 1741 multitudIne
2451 1675 2859 1738 clericorum.
2918 1673 2968 1735 id

1802 1774 1904 1829 est
1918 1766 2453 1848 presbyterorum
2468 1773 2537 1826 et
2554 1762 2969 1826 diaconorum.

1800 1852 1937 1934 Qui
1984 1874 2135 1918 cum
2182 1852 2513 1917 adductus
2558 1859 2778 1912 esset:
2812 1849 2971 1931 jussit

1800 1961 1955 2004 eum
1987 1942 2230 2005 adduci
2262 1941 2347 2004 ad
2378 1938 2719 2020 templum
2744 1937 2968 2000 martis:

1799 2038 1873 2093 et
1946 2029 2197 2093 ibidem
2286 2026 2587 2092 dictata²
2683 2026 2971 2088 sententia

1800 2118 2020 2199 capite
2052 2116 2379 2180 truncari:
2424 2115 2481 2178 si
2523 2133 2671 2178 non
2718 2112 2971 2194 acquies-
3031 2117 3034 2174 i

1800 2213 1979 2268 ceret
2037 2205 2317 2269 adorare
2370 2201 2723 2286 nephandi
2785 2199 2973 2262 martis

1800 2292 2297 2356 simulachrum.
2698 2287 2899 2352 Lectio
2921 2287 2973 2368 ij.

1805 2383 2138 2514 Beatus
2168 2399 2325 2443 vero
2364 2377 2743 2460 stephanus
2772 2377 2973 2438 ductus
3032 2427 3034 2460 ,

1947 2468 2022 2532 a³
2052 2467 2479 2532 multitudine
2514 2465 2811 2528 militum
2834 2465 2973 2526 foras
3032 2461 3036 2540 Ι,

1802 2575 2028 2620 muros
2071 2565 2260 2638 porte
2305 2555 2504 2637 appie
2550 2554 2647 2616 ad
2684 2551 2975 2634 templum
3033 2543 3036 2616 ἕ

1802 2645 2076 2708 martis:
2123 2643 2360 2706 levatis
2392 2643 2457 2704 in
2491 2641 2721 2704 celum
2768 2639 2977 2702 oculis:

1802 2751 2023 2796 coram
2073 2730 2386 2794 omnibus
2438 2729 2663 2794 dixit:
2722 2728 2978 2791 Domine
3034 2779 3036 2790 ,

1799 2819 1965 2883 deus
2018 2828 2209 2901 pater
2255 2817 2510 2890 domini
2572 2817 2795 2880 nostri
2848 2816 2979 2896 Jesu
3033 2825 3036 2972 Α

1801 2907 2047 2972 Christi
2079 2907 2192 2990 qui
2224 2905 2459 2970 turrim
2494 2905 2904 2968 confusionis
2928 2905 2979 2964 iu
3034 2973 3036 2996 1

1800 2995 2112 3059 babilone
2208 2993 2603 3058 destruxisti
2642 3015 2663 3057 ε
2746 2993 2981 3056 destrue
3034 2997 3036 3028 ³

1798 3103 1975 3146 nunc
2022 3092 2091 3147 et
2143 3083 2321 3146 hunc
2368 3080 2633 3145 locum:
2704 3081 2821 3144 ubi
2870 3079 2983 3140 dia-
3034 3143 3036 3146 Α

1799 3171 2016 3236 bolica
2038 3169 2506 3253 superstitione
2531 3189 2658 3251 per
2680 3167 2981 3232 idolorum

1796 3259 2127 3322 culturam
2160 3259 2385 3322 anime
2410 3266 2701 3340 pereunt
2731 3255 2982 3340 populo-

1798 3369 1963 3411 rum.
2056 3347 2149 3411 Et
2197 3347 2428 3410 statim
2483 3345 2711 3409 factus
2762 3354 2865 3408 est
2908 3343 2983 3406 in·

1797 3456 1964 3518 gens
1993 3435 2249 3518 fragor⁴
2280 3433 2553 3498 tonitrui
2596 3453 2767 3496 cum
2810 3443 2983 3496 term-

1798 3525 1977 3587 ribus
2007 3523 2587 3587 choruscationum
2620 3543 2637 3585 :
2671 3529 2747 3584 et
2770 3520 2983 3585 corruit

1799 3612 2099 3676 maxima
2131 3631 2285 3693 pars
2314 3609 2551 3691 templi
2582 3609 2907 3690 sacrilegi.

1935 3702 2065 3764 uod
2098 3709 2444 3764 cernentes
2484 3696 2741 3761 milites
2776 3695 2879 3780 [L.
2908 3695 2981 3777 iij.

1932 3787 2261 3871 pavefacti
2311 3787 2675 3868 fugerunt:
2742 3785 2983 3849 dimise·

1796 3886 2083 3958 runtque
2114 3876 2387 3939 beatum
2410 3873 2825 3955 stephanum
2856 3889 2977 3936 cum

1796 3965 2109 4029 omnibus
2182 3963 2557 4026 christianis
2624 3963 2748 4044 qui
2812 3957 2977 4026 simul

1795 4061 2245 4136 perrexerant.
2307 4051 2619 4115 Audiens
2654 4051 2861 4132 igitur
2890 4067 2979 4112 va·

1795 4142 2081 4204 lerianus
2133 4160 2265 4223 que
2312 4147 2505 4220 gesta
2556 4136 2870 4203 fuerant:
2918 4155 2979 4198 ac

1793 4230 1879 4293 de
1912 4229 2145 4309 templi
2193 4227 2577 4292 eversione:
2630 4227 2979 4291 missisunt

2160 4368 2181 4396 ⁸
2220 4365 2483 4413 ‘a'om.:
2520 4362 2585 4413 R.

2162 4435 2180 4464 ⁴
2215 4431 2442 4496 fragror:
2482 4428 2550 4479 N.
