<?xml version="1.0" encoding="UTF-8"?>
<!DOCTYPE html PUBLIC "-//W3C//DTD XHTML 1.0 Transitional//EN"
    "http://www.w3.org/TR/xhtml1/DTD/xhtml1-transitional.dtd">
<html xmlns="http://www.w3.org/1999/xhtml" xml:lang="en" lang="en">
 <head>
  <title>
</title>
<meta http-equiv="Content-Type" content="text/html;charset=utf-8" />
  <meta name='ocr-system' content='tesseract 3.04.00' />
  <meta name='ocr-capabilities' content='ocr_page ocr_carea ocr_par ocr_line ocrx_word'/>
</head>
<body>
  <div class='ocr_page' id='page_1' title='image "breviariumadusu03yorkgoog_0199.png"; bbox 0 0 3117 4959; ppageno 0'>
   <div class='ocr_carea' id='block_1_1' title="bbox 1495 253 1916 310">
    <p class='ocr_par' dir='ltr' id='par_1_1' title="bbox 1495 253 1916 310">
     <span class='ocr_line' id='line_1_1' title="bbox 1495 253 1916 310; baseline 0.007 -4"><span class='ocrx_word' id='word_1_1' title='bbox 1495 253 1603 306; x_wconf 88' lang='lat' dir='ltr'>IN</span> <span class='ocrx_word' id='word_1_2' title='bbox 1642 253 1916 310; x_wconf 86' lang='lat' dir='ltr'><em>FESTO</em></span> 
     </span>
    </p>
   </div>
   <div class='ocr_carea' id='block_1_2' title="bbox 997 363 1154 420">
    <p class='ocr_par' dir='ltr' id='par_1_2' title="bbox 997 363 1154 420">
     <span class='ocr_line' id='line_1_2' title="bbox 997 363 1154 420; baseline 0 -1"><span class='ocrx_word' id='word_1_3' title='bbox 997 363 1154 420; x_wconf 71' lang='lat'>863</span> 
     </span>
    </p>
   </div>
   <div class='ocr_carea' id='block_1_3' title="bbox 467 467 1685 2836">
    <p class='ocr_par' dir='ltr' id='par_1_3' title="bbox 467 467 1685 2836">
     <span class='ocr_line' id='line_1_3' title="bbox 735 467 1667 554; baseline -0.002 -22"><span class='ocrx_word' id='word_1_4' title='bbox 735 485 782 554; x_wconf 65' lang='grc' dir='ltr'>γ</span> <span class='ocrx_word' id='word_1_5' title='bbox 843 467 951 532; x_wconf 92' lang='lat' dir='ltr'>Tu</span> <span class='ocrx_word' id='word_1_6' title='bbox 1023 487 1095 532; x_wconf 89' lang='lat' dir='ltr'>es</span> <span class='ocrx_word' id='word_1_7' title='bbox 1165 467 1380 550; x_wconf 90' lang='lat' dir='ltr'>inquit</span> <span class='ocrx_word' id='word_1_8' title='bbox 1441 475 1667 551; x_wconf 85' lang='lat' dir='ltr'>petrus</span> 
     </span>
     <span class='ocr_line' id='line_1_4' title="bbox 471 555 1669 638; baseline -0.001 -17"><span class='ocrx_word' id='word_1_9' title='bbox 471 557 774 621; x_wconf 88' lang='lat' dir='ltr'>Christus</span> <span class='ocrx_word' id='word_1_10' title='bbox 827 555 999 619; x_wconf 86' lang='lat' dir='ltr'>filius</span> <span class='ocrx_word' id='word_1_11' title='bbox 1051 555 1160 620; x_wconf 91' lang='lat' dir='ltr'>dei</span> <span class='ocrx_word' id='word_1_12' title='bbox 1219 557 1353 620; x_wconf 88' lang='lat' dir='ltr'>vivi</span> <span class='ocrx_word' id='word_1_13' title='bbox 1400 576 1669 638; x_wconf 88' lang='lat' dir='ltr'>respon-</span> 
     </span>
     <span class='ocr_line' id='line_1_5' title="bbox 467 644 1671 727; baseline -0.002 -19"><span class='ocrx_word' id='word_1_14' title='bbox 467 645 630 708; x_wconf 85' lang='lat' dir='ltr'>dens</span> <span class='ocrx_word' id='word_1_15' title='bbox 677 645 986 708; x_wconf 88' lang='lat' dir='ltr'>dominus</span> <span class='ocrx_word' id='word_1_16' title='bbox 1037 645 1173 709; x_wconf 89' lang='lat' dir='ltr'>ait:</span> <span class='ocrx_word' id='word_1_17' title='bbox 1221 654 1289 708; x_wconf 90' lang='lat' dir='ltr'>et</span> <span class='ocrx_word' id='word_1_18' title='bbox 1341 663 1470 727; x_wconf 89' lang='lat' dir='ltr'>ego</span> <span class='ocrx_word' id='word_1_19' title='bbox 1517 644 1671 706; x_wconf 89' lang='lat' dir='ltr'>dico</span> 
     </span>
     <span class='ocr_line' id='line_1_6' title="bbox 469 732 1673 814; baseline -0.002 -18"><span class='ocrx_word' id='word_1_20' title='bbox 469 732 592 796; x_wconf 90' lang='lat' dir='ltr'>tibi</span> <span class='ocrx_word' id='word_1_21' title='bbox 645 733 800 814; x_wconf 90' lang='lat' dir='ltr'>quia</span> <span class='ocrx_word' id='word_1_22' title='bbox 852 742 926 796; x_wconf 89' lang='lat' dir='ltr'>tu</span> <span class='ocrx_word' id='word_1_23' title='bbox 965 753 1038 796; x_wconf 89' lang='lat' dir='ltr'>es</span> <span class='ocrx_word' id='word_1_24' title='bbox 1089 742 1316 814; x_wconf 85' lang='lat' dir='ltr'>petrus</span> <span class='ocrx_word' id='word_1_25' title='bbox 1359 743 1427 796; x_wconf 88' lang='lat' dir='ltr'>et</span> <span class='ocrx_word' id='word_1_26' title='bbox 1473 753 1673 814; x_wconf 86' lang='lat' dir='ltr'>super</span> 
     </span>
     <span class='ocr_line' id='line_1_7' title="bbox 470 819 1669 902; baseline -0.002 -19"><span class='ocrx_word' id='word_1_27' title='bbox 470 820 642 883; x_wconf 89' lang='lat' dir='ltr'>hanc</span> <span class='ocrx_word' id='word_1_28' title='bbox 674 830 932 902; x_wconf 89' lang='lat' dir='ltr'>petram</span> <span class='ocrx_word' id='word_1_29' title='bbox 965 820 1290 884; x_wconf 86' lang='lat' dir='ltr'>edificabo</span> <span class='ocrx_word' id='word_1_30' title='bbox 1321 819 1669 885; x_wconf 89' lang='lat' dir='ltr'>ecclesiam</span> 
     </span>
     <span class='ocr_line' id='line_1_8' title="bbox 473 907 1669 990; baseline 0 -18"><span class='ocrx_word' id='word_1_31' title='bbox 473 927 710 972; x_wconf 89' lang='lat' dir='ltr'>meam.</span> <span class='ocrx_word' id='word_1_32' title='bbox 806 907 911 972; x_wconf 88' lang='lat' dir='ltr'>Et.</span> <span class='ocrx_word' id='word_1_33' title='bbox 991 907 1240 972; x_wconf 83' lang='lat' dir='ltr'><strong>Gloria.</strong></span> <span class='ocrx_word' id='word_1_34' title='bbox 1334 909 1426 972; x_wconf 94' lang='lat' dir='ltr'>Et</span> <span class='ocrx_word' id='word_1_35' title='bbox 1458 909 1669 990; x_wconf 89' lang='lat' dir='ltr'>quod·</span> 
     </span>
     <span class='ocr_line' id='line_1_9' title="bbox 473 996 1673 1077; baseline 0 -19"><span class='ocrx_word' id='word_1_36' title='bbox 473 1015 750 1077; x_wconf 90' lang='lat' dir='ltr'>cunque.</span> <span class='ocrx_word' id='word_1_37' title='bbox 839 996 928 1058; x_wconf 86' lang='lat' dir='ltr'>In</span> <span class='ocrx_word' id='word_1_38' title='bbox 971 997 1161 1058; x_wconf 84' lang='lat' dir='ltr'>tertio</span> <span class='ocrx_word' id='word_1_39' title='bbox 1189 1005 1493 1060; x_wconf 87' lang='lat' dir='ltr'>nocturno</span> <span class='ocrx_word' id='word_1_40' title='bbox 1521 996 1673 1060; x_wconf 85' lang='lat' dir='ltr'>An-</span> 
     </span>
     <span class='ocr_line' id='line_1_10' title="bbox 472 1083 1674 1165; baseline -0.001 -18"><span class='ocrx_word' id='word_1_41' title='bbox 472 1084 748 1165; x_wconf 63' lang='lat' dir='ltr'>tzjoltona.</span> <span class='ocrx_word' id='word_1_42' title='bbox 826 1083 1174 1147; x_wconf 89' lang='lat' dir='ltr'>Cornelius</span> <span class='ocrx_word' id='word_1_43' title='bbox 1227 1086 1524 1148; x_wconf 86' lang='lat' dir='ltr'>centurio</span> <span class='ocrx_word' id='word_1_44' title='bbox 1573 1085 1674 1147; x_wconf 88' lang='lat' dir='ltr'>vir</span> 
     </span>
     <span class='ocr_line' id='line_1_11' title="bbox 474 1172 1673 1253; baseline -0.001 -19"><span class='ocrx_word' id='word_1_45' title='bbox 474 1172 820 1253; x_wconf 90' lang='lat' dir='ltr'>religiosus</span> <span class='ocrx_word' id='word_1_46' title='bbox 867 1191 944 1235; x_wconf 89' lang='lat' dir='ltr'>ac</span> <span class='ocrx_word' id='word_1_47' title='bbox 999 1173 1242 1236; x_wconf 89' lang='lat' dir='ltr'>timens</span> <span class='ocrx_word' id='word_1_48' title='bbox 1271 1173 1472 1236; x_wconf 89' lang='lat' dir='ltr'>deum</span> <span class='ocrx_word' id='word_1_49' title='bbox 1505 1172 1673 1236; x_wconf 84' lang='lat' dir='ltr'>vidit</span> 
     </span>
     <span class='ocr_line' id='line_1_12' title="bbox 475 1258 1671 1341; baseline 0 -19"><span class='ocrx_word' id='word_1_50' title='bbox 475 1258 828 1328; x_wconf 87' lang='lat' dir='ltr'>manifeste</span> <span class='ocrx_word' id='word_1_51' title='bbox 859 1260 1171 1341; x_wconf 83' lang='lat' dir='ltr'>angelum</span> <span class='ocrx_word' id='word_1_52' title='bbox 1196 1261 1303 1323; x_wconf 91' lang='lat' dir='ltr'>dei</span> <span class='ocrx_word' id='word_1_53' title='bbox 1337 1259 1671 1323; x_wconf 86' lang='lat' dir='ltr'><strong>dicentem</strong></span> 
     </span>
     <span class='ocr_line' id='line_1_13' title="bbox 475 1346 1672 1411; baseline 0 -1"><span class='ocrx_word' id='word_1_54' title='bbox 475 1347 641 1410; x_wconf 87' lang='lat' dir='ltr'>sibi:</span> <span class='ocrx_word' id='word_1_55' title='bbox 709 1346 954 1410; x_wconf 89' lang='lat' dir='ltr'>corneli</span> <span class='ocrx_word' id='word_1_56' title='bbox 1017 1349 1210 1410; x_wconf 90' lang='lat' dir='ltr'>mitte</span> <span class='ocrx_word' id='word_1_57' title='bbox 1283 1357 1352 1411; x_wconf 94' lang='lat' dir='ltr'>et</span> <span class='ocrx_word' id='word_1_58' title='bbox 1427 1348 1672 1411; x_wconf 81' lang='lat' dir='ltr'>accersi</span> 
     </span>
     <span class='ocr_line' id='line_1_14' title="bbox 475 1435 1675 1517; baseline -0.002 -18"><span class='ocrx_word' id='word_1_59' title='bbox 475 1437 800 1499; x_wconf 88' lang='lat' dir='ltr'>simonem</span> <span class='ocrx_word' id='word_1_60' title='bbox 855 1435 967 1516; x_wconf 89' lang='lat' dir='ltr'>qui</span> <span class='ocrx_word' id='word_1_61' title='bbox 1021 1436 1528 1516; x_wconf 82' lang='lat' dir='ltr'>cognominatur</span> <span class='ocrx_word' id='word_1_62' title='bbox 1556 1455 1675 1517; x_wconf 89' lang='lat' dir='ltr'>pe-</span> 
     </span>
     <span class='ocr_line' id='line_1_15' title="bbox 475 1523 1675 1605; baseline -0.002 -19"><span class='ocrx_word' id='word_1_63' title='bbox 475 1532 615 1586; x_wconf 87' lang='lat' dir='ltr'>trus</span> <span class='ocrx_word' id='word_1_64' title='bbox 647 1523 752 1585; x_wconf 91' lang='lat' dir='ltr'>hic</span> <span class='ocrx_word' id='word_1_65' title='bbox 783 1524 961 1587; x_wconf 88' lang='lat' dir='ltr'>dicet</span> <span class='ocrx_word' id='word_1_66' title='bbox 990 1523 1110 1586; x_wconf 89' lang='lat' dir='ltr'>tibi</span> <span class='ocrx_word' id='word_1_67' title='bbox 1142 1523 1303 1605; x_wconf 90' lang='lat' dir='ltr'>quid</span> <span class='ocrx_word' id='word_1_68' title='bbox 1357 1532 1424 1587; x_wconf 90' lang='lat' dir='ltr'>te</span> <span class='ocrx_word' id='word_1_69' title='bbox 1477 1543 1675 1604; x_wconf 89' lang='lat' dir='ltr'>opor-</span> 
     </span>
     <span class='ocr_line' id='line_1_16' title="bbox 475 1610 1673 1692; baseline 0 -18"><span class='ocrx_word' id='word_1_70' title='bbox 475 1619 615 1674; x_wconf 89' lang='lat' dir='ltr'>teat</span> <span class='ocrx_word' id='word_1_71' title='bbox 677 1610 908 1674; x_wconf 81' lang='lat' dir='ltr'>facere.</span> <span class='ocrx_word' id='word_1_72' title='bbox 996 1620 1096 1692; x_wconf 57' lang='lat' dir='ltr'>pff.</span> <span class='ocrx_word' id='word_1_73' title='bbox 1173 1611 1673 1676; x_wconf 87' lang='lat' dir='ltr'>Confitebimur.</span> 
     </span>
     <span class='ocr_line' id='line_1_17' title="bbox 475 1699 1675 1781; baseline -0.003 -19"><span class='ocrx_word' id='word_1_74' title='bbox 475 1701 610 1762; x_wconf 75' lang='grc' dir='ltr'>Αῇ.</span> <span class='ocrx_word' id='word_1_75' title='bbox 677 1699 1010 1780; x_wconf 86' lang='lat' dir='ltr'>Aperiens</span> <span class='ocrx_word' id='word_1_76' title='bbox 1059 1708 1288 1781; x_wconf 87' lang='lat' dir='ltr'>petrus</span> <span class='ocrx_word' id='word_1_77' title='bbox 1345 1720 1422 1762; x_wconf 90' lang='lat' dir='ltr'>os</span> <span class='ocrx_word' id='word_1_78' title='bbox 1479 1719 1675 1762; x_wconf 91' lang='lat' dir='ltr'>suum</span> 
     </span>
     <span class='ocr_line' id='line_1_18' title="bbox 479 1787 1675 1869; baseline -0.001 -20"><span class='ocrx_word' id='word_1_79' title='bbox 479 1787 728 1850; x_wconf 89' lang='lat' dir='ltr'>dixitin</span> <span class='ocrx_word' id='word_1_80' title='bbox 748 1788 1024 1850; x_wconf 88' lang='lat' dir='ltr'>veritate</span> <span class='ocrx_word' id='word_1_81' title='bbox 1045 1787 1334 1869; x_wconf 86' lang='lat' dir='ltr'>comperi</span> <span class='ocrx_word' id='word_1_82' title='bbox 1359 1788 1675 1868; x_wconf 90' lang='lat' dir='ltr'>quoniam</span> 
     </span>
     <span class='ocr_line' id='line_1_19' title="bbox 479 1883 1681 1958; baseline -0.002 -20"><span class='ocrx_word' id='word_1_83' title='bbox 479 1893 613 1938; x_wconf 91' lang='lat' dir='ltr'>non</span> <span class='ocrx_word' id='word_1_84' title='bbox 689 1883 792 1937; x_wconf 87' lang='lat' dir='ltr'>est</span> <span class='ocrx_word' id='word_1_85' title='bbox 865 1894 1294 1956; x_wconf 86' lang='lat' dir='ltr'>personarum</span> <span class='ocrx_word' id='word_1_86' title='bbox 1369 1884 1681 1958; x_wconf 89' lang='lat' dir='ltr'>acceptor</span> 
     </span>
     <span class='ocr_line' id='line_1_20' title="bbox 481 1961 1675 2045; baseline 0 -21"><span class='ocrx_word' id='word_1_87' title='bbox 481 1963 644 2025; x_wconf 91' lang='lat' dir='ltr'>deus</span> <span class='ocrx_word' id='word_1_88' title='bbox 693 1961 809 2024; x_wconf 91' lang='lat' dir='ltr'>sed</span> <span class='ocrx_word' id='word_1_89' title='bbox 861 1962 926 2024; x_wconf 90' lang='lat' dir='ltr'>in</span> <span class='ocrx_word' id='word_1_90' title='bbox 989 1964 1170 2026; x_wconf 89' lang='lat' dir='ltr'>omni</span> <span class='ocrx_word' id='word_1_91' title='bbox 1230 1973 1469 2045; x_wconf 86' lang='lat' dir='ltr'>gente:</span> <span class='ocrx_word' id='word_1_92' title='bbox 1515 1961 1675 2042; x_wconf 73' lang='lat' dir='ltr'>qui⁸</span> 
     </span>
     <span class='ocr_line' id='line_1_21' title="bbox 480 2050 1679 2132; baseline 0.001 -20"><span class='ocrx_word' id='word_1_93' title='bbox 480 2050 674 2112; x_wconf 88' lang='lat' dir='ltr'>timet</span> <span class='ocrx_word' id='word_1_94' title='bbox 705 2051 906 2114; x_wconf 92' lang='lat' dir='ltr'>deum</span> <span class='ocrx_word' id='word_1_95' title='bbox 953 2059 1022 2113; x_wconf 88' lang='lat' dir='ltr'>et</span> <span class='ocrx_word' id='word_1_96' title='bbox 1066 2059 1379 2132; x_wconf 86' lang='lat' dir='ltr'>operatur</span> <span class='ocrx_word' id='word_1_97' title='bbox 1423 2050 1679 2132; x_wconf 87' lang='lat' dir='ltr'>justici-</span> 
     </span>
     <span class='ocr_line' id='line_1_22' title="bbox 481 2138 1678 2220; baseline -0.002 -20"><span class='ocrx_word' id='word_1_98' title='bbox 481 2158 588 2200; x_wconf 89' lang='lat' dir='ltr'>am</span> <span class='ocrx_word' id='word_1_99' title='bbox 623 2147 935 2218; x_wconf 87' lang='lat' dir='ltr'>acceptus</span> <span class='ocrx_word' id='word_1_100' title='bbox 965 2147 1067 2201; x_wconf 89' lang='lat' dir='ltr'>est</span> <span class='ocrx_word' id='word_1_101' title='bbox 1109 2138 1220 2202; x_wconf 89' lang='lat' dir='ltr'>illi.</span> <span class='ocrx_word' id='word_1_102' title='bbox 1295 2147 1396 2220; x_wconf 62' lang='lat' dir='ltr'>pf.</span> <span class='ocrx_word' id='word_1_103' title='bbox 1443 2138 1678 2202; x_wconf 89' lang='lat' dir='ltr'>Domi-</span> 
     </span>
     <span class='ocr_line' id='line_1_23' title="bbox 483 2225 1679 2306; baseline 0 -18"><span class='ocrx_word' id='word_1_104' title='bbox 483 2247 608 2288; x_wconf 90' lang='lat' dir='ltr'>nus</span> <span class='ocrx_word' id='word_1_105' title='bbox 640 2227 941 2306; x_wconf 88' lang='lat' dir='ltr'>regnavit</span> <span class='ocrx_word' id='word_1_106' title='bbox 973 2227 1250 2290; x_wconf 85' lang='lat' dir='ltr'>exultet.</span> <span class='ocrx_word' id='word_1_107' title='bbox 1341 2227 1482 2289; x_wconf 76' lang='grc' dir='ltr'>Αῆ.</span> <span class='ocrx_word' id='word_1_108' title='bbox 1531 2225 1679 2288; x_wconf 92' lang='lat' dir='ltr'>Ad-</span> 
     </span>
     <span class='ocr_line' id='line_1_24' title="bbox 483 2313 1681 2396; baseline 0 -19"><span class='ocrx_word' id='word_1_109' title='bbox 483 2313 613 2378; x_wconf 89' lang='lat' dir='ltr'>huc</span> <span class='ocrx_word' id='word_1_110' title='bbox 721 2314 1035 2394; x_wconf 85' lang='lat' dir='ltr'>loquente</span> <span class='ocrx_word' id='word_1_111' title='bbox 1147 2323 1338 2396; x_wconf 85' lang='lat' dir='ltr'>petro</span> <span class='ocrx_word' id='word_1_112' title='bbox 1442 2315 1681 2378; x_wconf 88' lang='lat' dir='ltr'>cecidit</span> 
     </span>
     <span class='ocr_line' id='line_1_25' title="bbox 483 2401 1679 2484; baseline 0.002 -20"><span class='ocrx_word' id='word_1_113' title='bbox 483 2401 1022 2484; x_wconf 87' lang='lat' dir='ltr'>spiritussanctus</span> <span class='ocrx_word' id='word_1_114' title='bbox 1069 2423 1270 2484; x_wconf 88' lang='lat' dir='ltr'>super</span> <span class='ocrx_word' id='word_1_115' title='bbox 1299 2421 1532 2466; x_wconf 89' lang='lat' dir='ltr'>omnes</span> <span class='ocrx_word' id='word_1_116' title='bbox 1562 2404 1679 2483; x_wconf 84' lang='lat' dir='ltr'>qui</span> 
     </span>
     <span class='ocr_line' id='line_1_26' title="bbox 482 2488 1685 2554; baseline 0.002 -3"><span class='ocrx_word' id='word_1_117' title='bbox 482 2488 842 2552; x_wconf 87' lang='lat' dir='ltr'>audiebant</span> <span class='ocrx_word' id='word_1_118' title='bbox 893 2489 1167 2552; x_wconf 89' lang='lat' dir='ltr'>verbum</span> <span class='ocrx_word' id='word_1_119' title='bbox 1221 2500 1290 2554; x_wconf 91' lang='lat' dir='ltr'>et</span> <span class='ocrx_word' id='word_1_120' title='bbox 1351 2500 1538 2554; x_wconf 88' lang='lat' dir='ltr'>erant</span> <span class='ocrx_word' id='word_1_121' title='bbox 1590 2491 1685 2554; x_wconf 93' lang='lat' dir='ltr'>lo-</span> 
     </span>
     <span class='ocr_line' id='line_1_27' title="bbox 484 2577 1681 2659; baseline 0.003 -20"><span class='ocrx_word' id='word_1_122' title='bbox 484 2586 762 2659; x_wconf 91' lang='lat' dir='ltr'>quentes</span> <span class='ocrx_word' id='word_1_123' title='bbox 808 2577 1046 2659; x_wconf 86' lang='lat' dir='ltr'>linguis</span> <span class='ocrx_word' id='word_1_124' title='bbox 1077 2588 1144 2642; x_wconf 99' lang='lat' dir='ltr'>et</span> <span class='ocrx_word' id='word_1_125' title='bbox 1177 2578 1681 2659; x_wconf 86' lang='lat' dir='ltr'>magnificantes</span> 
     </span>
     <span class='ocr_line' id='line_1_28' title="bbox 485 2665 1683 2749; baseline 0.001 -22"><span class='ocrx_word' id='word_1_126' title='bbox 485 2665 684 2727; x_wconf 91' lang='lat' dir='ltr'>deum</span> <span class='ocrx_word' id='word_1_127' title='bbox 709 2675 867 2728; x_wconf 89' lang='lat' dir='ltr'>tunc</span> <span class='ocrx_word' id='word_1_128' title='bbox 893 2674 1120 2746; x_wconf 86' lang='lat' dir='ltr'>petrus</span> <span class='ocrx_word' id='word_1_129' title='bbox 1147 2665 1341 2748; x_wconf 87' lang='lat' dir='ltr'>jussit</span> <span class='ocrx_word' id='word_1_130' title='bbox 1373 2687 1488 2729; x_wconf 91' lang='lat' dir='ltr'>eos</span> <span class='ocrx_word' id='word_1_131' title='bbox 1518 2667 1683 2749; x_wconf 90' lang='lat' dir='ltr'>bap-</span> 
     </span>
     <span class='ocr_line' id='line_1_29' title="bbox 489 2753 1683 2836; baseline 0 -19"><span class='ocrx_word' id='word_1_132' title='bbox 489 2753 676 2817; x_wconf 90' lang='lat' dir='ltr'>tizari</span> <span class='ocrx_word' id='word_1_133' title='bbox 746 2754 812 2815; x_wconf 90' lang='lat' dir='ltr'>in</span> <span class='ocrx_word' id='word_1_134' title='bbox 882 2754 1152 2818; x_wconf 89' lang='lat' dir='ltr'>nomine</span> <span class='ocrx_word' id='word_1_135' title='bbox 1212 2755 1464 2818; x_wconf 91' lang='lat' dir='ltr'>domini</span> <span class='ocrx_word' id='word_1_136' title='bbox 1525 2755 1683 2836; x_wconf 88' lang='lat' dir='ltr'>Jesu</span> 
     </span>
    </p>
   </div>
   <div class='ocr_carea' id='block_1_4' title="bbox 467 468 642 532">
    <p class='ocr_par' dir='ltr' id='par_1_4' title="bbox 467 468 642 532">
     <span class='ocr_line' id='line_1_30' title="bbox 467 468 642 532; baseline 0 0"><span class='ocrx_word' id='word_1_137' title='bbox 467 468 642 532; x_wconf 82' lang='lat' dir='ltr'>celis,</span> 
     </span>
    </p>
   </div>
   <div class='ocr_carea' id='block_1_5' title="bbox 488 2913 1703 4493">
    <p class='ocr_par' dir='ltr' id='par_1_5' title="bbox 488 2913 1703 4493">
     <span class='ocr_line' id='line_1_31' title="bbox 585 2913 872 2978; baseline 0.01 -16"><span class='ocrx_word' id='word_1_138' title='bbox 585 2915 600 2944; x_wconf 84' lang='lat'>¹</span> <span class='ocrx_word' id='word_1_139' title='bbox 637 2929 768 2978; x_wconf 84' lang='lat' dir='ltr'>que:</span> <span class='ocrx_word' id='word_1_140' title='bbox 803 2913 872 2966; x_wconf 91' lang='lat' dir='ltr'>N.</span> 
     </span>
     <span class='ocr_line' id='line_1_32' title="bbox 561 2979 1683 3095; baseline 0.003 -67"><span class='ocrx_word' id='word_1_141' title='bbox 561 2981 612 3095; x_wconf 51' lang='lat'>1³2</span> <span class='ocrx_word' id='word_1_142' title='bbox 639 2980 806 3029; x_wconf 85' lang='lat' dir='ltr'>Verba</span> <span class='ocrx_word' id='word_1_143' title='bbox 823 2997 854 3030; x_wconf 86' lang='lat' dir='ltr'>a</span> <span class='ocrx_word' id='word_1_144' title='bbox 877 2984 891 3008; x_wconf 87' lang='lat'>‘</span> <span class='ocrx_word' id='word_1_145' title='bbox 908 2979 1059 3030; x_wconf 87' lang='lat' dir='ltr'>Tres’</span> <span class='ocrx_word' id='word_1_146' title='bbox 1079 2995 1236 3046; x_wconf 88' lang='lat' dir='ltr'>usque</span> <span class='ocrx_word' id='word_1_147' title='bbox 1258 2982 1324 3030; x_wconf 81' lang='lat' dir='ltr'>ad</span> <span class='ocrx_word' id='word_1_148' title='bbox 1350 2982 1499 3048; x_wconf 85' lang='lat' dir='ltr'>‘petri</span> <span class='ocrx_word' id='word_1_149' title='bbox 1517 2981 1532 3005; x_wconf 89' lang='lat'><strong>’</strong></span> <span class='ocrx_word' id='word_1_150' title='bbox 1553 2997 1683 3032; x_wconf 80' lang='lat' dir='ltr'>om.=</span> 
     </span>
     <span class='ocr_line' id='line_1_33' title="bbox 586 3113 1677 3178; baseline 0.002 -18"><span class='ocrx_word' id='word_1_151' title='bbox 586 3114 607 3143; x_wconf 84' lang='lat'><strong>¹</strong></span> <span class='ocrx_word' id='word_1_152' title='bbox 645 3115 660 3139; x_wconf 88' lang='lat'>‘</span> <span class='ocrx_word' id='word_1_153' title='bbox 675 3113 776 3163; x_wconf 85' lang='lat' dir='ltr'>Sec.</span> <span class='ocrx_word' id='word_1_154' title='bbox 804 3113 1105 3164; x_wconf 79' lang='lat' dir='ltr'>Mattheum.</span> <span class='ocrx_word' id='word_1_155' title='bbox 1410 3115 1571 3164; x_wconf 80' lang='lat' dir='ltr'>Lectio</span> <span class='ocrx_word' id='word_1_156' title='bbox 1590 3113 1677 3178; x_wconf 77' lang='lat' dir='ltr'>vij.</span> 
     </span>
     <span class='ocr_line' id='line_1_34' title="bbox 488 3178 1685 3264; baseline 0.003 -38"><span class='ocrx_word' id='word_1_157' title='bbox 488 3183 552 3264; x_wconf 83' lang='lat' dir='ltr'><em>J</em></span> <span class='ocrx_word' id='word_1_158' title='bbox 567 3194 602 3227; x_wconf 89' lang='lat' dir='ltr'>n</span> <span class='ocrx_word' id='word_1_159' title='bbox 646 3178 734 3228; x_wconf 78' lang='lat' dir='ltr'>illo</span> <span class='ocrx_word' id='word_1_160' title='bbox 780 3186 1004 3244; x_wconf 84' lang='lat' dir='ltr'>tempore</span> <span class='ocrx_word' id='word_1_161' title='bbox 1048 3179 1201 3228; x_wconf 88' lang='lat' dir='ltr'>Venit</span> <span class='ocrx_word' id='word_1_162' title='bbox 1241 3179 1386 3243; x_wconf 87' lang='lat' dir='ltr'>Jesus</span> <span class='ocrx_word' id='word_1_163' title='bbox 1429 3180 1481 3228; x_wconf 89' lang='lat' dir='ltr'>in</span> <span class='ocrx_word' id='word_1_164' title='bbox 1519 3187 1685 3244; x_wconf 84' lang='lat' dir='ltr'>partes</span> 
     </span>
     <span class='ocr_line' id='line_1_35' title="bbox 568 3245 1685 3310; baseline 0.001 -17"><span class='ocrx_word' id='word_1_165' title='bbox 568 3260 765 3293; x_wconf 86' lang='lat' dir='ltr'>cesaree</span> <span class='ocrx_word' id='word_1_166' title='bbox 783 3245 997 3309; x_wconf 86' lang='lat' dir='ltr'>philippi</span> <span class='ocrx_word' id='word_1_167' title='bbox 1012 3252 1062 3294; x_wconf 92' lang='lat' dir='ltr'>et</span> <span class='ocrx_word' id='word_1_168' title='bbox 1079 3245 1400 3309; x_wconf 79' lang='lat' dir='ltr'>interrogavit</span> <span class='ocrx_word' id='word_1_169' title='bbox 1415 3246 1685 3310; x_wconf 89' lang='lat' dir='ltr'>discipulos</span> 
     </span>
     <span class='ocr_line' id='line_1_36' title="bbox 489 3311 1686 3372; baseline 0.001 -13"><span class='ocrx_word' id='word_1_170' title='bbox 489 3325 606 3359; x_wconf 84' lang='lat' dir='ltr'>suos</span> <span class='ocrx_word' id='word_1_171' title='bbox 645 3311 832 3359; x_wconf 88' lang='lat' dir='ltr'>dicens.</span> <span class='ocrx_word' id='word_1_172' title='bbox 907 3311 1072 3372; x_wconf 87' lang='lat' dir='ltr'>Quem</span> <span class='ocrx_word' id='word_1_173' title='bbox 1107 3311 1282 3360; x_wconf 91' lang='lat' dir='ltr'>dicunt</span> <span class='ocrx_word' id='word_1_174' title='bbox 1317 3311 1544 3360; x_wconf 87' lang='lat' dir='ltr'>homines</span> <span class='ocrx_word' id='word_1_175' title='bbox 1578 3327 1686 3360; x_wconf 82' lang='lat' dir='ltr'>esse</span> 
     </span>
     <span class='ocr_line' id='line_1_37' title="bbox 493 3374 1691 3441; baseline 0.002 -16"><span class='ocrx_word' id='word_1_176' title='bbox 493 3376 650 3425; x_wconf 85' lang='lat' dir='ltr'>filium</span> <span class='ocrx_word' id='word_1_177' title='bbox 673 3374 904 3424; x_wconf 90' lang='lat' dir='ltr'>hominis.</span> <span class='ocrx_word' id='word_1_178' title='bbox 979 3375 1045 3424; x_wconf 88' lang='lat' dir='ltr'>Et</span> <span class='ocrx_word' id='word_1_179' title='bbox 1069 3375 1276 3441; x_wconf 87' lang='lat' dir='ltr'>reliqua.</span> <span class='ocrx_word' id='word_1_180' title='bbox 1355 3377 1542 3428; x_wconf 82' lang='lat' dir='ltr'>Omelia</span> <span class='ocrx_word' id='word_1_181' title='bbox 1566 3377 1691 3428; x_wconf 76' lang='lat' dir='ltr'>beati</span> 
     </span>
     <span class='ocr_line' id='line_1_38' title="bbox 491 3441 1054 3504; baseline -0.004 -12"><span class='ocrx_word' id='word_1_182' title='bbox 491 3441 763 3492; x_wconf 80' lang='lat' dir='ltr'>hieronimi</span> <span class='ocrx_word' id='word_1_183' title='bbox 770 3441 1054 3504; x_wconf 81' lang='lat' dir='ltr'>presbyteri.</span> 
     </span>
     <span class='ocr_line' id='line_1_39' title="bbox 491 3505 1691 3592; baseline 0.003 -38"><span class='ocrx_word' id='word_1_184' title='bbox 491 3512 550 3592; x_wconf 80' lang='lat' dir='ltr'><em>J</em></span> <span class='ocrx_word' id='word_1_185' title='bbox 567 3515 640 3554; x_wconf 90' lang='lat' dir='ltr'>ste</span> <span class='ocrx_word' id='word_1_186' title='bbox 681 3505 935 3569; x_wconf 87' lang='lat' dir='ltr'>philippus</span> <span class='ocrx_word' id='word_1_187' title='bbox 975 3505 1122 3556; x_wconf 83' lang='lat' dir='ltr'>frater</span> <span class='ocrx_word' id='word_1_188' title='bbox 1145 3506 1238 3557; x_wconf 86' lang='lat' dir='ltr'>fuit</span> <span class='ocrx_word' id='word_1_189' title='bbox 1259 3507 1460 3558; x_wconf 87' lang='lat' dir='ltr'>herodis</span> <span class='ocrx_word' id='word_1_190' title='bbox 1477 3507 1691 3571; x_wconf 85' lang='lat' dir='ltr'>junioris</span> 
     </span>
     <span class='ocr_line' id='line_1_40' title="bbox 567 3571 1692 3637; baseline 0.002 -17"><span class='ocrx_word' id='word_1_191' title='bbox 567 3572 659 3620; x_wconf 88' lang='lat' dir='ltr'>sub</span> <span class='ocrx_word' id='word_1_192' title='bbox 681 3587 782 3635; x_wconf 89' lang='lat' dir='ltr'>quo</span> <span class='ocrx_word' id='word_1_193' title='bbox 803 3571 1035 3620; x_wconf 89' lang='lat' dir='ltr'>dominus</span> <span class='ocrx_word' id='word_1_194' title='bbox 1057 3587 1229 3637; x_wconf 87' lang='lat' dir='ltr'>passus</span> <span class='ocrx_word' id='word_1_195' title='bbox 1262 3581 1336 3621; x_wconf 89' lang='lat' dir='ltr'>est</span> <span class='ocrx_word' id='word_1_196' title='bbox 1378 3573 1508 3622; x_wconf 88' lang='lat' dir='ltr'>filius</span> <span class='ocrx_word' id='word_1_197' title='bbox 1542 3575 1692 3622; x_wconf 87' lang='lat' dir='ltr'>hero-</span> 
     </span>
     <span class='ocr_line' id='line_1_41' title="bbox 495 3636 1691 3703; baseline 0.003 -18"><span class='ocrx_word' id='word_1_198' title='bbox 495 3637 573 3686; x_wconf 89' lang='lat' dir='ltr'>dis</span> <span class='ocrx_word' id='word_1_199' title='bbox 595 3636 726 3685; x_wconf 91' lang='lat' dir='ltr'>illius</span> <span class='ocrx_word' id='word_1_200' title='bbox 749 3637 842 3685; x_wconf 89' lang='lat' dir='ltr'>sub</span> <span class='ocrx_word' id='word_1_201' title='bbox 864 3652 965 3700; x_wconf 91' lang='lat' dir='ltr'>quo</span> <span class='ocrx_word' id='word_1_202' title='bbox 998 3637 1230 3690; x_wconf 86' lang='lat' dir='ltr'>dominus</span> <span class='ocrx_word' id='word_1_203' title='bbox 1263 3647 1409 3688; x_wconf 88' lang='lat' dir='ltr'>natus</span> <span class='ocrx_word' id='word_1_204' title='bbox 1441 3655 1548 3689; x_wconf 87' lang='lat' dir='ltr'>esse</span> <span class='ocrx_word' id='word_1_205' title='bbox 1572 3640 1691 3703; x_wconf 87' lang='lat' dir='ltr'>legi·</span> 
     </span>
     <span class='ocr_line' id='line_1_42' title="bbox 495 3701 1691 3766; baseline 0.001 -14"><span class='ocrx_word' id='word_1_206' title='bbox 495 3711 576 3752; x_wconf 84' lang='lat' dir='ltr'>tur</span> <span class='ocrx_word' id='word_1_207' title='bbox 598 3701 684 3766; x_wconf 89' lang='lat' dir='ltr'>qui</span> <span class='ocrx_word' id='word_1_208' title='bbox 709 3702 759 3751; x_wconf 90' lang='lat' dir='ltr'>in</span> <span class='ocrx_word' id='word_1_209' title='bbox 782 3703 973 3751; x_wconf 90' lang='lat' dir='ltr'>honore</span> <span class='ocrx_word' id='word_1_210' title='bbox 1008 3703 1185 3766; x_wconf 86' lang='lat' dir='ltr'>tyberii</span> <span class='ocrx_word' id='word_1_211' title='bbox 1223 3704 1402 3755; x_wconf 86' lang='lat' dir='ltr'>cesaris</span> <span class='ocrx_word' id='word_1_212' title='bbox 1439 3704 1691 3756; x_wconf 83' lang='lat' dir='ltr'>civitatem</span> 
     </span>
     <span class='ocr_line' id='line_1_43' title="bbox 501 3769 1695 3833; baseline 0.003 -17"><span class='ocrx_word' id='word_1_213' title='bbox 501 3769 752 3833; x_wconf 87' lang='lat' dir='ltr'>quandam</span> <span class='ocrx_word' id='word_1_214' title='bbox 801 3769 1092 3817; x_wconf 83' lang='lat' dir='ltr'>restauravit</span> <span class='ocrx_word' id='word_1_215' title='bbox 1140 3777 1188 3818; x_wconf 91' lang='lat' dir='ltr'>et</span> <span class='ocrx_word' id='word_1_216' title='bbox 1235 3785 1346 3818; x_wconf 88' lang='lat' dir='ltr'>eam</span> <span class='ocrx_word' id='word_1_217' title='bbox 1392 3786 1452 3819; x_wconf 85' lang='lat' dir='ltr'>ex</span> <span class='ocrx_word' id='word_1_218' title='bbox 1493 3773 1695 3820; x_wconf 87' lang='lat' dir='ltr'>nomine</span> 
     </span>
     <span class='ocr_line' id='line_1_44' title="bbox 497 3834 1695 3902; baseline 0.003 -18"><span class='ocrx_word' id='word_1_219' title='bbox 497 3835 676 3884; x_wconf 81' lang='lat' dir='ltr'>cesaris</span> <span class='ocrx_word' id='word_1_220' title='bbox 699 3843 849 3899; x_wconf 89' lang='lat' dir='ltr'>atque</span> <span class='ocrx_word' id='word_1_221' title='bbox 873 3834 946 3886; x_wconf 88' lang='lat' dir='ltr'>sui</span> <span class='ocrx_word' id='word_1_222' title='bbox 963 3849 1210 3885; x_wconf 81' lang='lat' dir='ltr'>cesaream</span> <span class='ocrx_word' id='word_1_223' title='bbox 1234 3835 1449 3902; x_wconf 87' lang='lat' dir='ltr'>philippi</span> <span class='ocrx_word' id='word_1_224' title='bbox 1470 3838 1695 3888; x_wconf 85' lang='lat' dir='ltr'>nomina·</span> 
     </span>
     <span class='ocr_line' id='line_1_45' title="bbox 500 3901 1697 3964; baseline 0.003 -15"><span class='ocrx_word' id='word_1_225' title='bbox 500 3901 587 3950; x_wconf 87' lang='lat' dir='ltr'>vit.</span> <span class='ocrx_word' id='word_1_226' title='bbox 645 3902 706 3950; x_wconf 93' lang='lat' dir='ltr'>In</span> <span class='ocrx_word' id='word_1_227' title='bbox 730 3901 824 3951; x_wconf 86' lang='lat' dir='ltr'>hac</span> <span class='ocrx_word' id='word_1_228' title='bbox 848 3915 968 3964; x_wconf 83' lang='lat' dir='ltr'>ergo</span> <span class='ocrx_word' id='word_1_229' title='bbox 983 3901 1186 3950; x_wconf 84' lang='lat' dir='ltr'>civitate</span> <span class='ocrx_word' id='word_1_230' title='bbox 1209 3901 1305 3951; x_wconf 90' lang='lat' dir='ltr'>hoc</span> <span class='ocrx_word' id='word_1_231' title='bbox 1327 3911 1401 3952; x_wconf 90' lang='lat' dir='ltr'>est</span> <span class='ocrx_word' id='word_1_232' title='bbox 1423 3903 1477 3952; x_wconf 86' lang='lat' dir='ltr'>in</span> <span class='ocrx_word' id='word_1_233' title='bbox 1500 3919 1697 3952; x_wconf 84' lang='lat' dir='ltr'>cesarea</span> 
     </span>
     <span class='ocr_line' id='line_1_46' title="bbox 499 3966 1697 4034; baseline 0.002 -18"><span class='ocrx_word' id='word_1_234' title='bbox 499 3966 715 4034; x_wconf 88' lang='lat' dir='ltr'>philippi</span> <span class='ocrx_word' id='word_1_235' title='bbox 759 3968 962 4018; x_wconf 86' lang='lat' dir='ltr'>tradunt</span> <span class='ocrx_word' id='word_1_236' title='bbox 1007 3967 1226 4030; x_wconf 87' lang='lat' dir='ltr'>hystorie</span> <span class='ocrx_word' id='word_1_237' title='bbox 1271 3983 1411 4034; x_wconf 87' lang='lat' dir='ltr'>reges</span> <span class='ocrx_word' id='word_1_238' title='bbox 1467 3983 1697 4018; x_wconf 85' lang='lat' dir='ltr'>romanos</span> 
     </span>
     <span class='ocr_line' id='line_1_47' title="bbox 500 4033 1695 4102; baseline 0.001 -19"><span class='ocrx_word' id='word_1_239' title='bbox 500 4035 674 4084; x_wconf 87' lang='lat' dir='ltr'>solitos</span> <span class='ocrx_word' id='word_1_240' title='bbox 697 4034 846 4083; x_wconf 85' lang='lat' dir='ltr'>fuisse</span> <span class='ocrx_word' id='word_1_241' title='bbox 869 4035 933 4084; x_wconf 81' lang='lat' dir='ltr'>ab</span> <span class='ocrx_word' id='word_1_242' title='bbox 951 4033 1184 4085; x_wconf 86' lang='lat' dir='ltr'>universo</span> <span class='ocrx_word' id='word_1_243' title='bbox 1207 4049 1360 4102; x_wconf 82' lang='lat' dir='ltr'>regno</span> <span class='ocrx_word' id='word_1_244' title='bbox 1385 4034 1569 4086; x_wconf 84' lang='lat' dir='ltr'>tributa</span> <span class='ocrx_word' id='word_1_245' title='bbox 1585 4051 1695 4100; x_wconf 86' lang='lat' dir='ltr'>per-</span> 
     </span>
     <span class='ocr_line' id='line_1_48' title="bbox 501 4099 1029 4165; baseline -0.004 -15"><span class='ocrx_word' id='word_1_246' title='bbox 501 4101 693 4165; x_wconf 88' lang='lat' dir='ltr'>cipere’</span> <span class='ocrx_word' id='word_1_247' title='bbox 720 4101 854 4152; x_wconf 82' lang='lat' dir='ltr'>add:</span> <span class='ocrx_word' id='word_1_248' title='bbox 891 4099 1029 4152; x_wconf 68' lang='lat' dir='ltr'>RN.</span> 
     </span>
     <span class='ocr_line' id='line_1_49' title="bbox 605 4167 1065 4218; baseline 0.002 -3"><span class='ocrx_word' id='word_1_249' title='bbox 605 4171 624 4198; x_wconf 87' lang='lat'><strong>⁴</strong></span> <span class='ocrx_word' id='word_1_250' title='bbox 664 4172 679 4195; x_wconf 82' lang='lat'>⁸</span> <span class='ocrx_word' id='word_1_251' title='bbox 695 4167 856 4216; x_wconf 77' lang='lat' dir='ltr'>Lectio</span> <span class='ocrx_word' id='word_1_252' title='bbox 877 4173 1065 4218; x_wconf 78' lang='lat' dir='ltr'>octava.</span> 
     </span>
     <span class='ocr_line' id='line_1_50' title="bbox 601 4231 1698 4310; baseline 0.004 -30"><span class='ocrx_word' id='word_1_253' title='bbox 601 4234 770 4297; x_wconf 83' lang='lat' dir='ltr'>ignum</span> <span class='ocrx_word' id='word_1_254' title='bbox 795 4247 913 4310; x_wconf 78' lang='lat' dir='ltr'>ergo</span> <span class='ocrx_word' id='word_1_255' title='bbox 937 4231 1026 4280; x_wconf 89' lang='lat' dir='ltr'>fuit</span> <span class='ocrx_word' id='word_1_256' title='bbox 1049 4239 1103 4280; x_wconf 90' lang='lat' dir='ltr'>ut</span> <span class='ocrx_word' id='word_1_257' title='bbox 1127 4231 1214 4281; x_wconf 89' lang='lat' dir='ltr'>ubi</span> <span class='ocrx_word' id='word_1_258' title='bbox 1238 4248 1324 4282; x_wconf 88' lang='lat' dir='ltr'>rex</span> <span class='ocrx_word' id='word_1_259' title='bbox 1345 4239 1568 4283; x_wconf 86' lang='lat' dir='ltr'>terrenus</span> <span class='ocrx_word' id='word_1_260' title='bbox 1585 4248 1698 4284; x_wconf 85' lang='lat' dir='ltr'>cen·</span> 
     </span>
     <span class='ocr_line' id='line_1_51' title="bbox 600 4297 1700 4363; baseline -0.001 -15"><span class='ocrx_word' id='word_1_261' title='bbox 600 4315 709 4348; x_wconf 88' lang='lat' dir='ltr'>sum</span> <span class='ocrx_word' id='word_1_262' title='bbox 755 4313 786 4346; x_wconf 89' lang='lat' dir='ltr'>a</span> <span class='ocrx_word' id='word_1_263' title='bbox 829 4298 923 4346; x_wconf 78' lang='lat' dir='ltr'>sibi</span> <span class='ocrx_word' id='word_1_264' title='bbox 968 4297 1201 4360; x_wconf 88' lang='lat' dir='ltr'>subjectis</span> <span class='ocrx_word' id='word_1_265' title='bbox 1239 4299 1468 4363; x_wconf 83' lang='lat' dir='ltr'>exigebat</span> <span class='ocrx_word' id='word_1_266' title='bbox 1507 4299 1579 4349; x_wconf 90' lang='lat' dir='ltr'>ibi</span> <span class='ocrx_word' id='word_1_267' title='bbox 1616 4315 1700 4348; x_wconf 82' lang='lat' dir='ltr'>rex</span> 
     </span>
     <span class='ocr_line' id='line_1_52' title="bbox 506 4363 1701 4432; baseline -0.001 -17"><span class='ocrx_word' id='word_1_268' title='bbox 506 4365 701 4415; x_wconf 88' lang='lat' dir='ltr'>celestis</span> <span class='ocrx_word' id='word_1_269' title='bbox 739 4381 770 4412; x_wconf 86' lang='lat' dir='ltr'>a</span> <span class='ocrx_word' id='word_1_270' title='bbox 807 4363 909 4412; x_wconf 88' lang='lat' dir='ltr'>suis</span> <span class='ocrx_word' id='word_1_271' title='bbox 941 4363 1152 4413; x_wconf 90' lang='lat' dir='ltr'>subditis</span> <span class='ocrx_word' id='word_1_272' title='bbox 1173 4379 1376 4416; x_wconf 87' lang='lat' dir='ltr'>censum</span> <span class='ocrx_word' id='word_1_273' title='bbox 1400 4365 1516 4415; x_wconf 85' lang='lat' dir='ltr'>fidei</span> <span class='ocrx_word' id='word_1_274' title='bbox 1539 4366 1701 4432; x_wconf 88' lang='lat' dir='ltr'>requi-</span> 
     </span>
     <span class='ocr_line' id='line_1_53' title="bbox 505 4429 1703 4493; baseline 0 -10"><span class='ocrx_word' id='word_1_275' title='bbox 505 4438 634 4484; x_wconf 85' lang='lat' dir='ltr'>reret</span> <span class='ocrx_word' id='word_1_276' title='bbox 655 4431 844 4480; x_wconf 86' lang='lat' dir='ltr'>dicens.</span> <span class='ocrx_word' id='word_1_277' title='bbox 917 4430 1080 4493; x_wconf 87' lang='lat' dir='ltr'>Quem</span> <span class='ocrx_word' id='word_1_278' title='bbox 1123 4429 1294 4481; x_wconf 87' lang='lat' dir='ltr'>dicunt</span> <span class='ocrx_word' id='word_1_279' title='bbox 1333 4431 1560 4482; x_wconf 89' lang='lat' dir='ltr'>homines</span> <span class='ocrx_word' id='word_1_280' title='bbox 1594 4447 1703 4483; x_wconf 88' lang='lat' dir='ltr'>esse</span> 
     </span>
    </p>
   </div>
   <div class='ocr_carea' id='block_1_6' title="bbox 2280 363 2433 418">
    <p class='ocr_par' dir='ltr' id='par_1_6' title="bbox 2280 363 2433 418">
     <span class='ocr_line' id='line_1_54' title="bbox 2280 363 2433 418; baseline -0.013 0"><span class='ocrx_word' id='word_1_281' title='bbox 2280 363 2433 418; x_wconf 68' lang='lat'>854</span> 
     </span>
    </p>
   </div>
   <div class='ocr_carea' id='block_1_7' title="bbox 1768 465 2979 1077">
    <p class='ocr_par' dir='ltr' id='par_1_7' title="bbox 1768 465 2979 1077">
     <span class='ocr_line' id='line_1_55' title="bbox 1770 465 2973 550; baseline -0.003 -16"><span class='ocrx_word' id='word_1_282' title='bbox 1770 467 2031 534; x_wconf 85' lang='lat' dir='ltr'>Christi.</span> <span class='ocrx_word' id='word_1_283' title='bbox 2108 477 2211 550; x_wconf 64' lang='lat' dir='ltr'>pf.</span> <span class='ocrx_word' id='word_1_284' title='bbox 2275 467 2609 531; x_wconf 88' lang='lat' dir='ltr'>Dominus</span> <span class='ocrx_word' id='word_1_285' title='bbox 2670 465 2973 549; x_wconf 79' lang='lat' dir='ltr'>regnavit</span> 
     </span>
     <span class='ocr_line' id='line_1_56' title="bbox 1768 554 2972 641; baseline -0.002 -21"><span class='ocrx_word' id='word_1_286' title='bbox 1768 557 2149 620; x_wconf 85' lang='lat' dir='ltr'>irascantur.</span> <span class='ocrx_word' id='word_1_287' title='bbox 2271 572 2318 641; x_wconf 65' lang='grc' dir='ltr'>γ</span> <span class='ocrx_word' id='word_1_288' title='bbox 2366 555 2583 618; x_wconf 90' lang='lat' dir='ltr'>Nimis</span> <span class='ocrx_word' id='word_1_289' title='bbox 2642 554 2972 618; x_wconf 63' lang='lat' dir='ltr'>honorati.</span> 
     </span>
     <span class='ocr_line' id='line_1_57' title="bbox 1780 643 2977 724; baseline -0.003 -17"><span class='ocrx_word' id='word_1_290' title='bbox 1780 645 1936 708; x_wconf 84' lang='lat' dir='ltr'>Tres</span> <span class='ocrx_word' id='word_1_291' title='bbox 1952 645 1977 682; x_wconf 81' lang='lat'>²</span> <span class='ocrx_word' id='word_1_292' title='bbox 1994 643 2516 707; x_wconf 82' lang='lat' dir='ltr'>ultimelectiones</span> <span class='ocrx_word' id='word_1_293' title='bbox 2536 644 2619 704; x_wconf 82' lang='lat' dir='ltr'>de</span> <span class='ocrx_word' id='word_1_294' title='bbox 2642 643 2977 724; x_wconf 70' lang='lat' dir='ltr'>expositio-</span> 
     </span>
     <span class='ocr_line' id='line_1_58' title="bbox 1770 731 2971 814; baseline -0.002 -17"><span class='ocrx_word' id='word_1_295' title='bbox 1770 753 1851 798; x_wconf 81' lang='lat' dir='ltr'>ne</span> <span class='ocrx_word' id='word_1_296' title='bbox 1874 733 2198 814; x_wconf 82' lang='lat' dir='ltr'>evangelii</span> <span class='ocrx_word' id='word_1_297' title='bbox 2218 731 2565 794; x_wconf 80' lang='lat' dir='ltr'>secundum</span> <span class='ocrx_word' id='word_1_298' title='bbox 2598 731 2971 794; x_wconf 70' lang='lat' dir='ltr'>Mathe-um.</span> 
     </span>
     <span class='ocr_line' id='line_1_59' title="bbox 1769 819 2975 902; baseline -0.003 -18"><span class='ocrx_word' id='word_1_299' title='bbox 1769 819 1975 884; x_wconf 89' lang='lat' dir='ltr'>Venit</span> <span class='ocrx_word' id='word_1_300' title='bbox 2032 822 2229 902; x_wconf 84' lang='lat' dir='ltr'>Jesus</span> <span class='ocrx_word' id='word_1_301' title='bbox 2286 820 2354 882; x_wconf 89' lang='lat' dir='ltr'>in</span> <span class='ocrx_word' id='word_1_302' title='bbox 2415 829 2640 900; x_wconf 89' lang='lat' dir='ltr'>partes</span> <span class='ocrx_word' id='word_1_303' title='bbox 2706 837 2975 882; x_wconf 85' lang='lat' dir='ltr'>cesaree</span> 
     </span>
     <span class='ocr_line' id='line_1_60' title="bbox 1770 905 2979 991; baseline -0.005 -19"><span class='ocrx_word' id='word_1_304' title='bbox 1770 907 2067 991; x_wconf 88' lang='lat' dir='ltr'>philippi.</span> <span class='ocrx_word' id='word_1_305' title='bbox 2168 907 2422 972; x_wconf 83' lang='lat' dir='ltr'>Omelia</span> <span class='ocrx_word' id='word_1_306' title='bbox 2465 917 2542 972; x_wconf 83' lang='lat' dir='ltr'>ut</span> <span class='ocrx_word' id='word_1_307' title='bbox 2568 907 2639 970; x_wconf 84' lang='lat' dir='ltr'>in</span> <span class='ocrx_word' id='word_1_308' title='bbox 2670 905 2979 968; x_wconf 79' lang='lat' dir='ltr'>cathedra</span> 
     </span>
     <span class='ocr_line' id='line_1_61' title="bbox 1768 993 2979 1077; baseline -0.002 -18"><span class='ocrx_word' id='word_1_309' title='bbox 1768 997 1979 1060; x_wconf 82' lang='lat' dir='ltr'>sancti</span> <span class='ocrx_word' id='word_1_310' title='bbox 2009 996 2232 1077; x_wconf 61' lang='lat' dir='ltr'>petri?</span> <span class='ocrx_word' id='word_1_311' title='bbox 2318 995 2437 1058; x_wconf 80' lang='lat' dir='ltr'>Re.</span> <span class='ocrx_word' id='word_1_312' title='bbox 2484 993 2709 1075; x_wconf 83' lang='lat' dir='ltr'>Quem</span> <span class='ocrx_word' id='word_1_313' title='bbox 2740 994 2979 1057; x_wconf 87' lang='lat' dir='ltr'>dicunt</span> 
     </span>
    </p>
   </div>
   <div class='ocr_carea' id='block_1_8' title="bbox 1771 1081 3062 1164">
    <p class='ocr_par' dir='ltr' id='par_1_8' title="bbox 1771 1081 3062 1164">
     <span class='ocr_line' id='line_1_62' title="bbox 1771 1081 3062 1164; baseline -0.003 -17"><span class='ocrx_word' id='word_1_314' title='bbox 1771 1084 2075 1148; x_wconf 88' lang='lat' dir='ltr'>homines</span> <span class='ocrx_word' id='word_1_315' title='bbox 2164 1102 2311 1146; x_wconf 85' lang='lat' dir='ltr'>esse</span> <span class='ocrx_word' id='word_1_316' title='bbox 2398 1081 2607 1144; x_wconf 89' lang='lat' dir='ltr'>filium</span> <span class='ocrx_word' id='word_1_317' title='bbox 2682 1081 2981 1144; x_wconf 87' lang='lat' dir='ltr'>hominis</span> <span class='ocrx_word' id='word_1_318' title='bbox 3060 1147 3062 1164; x_wconf 46' lang='grc' dir='ltr'>Ι</span> 
     </span>
    </p>
   </div>
   <div class='ocr_carea' id='block_1_9' title="bbox 1771 1169 2983 2837">
    <p class='ocr_par' dir='ltr' id='par_1_9' title="bbox 1771 1169 2983 2837">
     <span class='ocr_line' id='line_1_63' title="bbox 1772 1169 2981 1253; baseline -0.003 -17"><span class='ocrx_word' id='word_1_319' title='bbox 1772 1173 1949 1236; x_wconf 86' lang='lat' dir='ltr'>dixit</span> <span class='ocrx_word' id='word_1_320' title='bbox 1970 1172 2167 1253; x_wconf 87' lang='lat' dir='ltr'>Jesus</span> <span class='ocrx_word' id='word_1_321' title='bbox 2189 1171 2527 1252; x_wconf 86' lang='lat' dir='ltr'>discipulis</span> <span class='ocrx_word' id='word_1_322' title='bbox 2548 1169 2687 1232; x_wconf 88' lang='lat' dir='ltr'>suis</span> <span class='ocrx_word' id='word_1_323' title='bbox 2704 1189 2981 1251; x_wconf 65' lang='lat' dir='ltr'>roepon-</span> 
     </span>
     <span class='ocr_line' id='line_1_64' title="bbox 1771 1257 2982 1341; baseline -0.004 -18"><span class='ocrx_word' id='word_1_324' title='bbox 1771 1262 1939 1323; x_wconf 91' lang='lat' dir='ltr'>dens</span> <span class='ocrx_word' id='word_1_325' title='bbox 1967 1269 2193 1341; x_wconf 82' lang='lat' dir='ltr'>petrus</span> <span class='ocrx_word' id='word_1_326' title='bbox 2224 1259 2401 1321; x_wconf 85' lang='lat' dir='ltr'>dixit</span> <span class='ocrx_word' id='word_1_327' title='bbox 2431 1267 2509 1320; x_wconf 87' lang='lat' dir='ltr'>tu</span> <span class='ocrx_word' id='word_1_328' title='bbox 2552 1277 2627 1320; x_wconf 90' lang='lat' dir='ltr'>es</span> <span class='ocrx_word' id='word_1_329' title='bbox 2667 1257 2982 1322; x_wconf 85' lang='lat' dir='ltr'>Christus</span> 
     </span>
     <span class='ocr_line' id='line_1_65' title="bbox 1774 1345 2979 1426; baseline -0.003 -16"><span class='ocrx_word' id='word_1_330' title='bbox 1774 1347 1947 1410; x_wconf 86' lang='lat' dir='ltr'>filius</span> <span class='ocrx_word' id='word_1_331' title='bbox 1977 1347 2087 1410; x_wconf 91' lang='lat' dir='ltr'>dei</span> <span class='ocrx_word' id='word_1_332' title='bbox 2115 1346 2269 1410; x_wconf 90' lang='lat' dir='ltr'>vivi.</span> <span class='ocrx_word' id='word_1_333' title='bbox 2361 1345 2449 1408; x_wconf 92' lang='lat' dir='ltr'>Et</span> <span class='ocrx_word' id='word_1_334' title='bbox 2494 1365 2625 1426; x_wconf 88' lang='lat' dir='ltr'>ego</span> <span class='ocrx_word' id='word_1_335' title='bbox 2668 1345 2829 1408; x_wconf 88' lang='lat' dir='ltr'>dico</span> <span class='ocrx_word' id='word_1_336' title='bbox 2862 1345 2979 1407; x_wconf 85' lang='lat' dir='ltr'>tibi</span> 
     </span>
     <span class='ocr_line' id='line_1_66' title="bbox 1773 1431 2981 1518; baseline -0.002 -20"><span class='ocrx_word' id='word_1_337' title='bbox 1773 1437 1931 1518; x_wconf 89' lang='lat' dir='ltr'>quia</span> <span class='ocrx_word' id='word_1_338' title='bbox 1958 1444 2032 1498; x_wconf 91' lang='lat' dir='ltr'>tu</span> <span class='ocrx_word' id='word_1_339' title='bbox 2064 1455 2141 1497; x_wconf 88' lang='lat' dir='ltr'>es</span> <span class='ocrx_word' id='word_1_340' title='bbox 2168 1443 2399 1516; x_wconf 89' lang='lat' dir='ltr'>petrus</span> <span class='ocrx_word' id='word_1_341' title='bbox 2445 1443 2514 1496; x_wconf 90' lang='lat' dir='ltr'>et</span> <span class='ocrx_word' id='word_1_342' title='bbox 2560 1452 2765 1514; x_wconf 86' lang='lat' dir='ltr'>super</span> <span class='ocrx_word' id='word_1_343' title='bbox 2804 1431 2981 1496; x_wconf 86' lang='lat' dir='ltr'>hanc</span> 
     </span>
     <span class='ocr_line' id='line_1_67' title="bbox 1774 1520 2981 1606; baseline -0.004 -19"><span class='ocrx_word' id='word_1_344' title='bbox 1774 1532 2031 1606; x_wconf 85' lang='lat' dir='ltr'>petram</span> <span class='ocrx_word' id='word_1_345' title='bbox 2086 1521 2413 1586; x_wconf 89' lang='lat' dir='ltr'>edificabo</span> <span class='ocrx_word' id='word_1_346' title='bbox 2458 1520 2815 1584; x_wconf 86' lang='lat' dir='ltr'>ecclesiam</span> <span class='ocrx_word' id='word_1_347' title='bbox 2848 1541 2981 1583; x_wconf 89' lang='lat' dir='ltr'>me-</span> 
     </span>
     <span class='ocr_line' id='line_1_68' title="bbox 1774 1609 2981 1698; baseline -0.002 -24"><span class='ocrx_word' id='word_1_348' title='bbox 1774 1633 1903 1676; x_wconf 90' lang='lat' dir='ltr'>am.</span> <span class='ocrx_word' id='word_1_349' title='bbox 1950 1628 1995 1698; x_wconf 62' lang='lat' dir='ltr'>y</span> <span class='ocrx_word' id='word_1_350' title='bbox 2044 1611 2293 1674; x_wconf 84' lang='lat' dir='ltr'>Beatus</span> <span class='ocrx_word' id='word_1_351' title='bbox 2323 1629 2397 1672; x_wconf 87' lang='lat' dir='ltr'>es</span> <span class='ocrx_word' id='word_1_352' title='bbox 2424 1629 2665 1690; x_wconf 89' lang='lat' dir='ltr'>symon</span> <span class='ocrx_word' id='word_1_353' title='bbox 2698 1609 2981 1690; x_wconf 82' lang='lat' dir='ltr'>barjona</span> 
     </span>
     <span class='ocr_line' id='line_1_69' title="bbox 1774 1695 2983 1781; baseline -0.002 -19"><span class='ocrx_word' id='word_1_354' title='bbox 1774 1700 1932 1781; x_wconf 90' lang='lat' dir='ltr'>quia</span> <span class='ocrx_word' id='word_1_355' title='bbox 1974 1719 2131 1762; x_wconf 91' lang='lat' dir='ltr'>caro</span> <span class='ocrx_word' id='word_1_356' title='bbox 2160 1706 2231 1760; x_wconf 92' lang='lat' dir='ltr'>et</span> <span class='ocrx_word' id='word_1_357' title='bbox 2258 1698 2529 1779; x_wconf 88' lang='lat' dir='ltr'>sanguis</span> <span class='ocrx_word' id='word_1_358' title='bbox 2560 1717 2699 1760; x_wconf 86' lang='lat' dir='ltr'>non</span> <span class='ocrx_word' id='word_1_359' title='bbox 2730 1695 2983 1760; x_wconf 86' lang='lat' dir='ltr'>revela·</span> 
     </span>
     <span class='ocr_line' id='line_1_70' title="bbox 1773 1786 2983 1867; baseline -0.003 -16"><span class='ocrx_word' id='word_1_360' title='bbox 1773 1788 1871 1851; x_wconf 90' lang='lat' dir='ltr'>vit</span> <span class='ocrx_word' id='word_1_361' title='bbox 1898 1787 2021 1850; x_wconf 91' lang='lat' dir='ltr'>tibi</span> <span class='ocrx_word' id='word_1_362' title='bbox 2051 1807 2068 1850; x_wconf 73' lang='grc' dir='ltr'>ε</span> <span class='ocrx_word' id='word_1_363' title='bbox 2112 1786 2233 1848; x_wconf 90' lang='lat' dir='ltr'>sed</span> <span class='ocrx_word' id='word_1_364' title='bbox 2278 1794 2469 1867; x_wconf 85' lang='lat' dir='ltr'>pater</span> <span class='ocrx_word' id='word_1_365' title='bbox 2512 1805 2701 1848; x_wconf 89' lang='lat' dir='ltr'>meus</span> <span class='ocrx_word' id='word_1_366' title='bbox 2732 1786 2855 1866; x_wconf 88' lang='lat' dir='ltr'>qui</span> <span class='ocrx_word' id='word_1_367' title='bbox 2886 1793 2983 1847; x_wconf 64' lang='lat' dir='ltr'>est</span> 
     </span>
     <span class='ocr_line' id='line_1_71' title="bbox 1776 1873 2979 1954; baseline -0.003 -17"><span class='ocrx_word' id='word_1_368' title='bbox 1776 1876 1843 1938; x_wconf 91' lang='lat' dir='ltr'>in</span> <span class='ocrx_word' id='word_1_369' title='bbox 1898 1875 2073 1938; x_wconf 81' lang='lat' dir='ltr'>celiS.</span> <span class='ocrx_word' id='word_1_370' title='bbox 2170 1873 2259 1936; x_wconf 91' lang='lat' dir='ltr'>Et</span> <span class='ocrx_word' id='word_1_371' title='bbox 2308 1873 2478 1954; x_wconf 86' lang='lat' dir='ltr'>ego.⁴</span> <span class='ocrx_word' id='word_1_372' title='bbox 2570 1873 2687 1936; x_wconf 77' lang='lat' dir='ltr'>Re.</span> <span class='ocrx_word' id='word_1_373' title='bbox 2750 1873 2865 1934; x_wconf 90' lang='lat' dir='ltr'>Tu</span> <span class='ocrx_word' id='word_1_374' title='bbox 2910 1893 2979 1934; x_wconf 63' lang='lat' dir='ltr'>es</span> 
     </span>
     <span class='ocr_line' id='line_1_72' title="bbox 1776 1960 2981 2045; baseline -0.004 -19"><span class='ocrx_word' id='word_1_375' title='bbox 1776 1972 2007 2045; x_wconf 89' lang='lat' dir='ltr'>pastor</span> <span class='ocrx_word' id='word_1_376' title='bbox 2034 1964 2261 2024; x_wconf 90' lang='lat' dir='ltr'>ovium</span> <span class='ocrx_word' id='word_1_377' title='bbox 2304 1963 2611 2042; x_wconf 88' lang='lat' dir='ltr'>princeps</span> <span class='ocrx_word' id='word_1_378' title='bbox 2640 1960 2981 2041; x_wconf 85' lang='lat' dir='ltr'>apostolo-</span> 
     </span>
     <span class='ocr_line' id='line_1_73' title="bbox 1778 2049 2979 2114; baseline -0.003 0"><span class='ocrx_word' id='word_1_379' title='bbox 1778 2071 1925 2114; x_wconf 83' lang='lat' dir='ltr'>rum</span> <span class='ocrx_word' id='word_1_380' title='bbox 1992 2049 2114 2114; x_wconf 89' lang='lat' dir='ltr'>tibi</span> <span class='ocrx_word' id='word_1_381' title='bbox 2190 2049 2466 2113; x_wconf 86' lang='lat' dir='ltr'>tradidit</span> <span class='ocrx_word' id='word_1_382' title='bbox 2526 2049 2695 2110; x_wconf 91' lang='lat' dir='ltr'>deus</span> <span class='ocrx_word' id='word_1_383' title='bbox 2752 2049 2979 2110; x_wconf 84' lang='lat' dir='ltr'>omnia</span> 
     </span>
     <span class='ocr_line' id='line_1_74' title="bbox 1781 2137 2979 2220; baseline -0.005 -18"><span class='ocrx_word' id='word_1_384' title='bbox 1781 2159 1985 2220; x_wconf 88' lang='lat' dir='ltr'>regna</span> <span class='ocrx_word' id='word_1_385' title='bbox 2046 2137 2293 2200; x_wconf 88' lang='lat' dir='ltr'>mundi.</span> <span class='ocrx_word' id='word_1_386' title='bbox 2388 2137 2479 2200; x_wconf 86' lang='lat' dir='ltr'>Et</span> <span class='ocrx_word' id='word_1_387' title='bbox 2533 2137 2685 2198; x_wconf 89' lang='lat' dir='ltr'>ideo</span> <span class='ocrx_word' id='word_1_388' title='bbox 2738 2137 2979 2198; x_wconf 85' lang='lat' dir='ltr'>tradite</span> 
     </span>
     <span class='ocr_line' id='line_1_75' title="bbox 1776 2224 2979 2307; baseline -0.005 -16"><span class='ocrx_word' id='word_1_389' title='bbox 1776 2235 1933 2290; x_wconf 86' lang='lat' dir='ltr'>sunt</span> <span class='ocrx_word' id='word_1_390' title='bbox 1962 2226 2083 2290; x_wconf 89' lang='lat' dir='ltr'>tibi</span> <span class='ocrx_word' id='word_1_391' title='bbox 2104 2224 2327 2289; x_wconf 88' lang='lat' dir='ltr'>claves</span> <span class='ocrx_word' id='word_1_392' title='bbox 2346 2225 2529 2306; x_wconf 88' lang='lat' dir='ltr'>regni</span> <span class='ocrx_word' id='word_1_393' title='bbox 2562 2224 2873 2287; x_wconf 86' lang='lat' dir='ltr'>celorum.</span> <span class='ocrx_word' id='word_1_394' title='bbox 2932 2241 2979 2307; x_wconf 61' lang='grc' dir='ltr'><strong>γ</strong></span> 
     </span>
     <span class='ocr_line' id='line_1_76' title="bbox 1778 2311 2981 2378; baseline -0.004 0"><span class='ocrx_word' id='word_1_395' title='bbox 1778 2315 1933 2378; x_wconf 87' lang='lat' dir='ltr'>Tibi</span> <span class='ocrx_word' id='word_1_396' title='bbox 1964 2314 2143 2376; x_wconf 90' lang='lat' dir='ltr'>enim</span> <span class='ocrx_word' id='word_1_397' title='bbox 2198 2334 2238 2376; x_wconf 87' lang='lat' dir='ltr'>a</span> <span class='ocrx_word' id='word_1_398' title='bbox 2286 2313 2566 2376; x_wconf 88' lang='lat' dir='ltr'>domino</span> <span class='ocrx_word' id='word_1_399' title='bbox 2606 2311 2849 2374; x_wconf 86' lang='lat' dir='ltr'>collata</span> <span class='ocrx_word' id='word_1_400' title='bbox 2878 2321 2981 2374; x_wconf 88' lang='lat' dir='ltr'>est</span> 
     </span>
     <span class='ocr_line' id='line_1_77' title="bbox 1780 2399 2979 2486; baseline -0.004 -20"><span class='ocrx_word' id='word_1_401' title='bbox 1780 2411 2078 2486; x_wconf 86' lang='lat' dir='ltr'>potestas</span> <span class='ocrx_word' id='word_1_402' title='bbox 2109 2401 2361 2482; x_wconf 84' lang='lat' dir='ltr'>ligandi</span> <span class='ocrx_word' id='word_1_403' title='bbox 2412 2408 2618 2481; x_wconf 86' lang='lat' dir='ltr'>atque</span> <span class='ocrx_word' id='word_1_404' title='bbox 2662 2399 2979 2462; x_wconf 88' lang='lat' dir='ltr'>solvendi.</span> 
     </span>
     <span class='ocr_line' id='line_1_78' title="bbox 1784 2489 2977 2554; baseline -0.005 0"><span class='ocrx_word' id='word_1_405' title='bbox 1784 2491 1875 2554; x_wconf 91' lang='lat' dir='ltr'>Et</span> <span class='ocrx_word' id='word_1_406' title='bbox 1904 2490 2102 2554; x_wconf 74' lang='lat' dir='ltr'>ideo.⁵</span> <span class='ocrx_word' id='word_1_407' title='bbox 2164 2490 2281 2552; x_wconf 87' lang='lat' dir='ltr'>Re.</span> <span class='ocrx_word' id='word_1_408' title='bbox 2330 2489 2520 2552; x_wconf 85' lang='lat' dir='ltr'>Petre</span> <span class='ocrx_word' id='word_1_409' title='bbox 2547 2507 2739 2551; x_wconf 90' lang='lat' dir='ltr'>amas</span> <span class='ocrx_word' id='word_1_410' title='bbox 2767 2507 2879 2550; x_wconf 90' lang='lat' dir='ltr'>me</span> <span class='ocrx_word' id='word_1_411' title='bbox 2904 2497 2977 2549; x_wconf 88' lang='lat' dir='ltr'>tu</span> 
     </span>
     <span class='ocr_line' id='line_1_79' title="bbox 1779 2576 2981 2658; baseline -0.004 -16"><span class='ocrx_word' id='word_1_412' title='bbox 1779 2579 1907 2642; x_wconf 87' lang='lat' dir='ltr'>scis</span> <span class='ocrx_word' id='word_1_413' title='bbox 1938 2577 2213 2641; x_wconf 89' lang='lat' dir='ltr'>domine</span> <span class='ocrx_word' id='word_1_414' title='bbox 2239 2577 2399 2658; x_wconf 89' lang='lat' dir='ltr'>quia</span> <span class='ocrx_word' id='word_1_415' title='bbox 2425 2597 2591 2639; x_wconf 87' lang='lat' dir='ltr'>amo</span> <span class='ocrx_word' id='word_1_416' title='bbox 2612 2586 2700 2640; x_wconf 86' lang='lat' dir='ltr'>te.</span> <span class='ocrx_word' id='word_1_417' title='bbox 2780 2576 2981 2638; x_wconf 89' lang='lat' dir='ltr'>Pasce</span> 
     </span>
     <span class='ocr_line' id='line_1_80' title="bbox 1780 2663 2979 2750; baseline -0.003 -20"><span class='ocrx_word' id='word_1_418' title='bbox 1780 2688 1943 2730; x_wconf 87' lang='lat' dir='ltr'>oves</span> <span class='ocrx_word' id='word_1_419' title='bbox 1988 2686 2188 2730; x_wconf 71' lang='lat' dir='ltr'>meas</span> <span class='ocrx_word' id='word_1_420' title='bbox 2280 2681 2331 2750; x_wconf 61' lang='grc' dir='ltr'>γ</span> <span class='ocrx_word' id='word_1_421' title='bbox 2374 2665 2631 2746; x_wconf 85' lang='lat' dir='ltr'>Symon</span> <span class='ocrx_word' id='word_1_422' title='bbox 2672 2663 2979 2746; x_wconf 87' lang='lat' dir='ltr'>johannis</span> 
     </span>
     <span class='ocr_line' id='line_1_81' title="bbox 1788 2752 2983 2837; baseline -0.005 -18"><span class='ocrx_word' id='word_1_423' title='bbox 1788 2755 2011 2837; x_wconf 85' lang='lat' dir='ltr'>diligis</span> <span class='ocrx_word' id='word_1_424' title='bbox 2030 2773 2139 2816; x_wconf 90' lang='lat' dir='ltr'>me</span> <span class='ocrx_word' id='word_1_425' title='bbox 2158 2753 2307 2836; x_wconf 88' lang='lat' dir='ltr'>plus</span> <span class='ocrx_word' id='word_1_426' title='bbox 2326 2753 2453 2815; x_wconf 88' lang='lat' dir='ltr'>hiis</span> <span class='ocrx_word' id='word_1_427' title='bbox 2472 2762 2545 2816; x_wconf 88' lang='lat' dir='ltr'>tu</span> <span class='ocrx_word' id='word_1_428' title='bbox 2564 2752 2696 2816; x_wconf 87' lang='lat' dir='ltr'>scis</span> <span class='ocrx_word' id='word_1_429' title='bbox 2718 2752 2983 2816; x_wconf 87' lang='lat' dir='ltr'>domine</span> 
     </span>
    </p>
   </div>
   <div class='ocr_carea' id='block_1_10' title="bbox 1782 2913 2983 4496">
    <p class='ocr_par' dir='ltr' id='par_1_10' title="bbox 1782 2913 2983 4496">
     <span class='ocr_line' id='line_1_82' title="bbox 1782 2913 2979 2978; baseline -0.002 -14"><span class='ocrx_word' id='word_1_430' title='bbox 1782 2914 1939 2964; x_wconf 86' lang='lat' dir='ltr'>filium</span> <span class='ocrx_word' id='word_1_431' title='bbox 1962 2915 2181 2966; x_wconf 86' lang='lat' dir='ltr'>hominis</span> <span class='ocrx_word' id='word_1_432' title='bbox 2196 2918 2221 2966; x_wconf 77' lang='lat' dir='ltr'>&#39;s’</span> <span class='ocrx_word' id='word_1_433' title='bbox 2286 2915 2463 2978; x_wconf 87' lang='lat' dir='ltr'>Querit</span> <span class='ocrx_word' id='word_1_434' title='bbox 2503 2913 2743 2964; x_wconf 77' lang='lat' dir='ltr'>dominus</span> <span class='ocrx_word' id='word_1_435' title='bbox 2776 2913 2843 2963; x_wconf 81' lang='lat' dir='ltr'>de</span> <span class='ocrx_word' id='word_1_436' title='bbox 2878 2927 2979 2962; x_wconf 74' lang='lat' dir='ltr'>sen·</span> 
     </span>
     <span class='ocr_line' id='line_1_83' title="bbox 1782 2981 2975 3047; baseline -0.003 -17"><span class='ocrx_word' id='word_1_437' title='bbox 1782 2981 1947 3030; x_wconf 83' lang='lat' dir='ltr'>tencia</span> <span class='ocrx_word' id='word_1_438' title='bbox 1980 2983 2152 3046; x_wconf 85' lang='lat' dir='ltr'>vulgi:</span> <span class='ocrx_word' id='word_1_439' title='bbox 2186 2997 2290 3032; x_wconf 87' lang='lat' dir='ltr'>non</span> <span class='ocrx_word' id='word_1_440' title='bbox 2310 2982 2447 3047; x_wconf 89' lang='lat' dir='ltr'>quod</span> <span class='ocrx_word' id='word_1_441' title='bbox 2468 2983 2577 3046; x_wconf 86' lang='lat' dir='ltr'>ipse</span> <span class='ocrx_word' id='word_1_442' title='bbox 2600 2981 2853 3045; x_wconf 71' lang='lat' dir='ltr'>igno-aret</span> <span class='ocrx_word' id='word_1_443' title='bbox 2886 2995 2975 3043; x_wconf 82' lang='lat' dir='ltr'>qne</span> 
     </span>
     <span class='ocr_line' id='line_1_84' title="bbox 1784 3045 2982 3120; baseline -0.002 -24"><span class='ocrx_word' id='word_1_444' title='bbox 1784 3047 1849 3096; x_wconf 89' lang='lat' dir='ltr'>de</span> <span class='ocrx_word' id='word_1_445' title='bbox 1894 3063 1946 3096; x_wconf 89' lang='lat' dir='ltr'>se</span> <span class='ocrx_word' id='word_1_446' title='bbox 1992 3050 2170 3113; x_wconf 79' lang='lat' dir='ltr'>vulgus</span> <span class='ocrx_word' id='word_1_447' title='bbox 2215 3049 2420 3097; x_wconf 85' lang='lat' dir='ltr'>sentiret</span> <span class='ocrx_word' id='word_1_448' title='bbox 2446 3066 2460 3098; x_wconf 77' lang='lat' dir='ltr'><strong><em>z</em></strong></span> <span class='ocrx_word' id='word_1_449' title='bbox 2504 3047 2595 3096; x_wconf 86' lang='lat' dir='ltr'>sed</span> <span class='ocrx_word' id='word_1_450' title='bbox 2642 3055 2697 3096; x_wconf 89' lang='lat' dir='ltr'>ut</span> <span class='ocrx_word' id='word_1_451' title='bbox 2744 3045 2982 3120; x_wconf 53' lang='lat' dir='ltr'>confessi?</span> 
     </span>
     <span class='ocr_line' id='line_1_85' title="bbox 1782 3111 2981 3252; baseline -0.002 -24"><span class='ocrx_word' id='word_1_452' title='bbox 1782 3113 2843 3243; x_wconf 52' lang='lat' dir='ltr'>Zpffiiiiffiispssffiffixssssffifflii</span> <span class='ocrx_word' id='word_1_453' title='bbox 2862 3111 2981 3252; x_wconf 53' lang='grc' dir='ltr'>ἐξ</span> 
     </span>
     <span class='ocr_line' id='line_1_86' title="bbox 1785 3243 2981 3357; baseline -0.003 -63"><span class='ocrx_word' id='word_1_454' title='bbox 1785 3245 1926 3309; x_wconf 89' lang='lat' dir='ltr'>copis</span> <span class='ocrx_word' id='word_1_455' title='bbox 1964 3253 2014 3294; x_wconf 91' lang='lat' dir='ltr'>et</span> <span class='ocrx_word' id='word_1_456' title='bbox 2036 3245 2486 3322; x_wconf 34' lang='lat' dir='ltr'>‘prelatis-ecclesie</span> <span class='ocrx_word' id='word_1_457' title='bbox 2509 3253 2565 3294; x_wconf 90' lang='lat' dir='ltr'>ut</span> <span class='ocrx_word' id='word_1_458' title='bbox 2587 3244 2653 3292; x_wconf 87' lang='lat' dir='ltr'>ad</span> <span class='ocrx_word' id='word_1_459' title='bbox 2688 3243 2794 3292; x_wconf 86' lang='lat' dir='ltr'>suis</span> <span class='ocrx_word' id='word_1_460' title='bbox 2826 3258 2981 3357; x_wconf 58' lang='lat' dir='ltr'>rfqm]</span> 
     </span>
     <span class='ocr_line' id='line_1_87' title="bbox 1786 3310 2949 3427; baseline -0.003 -1"><span class='ocrx_word' id='word_1_461' title='bbox 1786 3318 1896 3426; x_wconf 61' lang='lat'>:1¹25</span> <span class='ocrx_word' id='word_1_462' title='bbox 1963 3327 2109 3427; x_wconf 51' lang='lat'>&amp;135</span> <span class='ocrx_word' id='word_1_463' title='bbox 2130 3325 2383 3377; x_wconf 76' lang='lat'>⁰¹³¹¹¹¹⁰¹¹¹⁵</span> <span class='ocrx_word' id='word_1_464' title='bbox 2404 3317 2503 3360; x_wconf 68' lang='lat'>⁵¹³¹</span> <span class='ocrx_word' id='word_1_465' title='bbox 2537 3310 2949 3425; x_wconf 44' lang='lat' dir='ltr'>qpffipcgguigm</span> 
     </span>
     <span class='ocr_line' id='line_1_88' title="bbox 1792 3441 2981 3527; baseline -0.003 -37"><span class='ocrx_word' id='word_1_466' title='bbox 1792 3445 1965 3527; x_wconf 80' lang='lat' dir='ltr'>Cum</span> <span class='ocrx_word' id='word_1_467' title='bbox 2012 3442 2245 3492; x_wconf 86' lang='lat' dir='ltr'>dominus</span> <span class='ocrx_word' id='word_1_468' title='bbox 2305 3441 2661 3505; x_wconf 86' lang='lat' dir='ltr'>interrogasset</span> <span class='ocrx_word' id='word_1_469' title='bbox 2716 3441 2981 3504; x_wconf 74' lang='lat' dir='ltr'>discipulos</span> 
     </span>
     <span class='ocr_line' id='line_1_89' title="bbox 1885 3505 2981 3574; baseline -0.002 -18"><span class='ocrx_word' id='word_1_470' title='bbox 1885 3524 2032 3574; x_wconf 90' lang='lat' dir='ltr'>quem</span> <span class='ocrx_word' id='word_1_471' title='bbox 2057 3524 2171 3558; x_wconf 91' lang='lat' dir='ltr'>eum</span> <span class='ocrx_word' id='word_1_472' title='bbox 2196 3508 2417 3557; x_wconf 88' lang='lat' dir='ltr'>dicerent</span> <span class='ocrx_word' id='word_1_473' title='bbox 2437 3523 2545 3556; x_wconf 88' lang='lat' dir='ltr'>esse</span> <span class='ocrx_word' id='word_1_474' title='bbox 2566 3507 2803 3556; x_wconf 86' lang='lat' dir='ltr'>homines</span> <span class='ocrx_word' id='word_1_475' title='bbox 2824 3515 2875 3555; x_wconf 87' lang='lat' dir='ltr'>et</span> <span class='ocrx_word' id='word_1_476' title='bbox 2898 3505 2981 3554; x_wconf 81' lang='lat' dir='ltr'>illis</span> 
     </span>
     <span class='ocr_line' id='line_1_90' title="bbox 1790 3573 2980 3638; baseline -0.005 -14"><span class='ocrx_word' id='word_1_477' title='bbox 1790 3575 2009 3624; x_wconf 83' lang='lat' dir='ltr'>diversas</span> <span class='ocrx_word' id='word_1_478' title='bbox 2031 3575 2337 3623; x_wconf 85' lang='lat' dir='ltr'>diversorum</span> <span class='ocrx_word' id='word_1_479' title='bbox 2352 3573 2617 3638; x_wconf 87' lang='lat' dir='ltr'>opiniones</span> <span class='ocrx_word' id='word_1_480' title='bbox 2632 3573 2980 3638; x_wconf 80' lang='lat' dir='ltr'>prompsissent</span> 
     </span>
     <span class='ocr_line' id='line_1_91' title="bbox 1792 3637 2981 3703; baseline -0.003 -15"><span class='ocrx_word' id='word_1_481' title='bbox 1792 3640 1915 3692; x_wconf 89' lang='lat' dir='ltr'>dicit</span> <span class='ocrx_word' id='word_1_482' title='bbox 1941 3640 2054 3690; x_wconf 80' lang='lat' dir='ltr'>illis.</span> <span class='ocrx_word' id='word_1_483' title='bbox 2129 3639 2235 3689; x_wconf 88' lang='lat' dir='ltr'>Vos</span> <span class='ocrx_word' id='word_1_484' title='bbox 2270 3647 2437 3689; x_wconf 88' lang='lat' dir='ltr'>autem</span> <span class='ocrx_word' id='word_1_485' title='bbox 2461 3655 2615 3703; x_wconf 89' lang='lat' dir='ltr'>quem</span> <span class='ocrx_word' id='word_1_486' title='bbox 2637 3655 2723 3688; x_wconf 88' lang='lat' dir='ltr'>me</span> <span class='ocrx_word' id='word_1_487' title='bbox 2744 3655 2855 3688; x_wconf 59' lang='lat' dir='ltr'>csse</span> <span class='ocrx_word' id='word_1_488' title='bbox 2876 3637 2981 3686; x_wconf 81' lang='lat' dir='ltr'>dici·</span> 
     </span>
     <span class='ocr_line' id='line_1_92' title="bbox 1794 3703 2976 3770; baseline -0.004 -15"><span class='ocrx_word' id='word_1_489' title='bbox 1794 3706 1893 3755; x_wconf 88' lang='lat' dir='ltr'>tis:</span> <span class='ocrx_word' id='word_1_490' title='bbox 1928 3706 2257 3770; x_wconf 87' lang='lat' dir='ltr'>Respondens</span> <span class='ocrx_word' id='word_1_491' title='bbox 2278 3721 2457 3768; x_wconf 84' lang='lat' dir='ltr'>symon</span> <span class='ocrx_word' id='word_1_492' title='bbox 2490 3715 2663 3770; x_wconf 87' lang='lat' dir='ltr'>petrus</span> <span class='ocrx_word' id='word_1_493' title='bbox 2696 3705 2844 3754; x_wconf 83' lang='lat' dir='ltr'>dixit.</span> <span class='ocrx_word' id='word_1_494' title='bbox 2912 3703 2976 3751; x_wconf 77' lang='lat' dir='ltr'>Tu</span> 
     </span>
     <span class='ocr_line' id='line_1_93' title="bbox 1794 3771 2980 3836; baseline -0.008 -12"><span class='ocrx_word' id='word_1_495' title='bbox 1794 3787 1847 3824; x_wconf 84' lang='lat' dir='ltr'>es</span> <span class='ocrx_word' id='word_1_496' title='bbox 1872 3771 2063 3834; x_wconf 89' lang='lat' dir='ltr'>[Verba</span> <span class='ocrx_word' id='word_1_497' title='bbox 2084 3787 2115 3819; x_wconf 91' lang='lat' dir='ltr'>a</span> <span class='ocrx_word' id='word_1_498' title='bbox 2144 3771 2253 3820; x_wconf 87' lang='lat' dir='ltr'>‘Tu</span> <span class='ocrx_word' id='word_1_499' title='bbox 2277 3771 2356 3821; x_wconf 54' lang='grc' dir='ltr'>δ’</span> <span class='ocrx_word' id='word_1_500' title='bbox 2382 3786 2540 3836; x_wconf 88' lang='lat' dir='ltr'>usque</span> <span class='ocrx_word' id='word_1_501' title='bbox 2562 3772 2629 3819; x_wconf 81' lang='lat' dir='ltr'>ad</span> <span class='ocrx_word' id='word_1_502' title='bbox 2654 3777 2667 3800; x_wconf 76' lang='lat'>⁸</span> <span class='ocrx_word' id='word_1_503' title='bbox 2684 3771 2813 3819; x_wconf 86' lang='lat' dir='ltr'>dixit</span> <span class='ocrx_word' id='word_1_504' title='bbox 2830 3771 2844 3792; x_wconf 90' lang='lat'>&#39;</span> <span class='ocrx_word' id='word_1_505' title='bbox 2868 3785 2980 3817; x_wconf 63' lang='grc' dir='ltr'>σιω</span> 
     </span>
     <span class='ocr_line' id='line_1_94' title="bbox 1798 3836 2981 3900; baseline -0.004 -13"><span class='ocrx_word' id='word_1_506' title='bbox 1798 3838 1889 3899; x_wconf 91' lang='lat' dir='ltr'>R.]</span> <span class='ocrx_word' id='word_1_507' title='bbox 1922 3837 2149 3887; x_wconf 84' lang='lat' dir='ltr'>Christus</span> <span class='ocrx_word' id='word_1_508' title='bbox 2172 3836 2303 3886; x_wconf 86' lang='lat' dir='ltr'>filius</span> <span class='ocrx_word' id='word_1_509' title='bbox 2322 3837 2403 3886; x_wconf 91' lang='lat' dir='ltr'>dei</span> <span class='ocrx_word' id='word_1_510' title='bbox 2430 3837 2893 3900; x_wconf 77' lang='lat' dir='ltr'>vivi,Respondens</span> <span class='ocrx_word' id='word_1_511' title='bbox 2910 3849 2981 3882; x_wconf 81' lang='lat' dir='ltr'>an·</span> 
     </span>
     <span class='ocr_line' id='line_1_95' title="bbox 1796 3901 2980 3967; baseline -0.004 -14"><span class='ocrx_word' id='word_1_512' title='bbox 1796 3911 1897 3953; x_wconf 89' lang='lat' dir='ltr'>tem</span> <span class='ocrx_word' id='word_1_513' title='bbox 1920 3903 2064 3967; x_wconf 87' lang='lat' dir='ltr'>Jesus</span> <span class='ocrx_word' id='word_1_514' title='bbox 2096 3901 2221 3953; x_wconf 83' lang='lat' dir='ltr'>dixit</span> <span class='ocrx_word' id='word_1_515' title='bbox 2260 3903 2443 3952; x_wconf 85' lang='lat' dir='ltr'>Beatus</span> <span class='ocrx_word' id='word_1_516' title='bbox 2474 3919 2529 3952; x_wconf 89' lang='lat' dir='ltr'>es</span> <span class='ocrx_word' id='word_1_517' title='bbox 2568 3918 2751 3966; x_wconf 86' lang='lat' dir='ltr'>symon</span> <span class='ocrx_word' id='word_1_518' title='bbox 2792 3901 2980 3964; x_wconf 75' lang='lat' dir='ltr'>bnxjom</span> 
     </span>
     <span class='ocr_line' id='line_1_96' title="bbox 1795 3963 2981 4047; baseline -0.003 -29"><span class='ocrx_word' id='word_1_519' title='bbox 1795 3969 1915 4035; x_wconf 84' lang='lat' dir='ltr'>quia</span> <span class='ocrx_word' id='word_1_520' title='bbox 1942 3985 2058 4019; x_wconf 85' lang='lat' dir='ltr'>caro</span> <span class='ocrx_word' id='word_1_521' title='bbox 2093 3976 2143 4018; x_wconf 90' lang='lat' dir='ltr'>et</span> <span class='ocrx_word' id='word_1_522' title='bbox 2182 3967 2505 4047; x_wconf 41' lang='lat' dir='ltr'>sanguis-non</span> <span class='ocrx_word' id='word_1_523' title='bbox 2529 3969 2777 4047; x_wconf 52' lang='lat' dir='ltr'>revelavit</span> <span class='ocrx_word' id='word_1_524' title='bbox 2798 3969 2891 4016; x_wconf 83' lang='lat' dir='ltr'>tibi</span> <span class='ocrx_word' id='word_1_525' title='bbox 2909 3963 2981 4014; x_wconf 65' lang='lat' dir='ltr'>oed</span> 
     </span>
     <span class='ocr_line' id='line_1_97' title="bbox 1796 4032 2981 4152; baseline -0.003 -3"><span class='ocrx_word' id='word_1_526' title='bbox 1796 4042 2284 4152; x_wconf 54' lang='lat' dir='ltr'>{gfszffiiffl</span> <span class='ocrx_word' id='word_1_527' title='bbox 2308 4032 2981 4150; x_wconf 46' lang='lat' dir='ltr'>⁶⁶1ss¹1⁵1132²21232f³⁰35ffi</span> 
     </span>
     <span class='ocr_line' id='line_1_98' title="bbox 1800 4167 2981 4244; baseline -0.002 -26"><span class='ocrx_word' id='word_1_528' title='bbox 1800 4175 1933 4218; x_wconf 85' lang='lat' dir='ltr'>recte</span> <span class='ocrx_word' id='word_1_529' title='bbox 1974 4174 2179 4217; x_wconf 82' lang='lat' dir='ltr'>vocatur</span> <span class='ocrx_word' id='word_1_530' title='bbox 2214 4175 2383 4244; x_wconf 85' lang='lat' dir='ltr'>petrus</span> <span class='ocrx_word' id='word_1_531' title='bbox 2412 4167 2713 4230; x_wconf 83' lang='lat' dir='ltr'>apostolus:</span> <span class='ocrx_word' id='word_1_532' title='bbox 2750 4167 2868 4231; x_wconf 82' lang='lat' dir='ltr'>quia</span> <span class='ocrx_word' id='word_1_533' title='bbox 2888 4177 2981 4228; x_wconf 79' lang='lat' dir='ltr'>pm-</span> 
     </span>
     <span class='ocr_line' id='line_1_99' title="bbox 1800 4232 2977 4297; baseline -0.001 -15"><span class='ocrx_word' id='word_1_534' title='bbox 1800 4233 1940 4282; x_wconf 89' lang='lat' dir='ltr'>denti</span> <span class='ocrx_word' id='word_1_535' title='bbox 1980 4247 2041 4282; x_wconf 88' lang='lat' dir='ltr'>ac</span> <span class='ocrx_word' id='word_1_536' title='bbox 2076 4232 2161 4297; x_wconf 88' lang='lat' dir='ltr'>pia</span> <span class='ocrx_word' id='word_1_537' title='bbox 2196 4232 2514 4296; x_wconf 75' lang='lat' dir='ltr'>Simplicitate</span> <span class='ocrx_word' id='word_1_538' title='bbox 2537 4232 2809 4282; x_wconf 85' lang='lat' dir='ltr'>dominum</span> <span class='ocrx_word' id='word_1_539' title='bbox 2832 4243 2977 4294; x_wconf 78' lang='lat' dir='ltr'>seque-</span> 
     </span>
     <span class='ocr_line' id='line_1_100' title="bbox 1799 4297 2983 4359; baseline -0.002 -11"><span class='ocrx_word' id='word_1_540' title='bbox 1799 4299 1945 4348; x_wconf 79' lang='lat' dir='ltr'>batur</span> <span class='ocrx_word' id='word_1_541' title='bbox 1966 4316 1980 4347; x_wconf 71' lang='grc' dir='ltr'><strong><em>ε</em></strong></span> <span class='ocrx_word' id='word_1_542' title='bbox 2003 4299 2235 4347; x_wconf 87' lang='lat' dir='ltr'>dominus</span> <span class='ocrx_word' id='word_1_543' title='bbox 2251 4297 2384 4347; x_wconf 87' lang='lat' dir='ltr'>enim</span> <span class='ocrx_word' id='word_1_544' title='bbox 2400 4297 2635 4348; x_wconf 82' lang='lat' dir='ltr'>Christus</span> <span class='ocrx_word' id='word_1_545' title='bbox 2658 4298 2796 4348; x_wconf 84' lang='lat' dir='ltr'>filius</span> <span class='ocrx_word' id='word_1_546' title='bbox 2816 4298 2893 4346; x_wconf 89' lang='lat' dir='ltr'>dei</span> <span class='ocrx_word' id='word_1_547' title='bbox 2913 4309 2983 4359; x_wconf 77' lang='lat' dir='ltr'>per</span> 
     </span>
     <span class='ocr_line' id='line_1_101' title="bbox 1801 4361 2981 4428; baseline -0.003 -14"><span class='ocrx_word' id='word_1_548' title='bbox 1801 4372 2029 4414; x_wconf 81' lang='lat' dir='ltr'>naturam</span> <span class='ocrx_word' id='word_1_549' title='bbox 2048 4383 2060 4414; x_wconf 90' lang='lat'>:</span> <span class='ocrx_word' id='word_1_550' title='bbox 2084 4370 2253 4428; x_wconf 87' lang='lat' dir='ltr'>petrus</span> <span class='ocrx_word' id='word_1_551' title='bbox 2270 4379 2387 4412; x_wconf 85' lang='lat' dir='ltr'>vero</span> <span class='ocrx_word' id='word_1_552' title='bbox 2402 4364 2529 4413; x_wconf 91' lang='lat' dir='ltr'>sicut</span> <span class='ocrx_word' id='word_1_553' title='bbox 2545 4365 2703 4414; x_wconf 89' lang='lat' dir='ltr'>ceteri</span> <span class='ocrx_word' id='word_1_554' title='bbox 2715 4365 2865 4415; x_wconf 85' lang='lat' dir='ltr'>electi</span> <span class='ocrx_word' id='word_1_555' title='bbox 2878 4361 2981 4410; x_wconf 71' lang='lat' dir='ltr'>filius</span> 
     </span>
     <span class='ocr_line' id='line_1_102' title="bbox 1801 4427 2957 4496; baseline -0.003 -16"><span class='ocrx_word' id='word_1_556' title='bbox 1801 4439 1851 4480; x_wconf 90' lang='lat' dir='ltr'>et</span> <span class='ocrx_word' id='word_1_557' title='bbox 1874 4429 2237 4496; x_wconf 85' lang='lat' dir='ltr'>spiritussancti</span> <span class='ocrx_word' id='word_1_558' title='bbox 2259 4445 2349 4496; x_wconf 89' lang='lat' dir='ltr'>per</span> <span class='ocrx_word' id='word_1_559' title='bbox 2370 4429 2583 4496; x_wconf 83' lang='lat' dir='ltr'>gratiam</span> <span class='ocrx_word' id='word_1_560' title='bbox 2611 4431 2626 4454; x_wconf 89' lang='lat'>’</span> <span class='ocrx_word' id='word_1_561' title='bbox 2650 4431 2757 4482; x_wconf 86' lang='lat' dir='ltr'>add</span> <span class='ocrx_word' id='word_1_562' title='bbox 2784 4449 2798 4480; x_wconf 68' lang='grc' dir='ltr'><em>ε</em></span> <span class='ocrx_word' id='word_1_563' title='bbox 2834 4427 2957 4480; x_wconf 71' lang='lat' dir='ltr'>RN.</span> 
     </span>
    </p>
   </div>
  </div>
 </body>
</html>
