3117 4959
625 249 886 307 JNFRA
945 251 1158 309 OCTA
1173 251 1357 306 VAM
1393 253 2035 312 APOSTOLORUM.

619 358 748 414 871

149 468 218 533 de
235 463 502 548 apostolis
523 464 868 546 antiphone
896 464 1161 546 proprie
1207 464 1290 529 de

148 554 410 620 laudibus
436 552 634 635 ipsius
674 552 890 616 sancti
926 573 1071 616 cum
1115 553 1284 634 capi-

145 643 270 707 tulo.
337 641 449 704 Per
501 660 737 704 manus
809 640 1280 722 apostolorum.

141 730 381 811 hymnus
409 727 684 792 Exultet
713 726 949 792 celum.
1002 727 1278 794 condid

144 817 302 898 infra
368 825 648 878 octavam
709 815 1138 896 apostolorum
1201 815 1283 878 de

140 903 400 986 apostolis·
406 903 500 985 fit
513 903 856 966 servitium
862 913 1278 985 preterquam

138 992 198 1056 in
220 990 529 1054 domim‘ca.

205 1079 316 1142 Ad
374 1077 728 1140 matutinas
784 1077 1275 1140 Invitatorium.

137 1167 356 1248 Regem
377 1163 838 1248 apostolorum.
882 1174 984 1245 pf.
1015 1166 1276 1230 Venite.

132 1254 414 1332 Hymnus.
487 1252 736 1316 Eterna
769 1251 1012 1316 Christi
1044 1272 1275 1316 mune-

131 1361 206 1404 ra.
279 1340 356 1404 In
381 1350 680 1404 nocturno
696 1347 816 1404 an.
894 1341 973 1404 In
1004 1359 1274 1404 omnem

133 1437 352 1492 ten-am.
421 1437 520 1509 pf.
601 1428 746 1492 Celi
810 1436 1140 1491 enarrant.
1214 1437 1279 1490 et

129 1516 288 1579 ceteri
299 1511 540 1597 psalmi
565 1515 646 1579 de
671 1517 1000 1578 communi
1031 1525 1274 1597 aposto-

127 1603 304 1666 lorum
371 1603 486 1667 sub
557 1603 684 1666 hac
750 1603 1120 1684 antiphona.
1226 1621 1274 1688 γ

127 1691 478 1756 Constitues.

127 1783 181 1856 01
219 1779 428 1842 Sermo
485 1777 658 1842 beati
709 1777 1056 1860 augustini
1115 1777 1275 1860 epis-

123 1867 244 1946 copi.
802 1865 1014 1929 Lectio
1025 1867 1275 1946 prima.

121 1953 554 2084 Audiamus
612 1952 844 2017 fratres
904 1953 1232 2016 karissimi
1251 1954 1278 1992 ²

255 2042 418 2104 hunc
462 2043 864 2125 piscatorem
911 2041 1274 2123 principem

121 2129 378 2193 omnium
409 2129 880 2212 apostolorum.
935 2130 1050 2210 qui
1095 2128 1273 2191 fideli

121 2235 396 2298 responso
469 2219 715 2280 meruit
805 2217 1056 2298 janitor
1130 2235 1275 2280 esse

119 2305 272 2384 regni
300 2306 606 2380 celorum.
708 2304 992 2386 Accepit
1025 2303 1274 2386 ligandi

121 2391 506 2474 solvendique
585 2401 990 2474 potestatem
1027 2413 1042 2455 ε
1117 2392 1278 2473 quia

123 2477 330 2544 invenit
360 2480 684 2546 letantem
701 2481 728 2518 ⁸
755 2480 1010 2543 domini
1036 2479 1278 2560 majes—

123 2573 311 2632 tatem.
397 2569 478 2631 In
525 2588 814 2650 persona
856 2566 1145 2630 hominis
1177 2568 1272 2630 in—

119 2661 368 2736 terrogat
397 2657 715 2719 dominus
737 2655 932 2736 Jesus
973 2653 1274 2720 Christus

121 2741 433 2825 discipulos
493 2763 668 2830 suos,
716 2744 958 2806 dicens,
1050 2741 1272 2825 Quem

121 2827 310 2894 dicunt
353 2830 664 2894 homines
718 2850 864 2894 esse
909 2829 1120 2894 filium
1155 2829 1272 2893 ho-

122 2916 325 2981 minis?
409 2919 512 2983 At
581 2919 690 2982 ille
741 2919 965 2981 divino
1025 2917 1273 3000 ignitus

120 3005 310 3084 spiritu
338 3006 702 3089 respondit.
796 3006 900 3069 Tu
941 3027 1014 3070 es
1059 3005 1272 3088 inquit

121 3089 376 3158 Christus
406 3095 588 3158 filius
633 3093 742 3157 dei
781 3095 929 3157 vivi.
1020 3093 1148 3174 Cui
1178 3095 1275 3156 ait

117 3177 396 3246 dominus.
463 3183 720 3246 Beatus
749 3203 822 3245 es
851 3201 1092 3263 symon
1125 3180 1273 3244 bar-

114 3262 277 3344 jona:
318 3271 472 3352 quia
502 3290 663 3333 caro
713 3278 780 3332 et
834 3270 1102 3350 sanguis
1135 3289 1270 3331 non

117 3355 388 3422 revelavit
418 3357 562 3421 tibi.
586 3357 704 3420 sed
725 3368 916 3439 pater
945 3377 1132 3419 meus
1158 3357 1270 3437 qui

117 3451 197 3504 est
216 3444 272 3506 in
294 3446 488 3509 celis.⁴
540 3449 609 3522 π
630 3445 1127 3526 Responsorium
1144 3445 1169 3482 ⁵
1197 3445 1278 3506 de

113 3533 398 3596 communi
453 3533 885 3614 apostolorum
933 3532 1012 3595 de
1044 3533 1272 3614 prima

115 3617 272 3681 turba
297 3631 356 3683 et
384 3621 451 3702 ij.
473 3630 542 3683 et
571 3621 668 3703 iij.
687 3620 1045 3684 ordinatim
1079 3619 1275 3682 itera-

115 3706 240 3768 tur.⁶
261 3709 374 3770 sed
397 3709 890 3789 responsorium.
951 3707 1086 3789 Qui
1118 3713 1274 3770 sunt

115 3790 214 3856 isti.
251 3806 416 3859 sexto
445 3799 577 3859 loco
605 3796 869 3858 dicatur
895 3805 958 3858 et
985 3806 1138 3858 tunc
1178 3815 1275 3857 re-

113 3884 492 3958 sponsorium.
530 3885 654 3948 Isti
677 3885 992 3946 viventes,
1016 3882 1279 3945 dikatur

111 3970 332 4046 septimo
361 3973 507 4035 loco.
580 3971 1078 4052 Responsorium
1111 3990 1273 4034 vero·

117 4053 276 4120 Cives
297 4059 774 4141 apostolorum.
825 4059 893 4121 in
924 4068 1149 4121 octava
1170 4058 1278 4121 die

1893 363 2045 420 872

1499 465 1949 532 nean-nationis
2008 466 2375 532 misterium
2420 485 2439 534 τ
2512 473 2586 534 et

1497 563 1639 618 tam
1671 555 1981 637 profundi
2024 555 2447 620 altitudinem
2476 576 2583 618 sa-

1387 643 1709 705 cramenti
1729 642 2061 709 humanus
2078 663 2311 707 sensus
2342 652 2411 707 et
2440 662 2580 707 car-

1385 730 1488 792 nis
1519 730 1848 813 sapientia
1878 751 2010 794 non
2042 739 2265 814 potest
2294 732 2532 794 intueri
2561 749 2577 792 ε

1385 816 1510 879 nisi
1542 837 1583 879 a
1614 817 1888 881 domino
1941 818 2139 882 fuerit
2192 818 2574 882 revelatum.

1387 903 1735 968 Revelavit
1784 906 2139 969 'dominus
2236 905 2575 988 discipulis

1377 991 1514 1054 suis
1545 992 1903 1056 ineffabilia
1934 994 2088 1056 fidei
2120 1003 2573 1057 sacramenta:

1379 1088 1448 1142 et
1467 1081 1914 1144 manifestavit
1932 1082 2026 1144 eis
2045 1082 2317 1144 odorem
2332 1080 2575 1143 noticie

1375 1187 1510 1230 sue.
1545 1166 2003 1232 Manifestavit
2033 1189 2105 1232 se
2136 1168 2573 1250 piscatoribus

1376 1253 1733 1318 dominus:
1780 1265 1855 1318 ut
1903 1256 2240 1320 universus
2286 1255 2575 1318 mundus

1375 1343 1703 1424 evangelii
1724 1342 1970 1407 retibus
1988 1353 2347 1426 caperetur.
2398 1343 2573 1406 Ecce

1377 1429 1627 1511 ubique
1658 1429 1904 1494 docent
1947 1428 2351 1514 piscatores⁷
2398 1431 2576 1510 sapi-

1377 1516 1651 1580 entiam.
1699 1526 1769 1581 et
1799 1527 2021 1582 errant
2050 1517 2471 1600 grammatici
2502 1527 2573 1580 et
2648 1541 2651 1546 ·

1377 1615 1673 1669 oratores
1764 1615 2118 1686 sequentes
2192 1603 2570 1668 stulticiam.

1376 1694 1475 1823 l
1489 1711 1532 1755 n
1566 1691 1989 1775 simplicitate
2028 1693 2249 1757 cordis
2280 1692 2443 1776 [Lec.
2474 1692 2573 1774 iii.

1488 1780 1833 1843 dominum
1910 1800 2265 1862 queramus
2338 1780 2573 1843 fratres

1378 1866 1787 1931 charissimi:
1862 1879 1929 1931 et
2004 1867 2147 1948 ejus
2207 1867 2569 1932 adventum

1376 1961 1703 2036 tanquam
1728 1956 2027 2037 quotidie
2048 1963 2399 2018 venturum
2427 1975 2571 2018 esse

1377 2043 1769 2106 credamus:
1812 2052 1890 2107 ut
1916 2043 2194 2107 correcti
2224 2063 2265 2106 a
2292 2043 2472 2105 vitiis
2500 2051 2570 2105 et

1374 2150 1619 2202 vanam
1652 2130 1855 2194 seculi
1886 2151 2075 2213 spem
2123 2129 2570 2213 relinquentes

1377 2219 1462 2281 ad
1515 2217 1810 2300 palmam
1858 2239 2143 2300 superne
2200 2218 2571 2282 vocationis

1374 2305 1705 2387 attingere
1766 2326 2151 2370 mereamur.
2254 2304 2569 2369 Natalem

1373 2413 1536 2474 ergo
1656 2393 2065 2458 celebramus
2187 2401 2567 2456 sanctorum

1375 2479 1829 2562 apostolorum
1876 2481 2071 2564 primi
2114 2489 2183 2544 et
2212 2480 2569 2544 novissimi.

1375 2568 1609 2631 Petrus
1638 2589 1796 2633 vero
1824 2569 2075 2651 primus
2103 2577 2207 2632 est
2236 2566 2573 2650 apostolo-

1376 2676 1520 2719 rum
1568 2663 1637 2718 et
1682 2656 1919 2738 paulus
1950 2656 2346 2720 novissimus
2376 2675 2571 2737 apos-

1376 2743 1683 2807 tolorum.
1775 2744 1961 2807 Deus
2011 2755 2235 2807 autem
2288 2743 2401 2824 qui
2456 2762 2571 2804 eos

1373 2851 1496 2894 sua
1524 2832 1877 2894 vocatione
1906 2830 2380 2910 sanctificavit:
2427 2830 2569 2911 ipse

1375 2917 1524 2981 illos
1546 2919 1613 2980 in
1634 2920 1941 3001 passione
1960 2918 2299 2982 coronavit
2318 2917 2571 2998 primus

1375 3014 1443 3068 et
1475 3005 1884 3068 novissimus,
1954 3015 2048 3087 pf.
2094 3006 2195 3068 Te
2225 3004 2445 3067 deum.
2520 3021 2566 3085 y

1374 3093 1987 3157 Annunciaverunt.
2106 3093 2191 3154 In
2264 3090 2575 3154 laudibus

1371 3181 1489 3244 boc
1510 3181 1649 3243 sola
1679 3179 2045 3262 antiphona.
2111 3180 2265 3242 Hoc
2296 3188 2397 3241 est
2425 3198 2572 3260 pre-

1373 3278 1663 3351 ceptum.
1739 3277 1839 3350 ps‘:
1887 3268 2217 3330 Dominus
2248 3266 2569 3348 regnavit.

1381 3355 1770 3438 Capitulum.
1821 3356 1943 3419 Per
1960 3375 2213 3422 manus,
2244 3354 2569 3434 Hymnus,

1377 3443 1661 3507 Exultet
1690 3443 1927 3507 celum.
1989 3459 2036 3529 γ
2085 3443 2351 3506 Dedisti
2384 3441 2570 3504 here-

1374 3532 1675 3595 ditatem.
1743 3542 1936 3612 super
1948 3531 2300 3613 psalmum.
2361 3531 2569 3592 Bene-

1375 3621 1482 3683 dic
1489 3629 1597 3683 tus
1628 3639 1761 3682 una
1777 3618 1858 3682 de
1870 3619 2183 3701 predictis
2200 3616 2572 3699 antiphonis

1374 3707 1717 3770 secundum
1776 3707 2083 3770 ordinem.
2131 3706 2425 3792 videlieet
2463 3715 2568 3768 an.

1381 3794 1500 3858 Isti
1576 3803 1733 3857 sunt
1808 3795 1945 3858 viri.
2043 3794 2289 3858 Oratio.
2385 3793 2571 3854 Deus

1375 3884 1514 3964 qui·
1544 3883 1936 3946 hodiernum
1986 3883 2182 3944 diem.
2268 3881 2395 3943 Ad
2424 3880 2572 3960 pri-

1376 3990 1556 4033 mam
1616 3972 1749 4034 Ar‘i.
1817 3970 2162 4051 Majorem.
2236 3965 2338 4049 pi.
2387 3968 2574 4030 Deus

1377 4058 1446 4121 in
1507 4059 1776 4121 nomine
1836 4066 1970 4121 tu0.
2090 4055 2211 4118 Ad
2248 4052 2423 4116 alias
2465 4053 2577 4115 lto-

113 4149 347 4212 tantum.
958 4146 1176 4210 Lectio
1205 4146 1275 4228 ij.
1379 4165 1494 4209 ras
1566 4145 1787 4208 omnia
1842 4145 2031 4227 fiant
2101 4142 2183 4204 de
2254 4141 2581 4204 communi

191 4302 204 4332 ¹
238 4303 496 4365 onoma:
531 4304 735 4355 RMS.
1173 4307 1194 4334 ²
1226 4295 1544 4354 ehafissimi:
1582 4302 1710 4353 Ns.
2037 4302 2057 4332 ⁸
2090 4301 2329 4349 latentem
2358 4315 2369 4348 ι
2396 4277 2457 4350 s.'

403 4375 423 4404 ⁴
457 4372 512 4420 in
536 4370 658 4421 celis
681 4379 789 4421 εἰς
825 4371 890 4421 Ν.
1582 4371 1603 4398 ⁵
1636 4367 1999 4432 Responsoria:
2030 4365 2235 4416 R.N.S.

403 4439 422 4466 ⁸
455 4438 709 4487 iterantur
728 4450 745 4484 .·
777 4437 922 4488 RN.

1590 4437 1608 4463 ’
1642 4433 1969 4498 piscatoribus
1994 4451 2007 4482 z
2042 4431 2110 4481 N.
