3117 4959
889 249 952 308 S.
1000 247 1486 306 AUGUSTINI
1521 249 1927 308 EPISCOPI.

689 358 807 414 511

145 463 450 545 suscepit
483 484 500 528 :
531 472 600 528 et
635 463 725 527 ab
768 462 1004 528 eodem
1035 463 1350 546 episcopo

149 560 494 634 potestate
551 561 870 635 accepta:
929 551 1346 634 evangelium

149 640 423 721 publice
499 650 730 704 contra
803 641 1350 706 consuetudinem

145 727 467 792 affricane
578 727 852 792 ecclesie
969 729 1349 810 predicavit.

149 815 529 879 Transacto
576 816 776 897 igitur
821 825 1164 897 ternpore:
1239 829 1350 880 su-

150 904 496 984 pradictus
535 903 820 968 valerius
861 905 1211 984 episcopus
1247 925 1349 968 se-

147 992 353 1054 cretis
442 991 644 1055 literis
732 992 909 1074 apud
993 993 1346 1073 primatem

148 1079 544 1160 episcopum
567 1079 1169 1162 carthaginensium
1188 1079 1205 1117 ¹
1228 1080 1348 1142 im-

147 1168 504 1248 petrabat:
537 1176 612 1230 ut
641 1167 821 1232 idem
853 1169 1245 1249 augustinus
1275 1187 1348 1230 se

145 1257 420 1319 vivente
455 1255 826 1338 hyponensi
868 1255 1141 1320 ecclesie
1171 1256 1348 1319 ordi-

147 1353 428 1406 naretur
455 1344 820 1427 episcopus,
1011 1343 1226 1406 Lectio
1251 1343 1345 1426 iij.

159 1433 514 1564 Cunque
579 1433 998 1514 supradictus
1064 1431 1346 1495 valerius

306 1519 568 1601 publice
621 1539 812 1583 suam
875 1520 1125 1602 populo
1192 1520 1346 1582 insi-

147 1616 396 1670 nuaret
426 1607 836 1672 voluntatem
865 1629 882 1672 :
929 1617 1196 1672 sanctus
1231 1628 1344 1671 au-

143 1697 462 1777 gustinus
521 1695 657 1759 tale
711 1694 1022 1760 omnibus
1075 1696 1348 1759 audien-

143 1784 338 1847 tibus
386 1803 771 1865 responsum
820 1785 1082 1847 dedisse
1127 1783 1346 1848 fertur.

148 1872 310 1953 Ego
384 1871 568 1936 nullo
630 1873 831 1935 modo
890 1871 1348 1953 episcopatum

143 1959 486 2042 suscipere
517 1968 747 2023 contra
765 1979 1019 2023 morem
1037 1958 1349 2024 affricane

143 2047 428 2112 ecclesie
504 2046 658 2110 volo
691 2068 706 2111 :
780 2048 1046 2112 vivente
1123 2056 1349 2112 nostro

143 2136 486 2219 episcopo,
569 2135 850 2216 Cunque
881 2134 989 2198 ille
1021 2134 1108 2198 ab
1137 2135 1349 2198 omni-

145 2223 282 2288 bus
315 2243 484 2304 pene
515 2223 839 2305 episcopis
862 2221 1170 2286 affricane
1201 2242 1351 2286 sua-

145 2312 460 2376 deretur:
514 2319 586 2376 ut
639 2311 1094 2392 episcopatum
1147 2311 1349 2373 susci-

147 2408 378 2481 peret:
402 2399 704 2479 petitioni
724 2418 952 2462 eorum
971 2399 1349 2463 succubuit:

146 2487 776 2568 ordinationemque
795 2487 1100 2568 suscepit.
1121 2487 1200 2550 L.
1224 2486 1346 2568 iiij.

313 2585 620 2656 ostquam
671 2575 870 2656 igitur
919 2585 1189 2638 sanctus
1233 2595 1350 2637 au-

309 2663 612 2743 gustinus
705 2662 1054 2744 episcopus
1135 2662 1350 2726 sactus

145 2750 411 2816 esset²:
457 2750 835 2814 debellabat
879 2750 1204 2815 hereticos
1247 2771 1349 2813 ar-

147 2839 284 2902 mis
359 2838 666 2902 salutaris
755 2839 1072 2902 doctrine.
1193 2839 1350 2920 Ipse

147 2927 338 2990 enim
411 2926 721 2990 columna
793 2925 1116 2990 catholice
1193 2925 1349 2990 fidei

147 3014 614 3078 robustissima
664 3014 826 3078 tuba
875 3013 1180 3078 celestis:
1231 3035 1350 3078 vas

147 3101 574 3184 eloquentie:
625 3101 972 3165 thesaurus
1032 3103 1304 3165 scientie
1333 3123 1348 3167 :

145 3190 468 3254 defensor
527 3190 842 3254 ecclesie:
910 3189 1347 3253 hereticorum

145 3287 612 3361 propugnator
645 3299 661 3342 :
735 3285 964 3341 sancte
1039 3279 1350 3340 trinitatis

143 3387 352 3431 verus
399 3375 674 3430 amator.
763 3366 1004 3430 Vestes
1052 3365 1195 3445 ejus
1243 3365 1352 3430 et³

141 3454 592 3518 calciamenta
627 3475 642 3518 :
716 3462 786 3516 et
868 3452 1176 3517 lectualia
1260 3474 1348 3518 ex

142 3542 506 3608 moderato
553 3550 623 3604 et
669 3541 1074 3622 competenti
1117 3539 1350 3604 habitu

143 3638 390 3694 erant:
437 3649 571 3692 non
605 3628 814 3692 nitida
861 3629 1180 3692 nimium:
1227 3648 1350 3692 nec

141 3717 422 3799 abjecta
452 3716 826 3798 plurimum.
1047 3716 1260 3779 Lectio
1289 3737 1348 3781 v.

343 3815 492 3868 atus
521 3825 677 3868 vero
699 3803 1090 3885 augustinus
1123 3823 1352 3868 mensa

303 3913 461 3957 usus
527 3901 628 3956 est
691 3890 926 3973 frugali
987 3900 1055 3954 et
1115 3911 1350 3974 parca:

142 3981 324 4066 que⁴
373 3981 645 4063 quidem
699 3980 870 4044 inter
916 3979 1097 4042 olera
1143 3989 1210 4042 et
1259 3980 1350 4062 le-

140 4069 431 4154 gumina
465 4069 668 4132 etiam
715 4067 1075 4149 aliquando
1119 4087 1350 4132 carnes

139 4167 428 4243 propter
473 4157 771 4238 hospites
820 4154 1142 4220 sumebat.
1232 4156 1350 4220 Vi-

139 4267 314 4311 num
353 4265 618 4326 semper
661 4242 994 4307 habebat:
1041 4244 1199 4325 quia
1229 4263 1348 4306 no-

285 4395 300 4424 ¹
338 4389 758 4456 mrtaginensium
784 4407 796 4438 ε
833 4389 896 4438 R.
906 4389 957 4440 S.

549 4460 570 4490 ⁴
602 4455 938 4522 quequidem:
974 4455 1036 4505 R.
1110 4455 1196 4520 qui
1223 4474 1236 4505 ε
1271 4457 1340 4506 N.

1317 4389 1607 4442 ’essezs

1985 359 2123 414 512

1447 471 1635 528 verat
1664 473 1740 529 ut
1770 464 2113 548 apostolus
2142 465 2239 529 ait
2270 485 2472 548 quam
2504 485 2647 528 om-

1451 555 1556 617 nis
1614 565 1915 617 creatura
1976 555 2083 618 dei
2134 555 2313 618 bona
2372 563 2509 616 est:
2578 562 2646 616 et

1451 641 1612 707 nihil
1674 642 2170 724 abjiciendum:
2248 641 2429 724 quod
2488 661 2643 704 cum

1449 729 1813 809 gratiarum
1910 731 2173 794 actione
2268 730 2643 810 percipitur.

1454 817 2005 899 Hospitalitatem
2056 838 2319 900 semper
2370 817 2644 880 exhibe-

1450 904 1611 968 bat:
1658 915 1727 969 et
1758 907 1823 968 in
1856 926 1978 970 sua
2013 926 2243 969 mensa
2288 905 2639 968 lectionem

1450 994 1665 1074 magis
1736 1013 1941 1077 quam
2016 993 2463 1076 epulationem
2536 993 2639 1054 vel

1449 1081 1862 1162 potationem
1898 1081 2235 1163 diligebat.
2309 1081 2423 1144 Re.
2503 1080 2641 1144 Iste

1447 1178 1550 1232 est
1583 1169 1695 1251 qui
1727 1179 1883 1233 ante
1914 1170 2129 1234 deum.
2303 1168 2521 1232 Lectio
2551 1169 2639 1249 vj.

1553 1265 1657 1320 ste
1687 1258 1889 1321 etiam
1936 1277 2137 1341 quam
2170 1257 2419 1321 utiliter
2446 1257 2643 1319 desu-

1553 1345 1828 1408 daverat
1910 1346 1976 1408 in
2057 1345 2383 1408 ecclesia:
2460 1343 2643 1407 mille

1448 1430 1808 1496 fortissima
1860 1453 1901 1494 a
1951 1454 2025 1497 se
2076 1434 2347 1496 condita
2400 1452 2641 1514 appro-

1447 1520 1616 1584 bant
1663 1521 2017 1585 volumina.
2129 1521 2236 1584 De
2284 1520 2427 1602 ejus
2480 1541 2645 1601 quo-

1449 1629 1583 1690 que
1658 1608 1983 1672 industria
2059 1610 2295 1673 beatus
2362 1608 2643 1670 isidorus

1448 1696 1544 1758 ita
1596 1697 1865 1760 scribit:
1923 1698 2243 1761 Omnium
2298 1697 2474 1760 enim
2530 1696 2645 1777 qui

1449 1783 1672 1866 plures
1714 1784 2065 1848 ediderunt
2116 1784 2362 1847 libros:
2408 1804 2651 1864 augus-

1449 1873 1629 1936 tinus
1702 1873 1971 1954 ingenio
2042 1873 2144 1936 sui
2202 1873 2411 1936 vicit:
2486 1873 2647 1953 quia

1447 1968 1642 2026 tanta
1670 1960 1971 2042 scripsit:
2020 1969 2094 2024 ut
2124 1959 2358 2023 diebus
2390 1969 2457 2024 et
2488 1979 2648 2022 noc-

1447 2048 1628 2112 tibus
1675 2067 1809 2111 non
1854 2048 2070 2112 solum
2119 2047 2401 2112 scribere
2442 2047 2643 2110 libros

1450 2135 1595 2216 ejus
1647 2137 2021 2218 quispiam:
2066 2136 2183 2200 sed
2218 2156 2339 2199 nec
2370 2136 2640 2217 quidem

1448 2223 1669 2305 legere
1716 2233 2030 2288 occurrat.
2124 2224 2415 2306 Septima
2464 2223 2642 2286 lectio

1448 2311 1530 2376 de
1594 2312 1974 2392 expositione
2043 2311 2379 2393 evangelii.
2498 2312 2641 2376 Vos

1448 2400 1610 2462 estis
1646 2398 1764 2463 lux
1812 2401 2060 2466 mundi.
2155 2400 2407 2466 Omelia
2450 2407 2529 2462 ut
2570 2398 2641 2460 in

1447 2488 1786 2552 communi.
2251 2487 2469 2552 Lectio
2498 2487 2641 2568 viij.

1614 2585 1806 2640 nctus
1864 2596 2019 2640 vero
2081 2574 2205 2640 iste
2252 2577 2644 2657 augustinus

1572 2664 1999 2746 septuaginta
2089 2672 2158 2726 et
2249 2683 2375 2726 sex
2449 2664 2641 2726 annis

1449 2751 1641 2816 vixit.
1734 2753 1813 2814 In
1875 2751 2185 2815 clericatu
2248 2761 2472 2814 autern
2534 2749 2640 2814 vel

1451 2840 1839 2922 episcopatu
1886 2839 2077 2902 annis
2107 2838 2313 2901 ferme
2360 2839 2645 2920 quadra-

1450 2928 1655 3008 ginta.
1734 2927 1826 2990 Et
1856 2927 1921 2989 in
1954 2927 2099 3008 ipsa
2130 2947 2263 3008 qua
2294 2927 2645 2988 defunctus

1451 3023 1555 3079 est
1586 3014 1959 3096 egritudine
1996 3014 2284 3095 jusserat
2314 3012 2437 3076 sibi
2470 3012 2646 3095 psal-

1454 3122 1601 3164 mos
1660 3102 2023 3166 daviticos:
2092 3102 2205 3183 qui
2266 3111 2421 3164 sunt
2481 3120 2645 3182 pau-

1453 3189 1697 3254 cissimi
1729 3190 1813 3253 de
1852 3190 2217 3271 penitentia
2261 3189 2456 3252 scribi
2487 3211 2502 3252 :
2545 3188 2641 3268 ja-

1452 3297 1741 3359 censque
1788 3278 1855 3340 in
1902 3276 2109 3340 lecto:
2156 3278 2335 3358 ipsos
2380 3284 2646 3359 quater-

1455 3367 1689 3428 niones
1762 3365 1935 3429 intra
2029 3367 2313 3447 parietes
2397 3365 2649 3446 positos

1453 3454 1689 3517 diebus
1734 3473 1851 3517 sue
1898 3453 2299 3516 infirmitatis
2346 3452 2649 3516 intueba-

1452 3551 1562 3605 tur
1606 3542 1710 3606 et⁵
1759 3540 2064 3622 legebat:
2110 3551 2313 3624 atque
2360 3542 2647 3605 ubertim

1448 3629 1703 3712 jugiter
1733 3629 1951 3694 flebat.
2314 3630 2526 3693 Lectio
2557 3629 2649 3694 ix.

1606 3727 1635 3780 t
1666 3737 1750 3780 ne
1780 3717 2062 3781 intentio
2086 3718 2229 3800 ejus
2249 3737 2290 3780 a
2307 3738 2647 3800 quoquam

1606 3807 2036 3886 impediretur
2056 3827 2069 3869 :
2106 3815 2263 3870 ante
2282 3807 2423 3868 dies
2443 3804 2649 3868 ferme

1453 3894 1687 3957 decem
1736 3914 1939 3975 quam
1987 3895 2199 3958 exiret
2246 3895 2331 3957 de
2376 3912 2649 3973 corpore

1454 3981 1853 4063 postulavit:
1901 4002 1986 4045 ne
2030 3982 2177 4063 quis
2222 3981 2309 4043 ad
2352 4000 2505 4042 eum
2551 3981 2651 4042 in-

1452 4070 1871 4150 grederetur:
1919 4068 2165 4132 nisibis
2185 4075 2447 4130 tantum
2473 4067 2649 4130 horis

1454 4159 1694 4239 quibus
1744 4157 1981 4220 medici
2031 4158 2117 4219 ad
2166 4155 2649 4236 inspiciendum

1453 4246 1837 4309 intrabant:
1891 4242 1996 4306 vel
2058 4263 2209 4306 cum
2271 4243 2331 4305 ei
2379 4241 2649 4306 resectio

1919 4391 1939 4420 ⁸
1978 4388 2085 4438 ‘et’
2109 4403 2208 4438 om.
2238 4407 2251 4438 ε
2288 4389 2488 4440 R.N.S.

1712 4459 1733 4487 ⁸
1770 4455 2012 4506 ‘et’om.
2042 4473 2055 4506 z
2090 4455 2220 4505 N.S.
