3117 4959
1508 223 1614 279 IN
1653 221 1926 280 FESTO

480 438 729 507 Christi
788 439 1165 522 passionem
1228 437 1678 504 imitabantur.

476 529 621 594 Alii
652 528 827 594 ferro
855 527 1228 612 perempti:
1256 525 1369 590 alii
1388 525 1678 590 flammis

478 617 745 682 exusti:
788 615 903 680 alii
950 615 1155 680 etiam
1204 612 1487 696 flagellis
1532 633 1680 678 ver-

481 705 733 769 berati:
780 703 892 768 alii
949 703 1251 768 vectibus
1310 701 1624 785 perforati
1661 721 1678 766 :

480 793 593 857 alii
622 791 893 856 cruciati
922 789 1266 874 patibulo:
1314 789 1425 854 alii
1458 789 1678 872 pelagi

480 879 776 963 periculo
833 879 1117 944 demersi
1152 899 1167 942 :
1220 878 1331 942 alii
1378 877 1511 942 vivi
1560 878 1680 942 de-

482 968 713 1032 coriati
741 987 757 1032 :
800 967 913 1031 alii
957 965 1235 1032 vinculis
1267 965 1628 1048 mancipati
1663 985 1679 1030 :

482 1055 595 1119 alii
626 1055 871 1139 linguis
900 1054 1179 1138 privati:
1208 1053 1321 1118 alii
1347 1053 1681 1136 lapidibus

482 1142 754 1209 obruti:
811 1142 921 1207 alii
980 1143 1221 1224 frigore
1280 1141 1505 1206 afflicti
1567 1140 1680 1204 alii

485 1231 664 1296 same
734 1230 1023 1296 cruciati.
1156 1229 1279 1294 Eis
1366 1229 1680 1292 nimirum

484 1319 663 1383 hunc
736 1319 913 1383 diem
988 1326 1253 1382 tantum
1350 1317 1681 1382 credimus

486 1405 971 1472 sanctificatum
988 1427 1032 1471 ·:
1107 1414 1433 1488 quantum
1496 1404 1683 1468 labo-

484 1515 630 1560 rare
660 1515 781 1578 per
821 1501 1155 1558 tormenta
1201 1512 1335 1556 non
1382 1511 1681 1556 cessave-

486 1592 658 1648 runt.
746 1583 863 1646 Re.
911 1581 976 1647 O
1008 1581 1383 1646 constantia
1429 1589 1682 1661 marty-

486 1691 631 1736 rum
664 1669 1015 1736 laudabilis
1042 1689 1058 1734 ε
1102 1689 1147 1734 o
1172 1668 1461 1732 charitas
1492 1669 1682 1732 inex·

484 1758 896 1843 tinguibilis:
941 1778 985 1821 o
1032 1757 1355 1840 patientia
1406 1757 1680 1820 invinci-

482 1847 634 1911 bilis
656 1866 787 1928 que
811 1846 964 1909 licet
988 1846 1158 1909 inter
1173 1863 1511 1928 pressuras
1534 1863 1680 1925 per-

486 1935 905 2017 sequentium
941 1934 1085 1998 visa
1128 1933 1215 1997 sit
1261 1931 1682 2015 despicabilis

486 2022 858 2087 invenietur
885 2021 953 2085 in
986 2020 1255 2085 laudem
1284 2029 1355 2084 et
1398 2020 1677 2102 gloriam

486 2119 555 2174 et
578 2110 915 2173 honorem.
973 2109 1052 2171 In
1078 2118 1381 2190 tempore
1404 2107 1681 2170 retribu-

486 2198 701 2262 tionis
748 2213 797 2281 γ
828 2196 1045 2260 Nobis
1066 2215 1224 2276 ergo
1244 2195 1535 2276 petimus
1553 2196 1681 2276 piis

484 2285 882 2348 subveniant
914 2283 1163 2347 meritis
1192 2281 1608 2346 honorificati
1641 2303 1682 2346 a

484 2385 673 2456 patre
702 2373 817 2454 qui
864 2380 967 2435 est
1016 2371 1084 2434 in
1116 2369 1291 2435 celis,
1402 2371 1480 2432 In
1512 2379 1682 2434 tem-

485 2479 661 2542 pore.
694 2521 700 2528 ,
732 2459 962 2524 Gloria
990 2459 1179 2541 patri.
1258 2459 1337 2522 In
1362 2468 1680 2540 tempore.

484 2549 570 2612 In
646 2547 832 2611 tertio
918 2555 1222 2610 nocturno
1308 2554 1415 2610 ari.
1529 2545 1682 2610 Sint

488 2635 698 2700 lumbi
770 2636 973 2698 vestri
1048 2634 1364 2718 precincti
1440 2641 1509 2696 et
1584 2633 1683 2697 lu-

485 2743 680 2788 cerne
730 2724 1041 2787 ardentes
1088 2723 1156 2784 in
1198 2721 1505 2786 manibus
1534 2741 1682 2784 ves-

483 2813 641 2878 tris:
702 2819 771 2875 et
823 2831 945 2874 vos
997 2810 1243 2873 similes
1298 2808 1684 2873 hominibus

486 2901 1001 2982 expectantibus
1059 2897 1405 2961 dominum
1482 2915 1677 2960 suum

485 2988 755 3070 quando
786 2994 1153 3052 revertatur
1179 3005 1220 3048 a
1250 2983 1514 3066 nuptiis
1578 2993 1681 3064 pf.

488 3077 675 3140 Beati
750 3093 1049 3157 quorum.
1148 3073 1284 3138 Ar't.
1374 3073 1682 3153 Virgines

484 3173 713 3228 sancte
761 3163 867 3226 dei
918 3170 1102 3226 orate
1152 3180 1275 3243 pro
1324 3160 1560 3224 nobis:
1607 3168 1683 3222 ut

482 3249 800 3314 scelerum
825 3249 1087 3314 veniam
1108 3269 1225 3331 per
1244 3267 1363 3312 vos
1387 3249 1684 3330 accipere

486 3357 869 3402 mereamur.
946 3346 1047 3417 pf.
1097 3335 1455 3401 Eructavit.
1545 3336 1681 3400 Αῆ.

487 3425 741 3491 Omnes
774 3426 965 3489 electi
1013 3424 1118 3488 dei
1170 3424 1375 3486 nostri
1428 3443 1683 3488 memo-

484 3511 723 3576 ramini
782 3520 939 3574 ante
998 3511 1247 3578 deum:
1308 3520 1385 3574 ut
1444 3511 1682 3574 vestris

480 3599 786 3682 precibus
831 3599 1045 3679 adjuti
1090 3617 1462 3662 mereamur
1491 3599 1684 3662 vobis

476 3685 769 3770 adjungi.
847 3694 951 3768 psi
1017 3685 1421 3750 Benedicam
1464 3685 1682 3750 domi-

472 3795 654 3840 num.
840 3775 1183 3856 Justorum
1214 3775 1455 3839 anime.
1548 3775 1682 3838 Sec.

584 3883 631 3926 n
691 3790 812 3927 ill>
872 3872 1175 3943 tempore
1217 3883 1233 3926 :
1284 3861 1683 3944 [mattheum.

582 3952 841 4015 Videns
864 3949 1095 4014 turbas
1115 3950 1311 4031 Jesus
1336 3970 1353 4014 :
1378 3951 1683 4014 ascendit

474 4041 542 4103 in
576 4049 896 4103 montem.
948 4037 1040 4101 Et
1062 4037 1356 4119 reliqua..¹
1404 4037 1541 4100 Lec.
1565 4037 1680 4119 vij.

488 4128 803 4260 Christi
827 4146 986 4190 vero
1004 4125 1461 4188 sacerdotibus
1478 4134 1683 4206 atque

617 4214 1007 4279 doctoribus
1031 4213 1056 4251 ²
1103 4213 1242 4275 sive
1291 4212 1686 4276 confessori-

573 4385 589 4418 ¹
630 4391 645 4417 ⁶
664 4385 857 4436 Omelia
878 4401 973 4435 ven
982 4383 1179 4435 erabilis
1199 4383 1307 4434 bede
1322 4383 1594 4448 presbyten·
1613 4383 1626 4406 ’
1647 4383 1783 4433 add:
1813 4383 1870 4434 S.
2135 4385 2158 4416 ²
2201 4388 2217 4414 ⁸

2293 329 2447 384 654

1775 435 1906 501 bus
1949 434 2148 518 hujus
2193 434 2326 499 diei
2378 434 2812 500 festivitatem
2841 453 2984 498 non

1777 525 2082 607 ignotam
2113 543 2262 588 esse
2287 525 2624 588 credimus
2638 524 2756 606 qui
2777 523 2990 586 corda

1775 611 2074 676 fidelium
2135 611 2566 694 spiritualiter
2615 611 2814 694 quasi
2865 611 2994 674 im-

1777 699 2006 769 bribus
2079 700 2356 782 irrigant
2414 699 2777 765 celestibus
2819 719 2840 762 :
2916 707 2990 764 ut

1776 787 2064 852 fideliter
2121 788 2413 870 proferre
2473 787 2992 851 immarcessibi-

1777 875 1910 940 lem
1971 875 2300 940 bonorum
2367 896 2644 958 operum
2725 875 2991 958 possint

1777 964 2089 1028 fructum.
2181 963 2316 1046 Qui
2371 964 2628 1028 talenta
2675 964 2811 1027 sibi
2857 983 2989 1026 cre-

1776 1051 1924 1116 dita
1951 1071 2088 1116 non
2119 1052 2336 1116 solum
2387 1052 2707 1117 reddere:
2753 1070 2988 1115 verum

1777 1141 1998 1203 etiam·
2044 1160 2196 1204 cum
2259 1161 2460 1204 usura
2529 1141 2679 1204 sine
2754 1139 2992 1203 fraude

1778 1226 2184 1308 amplificare
2243 1237 2788 1310 procuraverunt.
2903 1227 2994 1291 Et

1777 1312 1933 1378 licet
1963 1325 2460 1398 persecutorum
2491 1335 2626 1379 non
2658 1316 2996 1380 senserint

1777 1403 2124 1484 gladium:
2170 1412 2400 1468 tamen
2449 1424 2569 1486 per
2617 1403 2760 1468 vite
2791 1405 2996 1468 meri-

1779 1501 1924 1554 tum
1984 1493 2116 1555 deo
2187 1492 2376 1572 digni
2452 1493 2782 1574 martyrio
2859 1511 2992 1556 non

1779 1581 2138 1662 privantur.
2207 1579 2385 1662 Quia
2417 1581 2824 1662 martyrium
2857 1601 2992 1644 non

1777 1665 1996 1730 solum
2055 1668 2397 1750 sanguinis
2453 1668 2832 1732 effusione:
2877 1667 2994 1732 sed

1777 1755 2181 1818 abstinentia
2201 1765 2665 1838 peccatorum:
2699 1765 2774 1819 et
2801 1776 2998 1820 exer-

1777 1843 2094 1906 citatione
2126 1853 2591 1926 preceptorum
2637 1843 2752 1907 dei
2800 1845 2994 1928 perfi-

1777 1930 1966 1995 citur.
2071 1930 2190 1994 Re.
2267 1932 2422 1998 Sint
2497 1931 2712 1996 lumbi
2791 1933 2993 1996 vestri

1777 2019 2134 2100 precincti:
2179 2027 2248 2082 et
2280 2019 2544 2084 lucerne
2573 2020 2902 2085 ardentes
2931 2021 2992 2084 in

1781 2106 2090 2169 manibus
2121 2108 2372 2174 vestris
2463 2108 2556 2172 Et
2585 2128 2710 2171 vos
2743 2108 2994 2172 similes

1777 2192 2162 2258 hominibus
2209 2196 2729 2278 expectantibus
2780 2197 2998 2260 domi-

1781 2301 1944 2344 num
1977 2302 2169 2345 suum
2211 2285 2486 2364 quando
2531 2293 2916 2348 revertatur
2957 2305 2994 2348 a

1781 2369 2046 2450 nuptiis,
2138 2387 2187 2455 γ
2231 2370 2528 2453 Vigilate
2571 2391 2788 2454 ergo:
2837 2374 2994 2454 quia

1781 2458 2050 2521 nescitis
2079 2479 2214 2540 qua
2241 2458 2406 2522 hora
2435 2459 2756 2523 dominus
2774 2470 2996 2524 vester

1779 2553 2100 2609 venturus
2127 2547 2231 2610 sit.
2325 2547 2430 2611 Et.
2593 2547 2823 2612 Lectio
2854 2549 2996 2631 viij.

1916 2644 2261 2697 anetarum
2315 2637 2520 2698 etiam
2549 2637 2899 2717 virginum
2929 2646 2996 2700 et

1915 2722 2046 2784 deo
2120 2721 2512 2786 devotarum
2551 2743 2566 2786 :
2643 2735 2996 2788 matrona-

1781 2826 2062 2890 rumque
2093 2811 2377 2873 societas
2408 2813 2738 2892 presentis
2771 2813 2994 2876 solen-

1781 2897 1992 2960 nitate
2051 2896 2186 2960 diei
2261 2917 2504 2980 expers
2577 2919 2729 2962 esse
2809 2901 2992 2964 nullo

1781 2984 1986 3048 modo
2017 2984 2348 3048 credenda
2379 2996 2496 3050 est.
2559 2985 2714 3068 Que
2746 2989 2992 3052 relictis

1781 3073 2164 3154 nuptiarum
2197 3073 2731 3155 copulationibus
2761 3095 2778 3140 :
2811 3097 2992 3155 spre-

1781 3167 1986 3242 taque
2075 3160 2428 3224 liberorum
2549 3165 2930 3246 propagine
2978 3185 2993 3226 :

1781 3267 2029 3329 sponso
2052 3247 2257 3329 quiin
2289 3248 2447 3312 celis
2477 3264 2618 3313 est:
2664 3253 2992 3332 perhenni

1783 3345 2010 3399 mente
2057 3346 2208 3399 actu
2255 3336 2488 3401 habitu
2517 3347 2590 3400 et
2623 3349 2827 3420 gestu
2873 3361 2990 3422 ap-

1783 3422 2012 3524 plicari
2047 3424 2439 3488 maluerunt.
2549 3425 2990 3490 Orationibus

1783 3511 2156 3576 instantes,
2209 3511 2477 3594 jejuniis
2537 3513 2989 3581 adherentes:

1781 3598 1848 3662 in
1871 3599 2302 3663 tribulatione
2323 3600 2732 3681 gaudentes:
2755 3603 2825 3666 in
2845 3623 2988 3666 ver-

1784 3686 1886 3749 bis
1959 3687 2364 3750 contumelie
2439 3689 2778 3770 patientes
2829 3713 2848 3755 :
2923 3691 2988 3754 in

1782 3774 2100 3854 pressuris
2131 3784 2199 3839 et
2229 3777 2807 3857 persecutionibus
2835 3779 2990 3842 viri-

1782 3860 1933 3924 liter
1985 3862 2456 3943 agonizantes:
2501 3883 2627 3946 pro
2657 3864 2820 3930 fidei
2847 3887 2988 3930 cas-

1784 3949 2022 4014 titate:
2069 3959 2138 4013 et
2186 3951 2505 4031 pudicitie
2557 3973 2792 4017 amore
2822 3953 2984 4016 mori

1783 4057 1917 4100 non
1950 4047 2330 4101 recusantes
2379 4040 2467 4103 ad
2516 4042 2790 4122 nuptias
2831 4041 2980 4125 agni

1783 4125 2194 4196 immaculati
2226 4127 2572 4208 pervenire
2605 4138 2978 4194 meruerunt

1781 4213 2172 4294 gaudentes.
2261 4214 2378 4279 Re.
2435 4215 2691 4280 Audivi
2750 4237 2975 4281 vocem
3026 4225 3029 4326 2

2231 4390 2384 4451 atque
2409 4387 2626 4440 doctor.’
2651 4403 2778 4440 oin-2
2813 4388 2868 4440 S.
