3117 4959
745 257 850 311 IN
899 255 1206 312 VJGJLJA
1263 254 1577 310 SANCTJ
1618 257 1725 312 LA
1743 258 2105 315 URENTII.

703 379 860 432 459

171 483 530 566 promiscui
568 503 772 546 sexus
818 503 1096 546 numero
1139 482 1373 565 viginti

172 572 310 635 duo
339 593 356 636 ε
387 579 454 634 et
483 571 794 635 decollati
827 581 982 634 sunt
1005 572 1113 634 via
1135 571 1374 634 salaria

169 660 350 724 intra
403 659 660 723 trivias¹
693 659 950 722 salustii
997 657 1172 722 foras
1227 679 1372 722 mu-

169 769 337 812 rum.
431 748 734 830 Quorum
781 767 1058 828 corpora
1103 746 1372 828 collegit

169 845 369 899 nocte
422 835 752 915 johannes
826 835 1171 917 presbyter
1203 856 1218 898 z
1302 843 1371 898 et

165 923 476 1005 sepelivit
521 943 636 986 eos
685 924 752 985 in
800 925 1039 987 eadem
1083 923 1234 986 via:
1280 923 1367 985 ad

163 1011 442 1075 laudem
473 1011 612 1073 sui’
643 1011 928 1074 nominis
960 1011 1075 1093 qui
1103 1011 1268 1075 vivit
1300 1019 1368 1073 et

162 1109 405 1182 regnat
427 1101 492 1162 in
513 1099 734 1162 secula
753 1099 1124 1162 seculorum
1150 1117 1365 1162 amen.

172 1187 338 1250 Tres
389 1186 620 1250 ultime
675 1186 962 1249 lectiones
1004 1186 1085 1248 de
1129 1189 1366 1268 eapcsi-

153 1275 336 1339 tione
361 1274 681 1356 evangelii
705 1275 910 1337 Venit
929 1274 1142 1356 Jesus,
1178 1274 1365 1337 Ome-

149 1363 258 1426 lia
303 1371 383 1425 ut
425 1373 640 1444 supra.
739 1360 961 1428 Cetera
1006 1361 1104 1424 ad
1149 1375 1363 1425 matu-

149 1452 347 1514 tinas
405 1461 470 1514 et
523 1449 718 1513 horas
768 1459 845 1513 ut
869 1459 1088 1530 =supra
1141 1449 1211 1512 in
1257 1449 1366 1513 die

129 1538 376 1619 festo?
425 1559 569 1601 cum
601 1537 911 1600 memoria
940 1536 1022 1601 de
1049 1537 1360 1618 martyri-

142 1627 298 1690 bus.
393 1625 520 1688 Ad
545 1636 838 1708 vesperas
866 1626 1000 1689 Ar‘i.
1093 1625 1359 1689 Petrus⁴

139 1724 216 1778 et
271 1713 628 1796 johannes.
716 1723 778 1776 et
801 1723 995 1776 cetere
1024 1712 1367 1795 antiphone

135 1811 486 1884 sequentes
505 1824 530 1865 .·
571 1822 714 1864 cum
752 1799 1038 1882 psalmis
1065 1801 1144 1862 de
1179 1811 1360 1882 apos-

135 1891 327 1954 tolis.
429 1888 818 1970 Capitulum.
909 1889 1140 1952 Petrus
1169 1890 1256 1952 ad
1289 1909 1361 1951 se

136 1997 479 2041 reversus.
571 1978 880 2056 Hymnus
926 1975 1207 2040 Exultet
1255 1997 1362 2040 ce-

133 2067 320 2130 lum.
370 2081 420 2152 γ
465 2065 570 2128 Tu
601 2085 672 2127 es
704 2074 944 2146 petrus,
989 2064 1075 2126 In
1104 2085 1358 2146 evange.

131 2163 256 2219 ar’i.
349 2153 610 2234 Symon
642 2151 934 2233 barjona.
995 2161 1097 2234 pff.
1167 2153 1360 2234 Mag-

127 2242 408 2306 nificat.
505 2240 750 2305 Oratio,
844 2240 1030 2302 Deus
1061 2239 1174 2322 qui
1205 2240 1360 2303 bea-

129 2340 325 2394 tum.
397 2327 728 2392 Memoria
756 2327 836 2391 de
851 2338 1068 2391 sancto
1096 2348 1362 2391 romano

125 2427 467 2498 martyre.
556 2417 691 2480 Αῆ.
783 2416 980 2479 Dixit
1031 2434 1359 2480 romanus

124 2525 355 2590 quere
407 2505 478 2567 in
525 2503 791 2567 secundo
842 2512 1146 2567 nocturno
1193 2503 1365 2567 beati

125 2591 496 2659 laurentii.
587 2609 635 2677 γ
701 2592 929 2656 Gloria
975 2599 1044 2654 et
1091 2591 1357 2656 honore.

131 2680 422 2748 Oratio.
498 2681 726 2744 Presta
755 2699 1116 2761 quesumus
1145 2681 1360 2744 omni-

125 2781 408 2855 potens
483 2768 664 2832 deuS.
758 2776 834 2831 ut
891 2767 962 2830 in
1020 2767 1358 2832 communi.

1977 375 2140 434 460

1471 502 1746 565 corpore
1800 483 1943 565 ejus
1996 486 2422 568 expendere:
2493 489 2672 555 Huic

1470 571 1853 652 spectaculo
1902 573 2136 637 aderat
2187 584 2456 639 senatus
2509 580 2673 642 ordo

1469 659 1773 722 militaris
1801 681 1817 722 :
1862 669 1932 724 et
1962 661 2249 744 populus
2284 683 2611 730 romanus,

1601 767 1846 830 umque
1890 749 2166 814 vidisset
2198 769 2367 814 unus
2402 753 2563 836 [Lec.
2602 756 2671 837 ij.

1596 855 1686 897 ex
1720 836 2039 900 militibus
2064 839 2333 902 nomine
2356 860 2669 906 romanus

1465 921 1737 985 beatum
1786 923 2181 988 laurentium
2214 927 2283 989 in
2317 933 2667 993 tormentis

1465 1029 1600 1071 non
1631 1009 1911 1075 deficere
1938 1035 1954 1077 :
2000 1025 2441 1094 compunctus
2464 1019 2663 1081 corde

1458 1098 1747 1161 credidit
1828 1101 1893 1163 in
1984 1101 2332 1165 dominum
2426 1104 2658 1185 Jesum

1463 1184 1799 1250 Christum
1833 1196 1901 1251 et
1930 1188 2201 1253 dicebat
2244 1191 2331 1254 ad
2380 1191 2656 1256 beatum

1460 1270 1857 1338 laurentium
1887 1297 1901 1338 :
1948 1275 2165 1340 Video
2197 1287 2353 1342 ante
2376 1288 2445 1342 te
2470 1279 2656 1361 juve-

1459 1379 1613 1423 nem
1653 1362 2163 1443 pulcherrimum
2211 1375 2540 1430 stantem:
2588 1378 2658 1433 et

1459 1450 1760 1512 membra
1790 1459 1905 1513 tua
1936 1471 2086 1514 cum
2134 1451 2387 1516 lintheo
2434 1465 2654 1519 exter-

1455 1545 1745 1617 gentem.
1860 1539 2063 1604 Unde
2122 1540 2354 1622 adjuro
2410 1550 2475 1605 te
2538 1565 2655 1626 per

1454 1622 1697 1688 deum:
1761 1626 1875 1707 qui
1924 1626 2045 1689 tibi
2096 1628 2275 1691 misit
2336 1630 2649 1712 angelum

1455 1730 1689 1776 suum:
1737 1733 1820 1775 ne
1846 1733 1953 1776 me
1978 1714 2413 1798 derelinquas
2462 1719 2653 1783 Tunc

1455 1799 1683 1863 decius
1743 1801 2103 1883 imperator
2149 1802 2365 1867 surore
2414 1805 2652 1888 plenus
2737 1839 2750 1851 ·

1454 1886 1632 1951 dixit
1656 1888 1740 1950 ad
1766 1889 2187 1955 valerianum.
2218 1892 2395 1956 Victi
2421 1914 2651 1958 sumus

1456 1995 1579 2057 per
1606 1984 1816 2039 artem
1850 1979 2178 2060 magicam
2210 1979 2533 2047 laurentii.

1454 2063 1803 2194 Eadem
1834 2063 1997 2128 hora
2030 2086 2339 2132 romanus
2367 2069 2525 2152 [Lec.
2554 2071 2650 2153 iij.

1607 2152 1887 2216 afferens
1940 2174 2207 2218 urceum
2268 2176 2419 2219 cum
2476 2179 2653 2240 aqua

1458 2239 1639 2302 misit
1668 2239 1776 2303 se⁶
1806 2241 1891 2303 ad
1930 2242 2135 2323 pedes
2181 2243 2359 2307 beati
2394 2243 2652 2310 lauren-

1456 2326 1530 2389 tii
1557 2347 1572 2389 :
1619 2335 1687 2390 et
1718 2329 1999 2410 rogabat
2030 2350 2182 2393 eum
2216 2351 2367 2396 cum
2393 2332 2652 2416 lachry-

1457 2415 1627 2478 mis:
1692 2424 1767 2478 ut
1820 2415 2281 2499 baptizaretur.
2392 2420 2483 2484 Et
2542 2443 2652 2486 ac-

1453 2511 1655 2583 cepta
1714 2523 1932 2584 aqua:
2002 2503 2112 2569 et⁷
2174 2505 2521 2572 benedixit
2582 2518 2651 2574 et

1457 2589 1821 2672 baptizavit
1853 2611 2022 2657 eum.
2086 2593 2393 2658 Audiens
2425 2597 2653 2661 decius

1456 2697 1641 2740 cesar
1658 2678 1783 2742 hoc
1804 2678 2051 2742 sactum
2074 2701 2089 2744 :
2114 2680 2308 2761 jussit
2328 2691 2403 2746 ut
2416 2686 2650 2747 eadem

1454 2764 1619 2829 hora
1649 2767 1865 2848 capite
1896 2766 2305 2849 plecteretur.
2391 2771 2651 2835 Ductus

129 2859 196 2925 S
197 2859 272 2921 ic
323 2856 471 2940 fiat
515 2857 586 2920 in
633 2865 857 2919 octava
872 2855 898 2893 ³
943 2854 1157 2918 sancti
1183 2855 1367 2937 petri

123 2946 292 3012 nisi
357 2944 436 3009 in
489 2943 626 3007 illis
673 2941 1032 3024 incipiatur
1083 2942 1360 3006 historia

121 3045 214 3099 ut
241 3043 468 3114 supra
494 3031 740 3094 dictum
767 3041 877 3095 est.

125 3128 202 3202 (s
257 3121 362 3184 In
394 3119 634 3202 vig-ilia
661 3119 874 3182 sancti
898 3118 1228 3182 laurentii.

115 3211 192 3276 A
203 3210 276 3273 d
325 3209 696 3271 matutinas
722 3207 864 3290 fiat
901 3207 1245 3270 servitium
1284 3206 1366 3270 de

115 3307 380 3364 sancto
406 3316 671 3359 romano
687 3307 830 3358 cu'm
849 3305 1166 3360 nocturna
1214 3295 1359 3376 L.j.

115 3390 238 3522 l
238 3405 294 3449 n
328 3384 570 3447 diebus
599 3383 968 3465 tyrannidis
998 3403 1115 3446 sue
1135 3383 1360 3446 decius

235 3492 456 3537 cesar
521 3471 718 3553 jussit
799 3471 1004 3535 teneri
1087 3470 1359 3533 beatum

115 3559 564 3628 laurentium
585 3558 1122 3622 archidiaconum
1153 3557 1360 3621 eccle-

109 3654 229 3718 sie
271 3667 584 3712 romane.
643 3647 734 3712 Et
757 3646 1096 3710 iracundia
1124 3645 1360 3728 plenus

109 3741 480 3804 adversus
538 3755 692 3798 eum
723 3756 738 3799 ε
798 3735 957 3816 quia
1014 3733 1360 3797 thesauros

110 3825 441 3894 ecclesie
471 3843 606 3886 non
652 3831 877 3905 posset
908 3821 996 3885 ab
1026 3842 1106 3884 eo
1138 3829 1362 3884 extor-

107 3933 358 3999 quere
385 3933 402 3976 :
433 3930 554 3973 nec
577 3911 662 3974 ad
687 3910 1010 3974 culturam
1031 3908 1360 3972 idolorum
1594 3915 1730 3971 tet:
1777 3916 1846 3972 et
1876 3909 1990 3990 qui
2038 3910 2323 3973 seminat
2355 3911 2420 3972 in
2454 3912 2655 3974 bene-

105 4000 484 4070 cervicem
534 3999 678 4080 ejus
726 3997 1098 4061 inflectere:
1163 4016 1362 4060 omne
1425 3995 1861 4058 ·dictionibus
1898 4015 1913 4058 :
2001 3997 2087 4061 de
2177 3996 2656 4061 benedictioni-

104 4109 364 4176 genus
401 4095 885 4151 tormentorum
919 4085 1262 4168 proposuit
1295 4085 1361 4147 in
1459 4082 1583 4170 bus
1616 4090 1683 4145 et
1709 4091 1933 4148 metet.
2011 4085 2127 4148 Re.
2207 4083 2657 4150 Strinxerunt.

1456 2851 1631 2916 foras
1684 2874 1907 2918 muros
1954 2863 2144 2936 porte
2196 2857 2469 2922 salarie:
2536 2861 2653 2922 de-

1455 2940 1737 3005 collatus
1769 2950 1872 3005 est
1900 2943 2134 3023 quinto
2178 2943 2327 3008 idus
2370 2949 2649 3027 augusti.

1455 3027 1647 3091 Tunc
1701 3028 1991 3109 justInus
2051 3032 2397 3113 presbyter
2457 3045 2652 3098 nocte

1454 3116 1725 3197 collegit
1754 3137 1993 3202 corpus
2016 3118 2159 3200 ejus
2186 3140 2199 3182 :
2247 3129 2315 3182 et
2346 3120 2653 3202 sepelivit

1457 3204 1524 3266 in
1571 3205 1779 3286 cripta
1812 3205 1877 3267 in
1910 3225 2071 3287 agro
2114 3227 2360 3271 verano
2392 3209 2476 3272 ad
2512 3209 2651 3273 lau-

1455 3292 1611 3355 dem
1643 3293 1897 3354 domini
1925 3293 2084 3374 Jesu
2119 3294 2377 3359 Christi.
2433 3296 2654 3362 Cetera

1453 3380 1532 3442 de
1559 3380 1887 3444 communi
1912 3381 2111 3446 unius
2142 3383 2474 3465 martyris.

1459 3472 1522 3546 (1
1569 3468 1654 3530 In
1670 3468 1850 3549 sesto
1877 3470 2092 3533 sancti
2127 3471 2446 3536 laurentii
2471 3495 2652 3538 mar-

1454 3556 1637 3637 tyris.

1455 3643 1580 3706 Ad
1602 3653 1893 3724 vesperas
1940 3645 2284 3728 antiphone
2308 3658 2374 3711 et
2402 3651 2658 3730 psalmi

1438 3730 1738 3813 ferrales.
2263 3736 2649 3817 Capitulum.

1467 3819 1661 3985 Qui
1680 3839 1877 3901 parce
1897 3821 2184 3886 seminat
2202 3843 2401 3905 parce
2426 3835 2493 3888 et
2516 3845 2655 3888 me-

315 4225 333 4256 *
375 4231 600 4272 termas:
638 4223 775 4271 R.N.
1455 4217 1601 4268 lum’
1623 4233 1721 4267 om.
1754 4235 1766 4266 τ
1804 4217 1855 4266 S.

311 4291 338 4386 ἰ
375 4289 645 4402 prof-sgr
668 4287 893 4338 Christi:
932 4287 1070 4336 R.N.
1756 4287 1777 4377 ζ
1810 4283 1997 4397 21:⁸3¹?
1982 4365 2049 4397 m
2066 4283 2211 4399 RIsJV

321 4425 340 4453 ⁴
358 4354 610 4468 15ῗῖὶᾷιᾶ
635 4425 650 4448 ‘
677 4419 878 4469 Petrus’
915 4417 1134 4484 usquead
1169 4423 1183 4445 ‘
1206 4418 1416 4482 Capitu—
1754 4419 1773 4444 ¹
1814 4419 1893 4468 ‘et
1910 4414 1923 4437 ’
1945 4430 2045 4467 om.
2078 4433 2089 4468 ε
2128 4387 2193 4466 N:

275 4501 464 4554 voL.
511 4503 588 4556 11.
1752 4479 1773 4485 “
1916 4583 1923 4588 .
2232 4499 2286 4548 H
2337 4501 2391 4550 u
