3117 4959
1498 226 1608 282 IN
1643 226 1914 283 FESTO

458 446 829 527 Principium
896 448 1322 526 primogenitus
1374 448 1664 526 sapientia

458 529 661 588 virtus.
744 528 945 604 Alpha
988 540 1169 604 caput
1206 528 1459 605 finisque
1484 529 1662 588 simul

460 606 753 666 vocitatur
794 616 855 666 et
894 616 984 666 est
1024 625 1081 665 0.
1162 609 1329 666 Fons
1382 619 1443 667 et
1494 607 1661 684 origo

460 685 609 774 boni
636 686 969 763 paraclytus
994 704 1067 744 ac
1092 685 1401 745 mediator.
1448 688 1662 762 Agnus

464 762 596 823 ovis
648 764 868 823 vitulus
914 782 1157 839 serpens
1202 764 1351 823 aries
1394 766 1492 823 leo
1530 783 1658 824 ver·

464 840 597 900 mis.
672 844 755 903 Os
781 843 1023 902 verbum
1051 843 1334 930 splendor
1360 844 1449 901 sol
1476 842 1662 918 gloria

464 920 567 978 lux
608 930 669 979 et
700 919 897 996 imago
923 919 1110 979 Pauis
1156 921 1267 981 flos
1312 920 1447 980 vitis
1488 940 1662 980 mons

458 999 645 1075 janua
694 1010 861 1074 petra
914 998 1198 1075 lapisque.
1291 1002 1561 1077 Angelus
1603 1010 1664 1059 et

464 1079 1663 1232 {23³⁵35th22222‘iu15y3222h32‘20ffi

464 1242 573 1292 ton
626 1243 833 1291 maten
885 1244 945 1293 et
990 1234 1175 1311 γειιιι.ι
1253 1231 1664 1295 Hominibus⁸

468 1310 564 1369 his
604 1310 789 1387 Signa
792 1322 885 1371 tur
933 1315 1121 1388 Jesus,
1226 1313 1362 1373 Sint
1413 1312 1665 1373 domino

470 1330 789 1449 laudesgna
730 1408 922 1449 amen.
1009 1391 1062 1466 Ϋ
1100 1390 1355 1452 Custodi
1400 1410 1513 1452 nos
1554 1393 1664 1451 do-

464 1466 675 1527 mine.⁴
764 1470 883 1528 Αῆ.
932 1470 988 1529 Ο
1040 1488 1145 1528 rex
1193 1469 1449 1546 gloriose
1514 1468 1669 1529 inter

466 1558 707 1607 sanctos
734 1558 869 1608 tuos
898 1547 1000 1625 qui
1019 1566 1251 1624 semper
1271 1568 1335 1608 es
1351 1548 1666 1609 laudabilis

466 1636 529 1685 et
556 1636 757 1685 tamen
787 1626 1097 1687 ineffabilis
1144 1637 1210 1686 tu
1250 1626 1313 1685 in
1352 1627 1528 1687 nobis
1555 1628 1666 1687 do·

466 1702 630 1764 mine
657 1716 717 1765 et
746 1722 966 1764 nomen
1003 1716 1169 1764 tuum
1209 1704 1549 1766 invocatum
1578 1714 1668 1765 est

470 1800 648 1858 super
674 1800 786 1842 nos
827 1802 903 1843 ne
943 1783 1318 1860 derelinquas
1362 1803 1473 1843 nos
1516 1785 1668 1843 deus

468 1871 673 1921 noster
698 1872 765 1920 ut
790 1860 853 1920 in
880 1860 978 1921 die
1000 1861 1211 1938 judicii
1232 1881 1343 1921 nos
1371 1864 1667 1923 collocare

468 1938 765 2015 digneris
749 1950 902 1999 mter
926 1952 1164 1999 sanctos
1193 1952 1254 2001 et
1279 1942 1503 2001 electos
1530 1952 1668 2001 tuos

468 2037 572 2077 rex
627 2018 958 2078 benedicte.
1027 2018 1119 2096 ps.
1167 2021 1225 2079 N
1228 2038 1347 2079 unc
1398 2019 1665 2080 dimittis.

468 2097 603 2155 Hoc
622 2098 1039 2174 completorium
1067 2117 1181 2157 non
1210 2101 1534 2159 mutabitur
1556 2109 1672 2176 per

466 2182 725 2235 octavam
751 2178 981 2251 quando
1007 2178 1077 2235 de
1096 2184 1293 2237 octava
1318 2180 1531 2253 agitur.
1567 2180 1624 2237 A
1628 2180 1677 2237 d

470 2256 791 2313 matutinas·
816 2256 1061 2314 Invitat.
1145 2258 1529 2316 Honoremus
1567 2276 1666 2317 ex-

468 2333 721 2391 altemus
750 2351 968 2392 nomen
1008 2336 1153 2409 Jesu
1199 2334 1399 2395 nobile
1428 2336 1668 2395 Exulte-

470 2430 602 2470 mus
646 2410 965 2487 jubilemus
992 2423 1082 2473 est
1110 2432 1339 2473 summe
1364 2412 1665 2489 diligibile.

459 2496 553 2569 ps.
601 2488 835 2551 Venite.
1403 2492 1664 2566 hymnus.

474 2568 695 2705 Jesu
751 2568 944 2628 dulcis
998 2567 1283 2629 memoria
1328 2570 1477 2629 dans
1532 2590 1672 2629 vera

591 2646 789 2736 cordis
829 2646 1047 2741 gaudia
1084 2649 1191 2707 sed
1233 2667 1411 2738 super
1451 2650 1568 2707 mel
1611 2660 1670 2709 et

474 2723 677 2785 omnia
698 2726 887 2785 dulcis
914 2727 1041 2802 ejus
1066 2726 1377 2801 presentia.
1419 2727 1547 2785 Nil
1575 2747 1669 2787 ca-

472 2804 631 2863 nitur
659 2804 892 2864 suavius
919 2805 1159 2864 auditur
1184 2804 1267 2864 nil
1304 2805 1671 2881 iocundius:

475 2883 559 2942 nil
586 2882 876 2959 cogitatur
901 2882 1135 2943 dulcius
1162 2902 1339 2960 quam
1368 2886 1544 2960 Jesus
1573 2884 1672 2944 dei

474 2962 644 3021 filius,
706 2962 877 3041 Jesu
904 2981 1041 3038 spes
1068 2962 1471 3038 penitentibus
1490 2982 1673 3040 quam

474 3040 609 3117 pius
664 3060 728 3099 es
769 3040 1107 3117 petentibus
1150 3060 1330 3117 quam
1378 3042 1573 3103 bonus
1613 3054 1674 3103 te

475 3119 908 3209 querentibus:
951 3121 1057 3180 sed
1086 3120 1329 3196 quidem
1371 3120 1675 3182 invenien-

474 3200 653 3263 tibus.
776 3200 947 3279 Jesu
1014 3200 1272 3259 dulcedo
1362 3200 1674 3261 cordium:

478 3278 612 3337 sons
659 3276 817 3337 vite:
861 3279 1063 3339 lumen
1099 3276 1406 3338 mentium.
1437 3278 1676 3339 excedis

478 3375 656 3417 omne
683 3356 965 3434 gaudium
995 3366 1055 3416 et
1082 3375 1262 3418 omne
1294 3357 1672 3417 desiderium.

476 3436 616 3495 Nec
642 3436 843 3511 lingua
870 3445 1068 3512 potest
1095 3435 1338 3496 dicere:
1380 3456 1493 3495 nec
1520 3437 1673 3497 litte-

476 3532 543 3573 ra
600 3512 966 3602 exprimere.
1008 3524 1280 3589 expertus
1334 3514 1499 3575 novit
1552 3534 1676 3575 cre-

484 3594 649 3653 dere:
692 3589 839 3667 quid
866 3591 942 3651 sit
966 3594 1178 3668 Jesum
1205 3591 1463 3669 diligere.
1500 3594 1676 3685 Jesu

480 3690 585 3731 rex
613 3669 974 3730 admirabilis
1002 3682 1063 3729 et
1088 3670 1479 3747 triumphator
1506 3673 1676 3733 nobi·

478 3749 591 3809 lis.
620 3748 879 3810 dulcedo
906 3748 1237 3822 ineffabilis,
1256 3761 1413 3811 totus
1442 3750 1676 3811 deside-

479 3826 693 3889 rabilis.
802 3830 993 3890 Mane
1050 3828 1363 3889 nobiscum
1432 3829 1677 3890 domine

478 3927 592 3967 nos
625 3919 730 3968 tuo
765 3909 999 3985 replens
1027 3906 1251 3967 lumine
1284 3910 1455 3985 pulsa
1482 3908 1677 3968 noctis

480 3986 767 4063 caligine:
810 3998 909 4047 tua
937 4006 1113 4064 pasce
1141 3986 1476 4047 dulcedine.
1530 3988 1676 4048 Glo-

479 4065 567 4127 ria
596 4065 701 4127 tibi
743 4065 1002 4126 domine.
1085 4067 1163 4125 In
1178 4068 1380 4143 primo
1405 4074 1680 4126 nocturno

649 4210 663 4241 ¹
700 4210 887 4273 kyros:
922 4208 975 4261 S.

646 4274 669 4368 ἶ
702 4274 1007 4387 ῑῗῖἳιιειὶἔὶιιιε
1032 4356 1042 4367 ·
1080 4340 1131 4387 Ν

650 4402 671 4433 ⁴
708 4406 723 4428 ⁸
742 4392 791 4465 Ῠ
827 4376 1043 4453 Custodi
1060 4374 1152 4452 nos
1174 4402 1329 4453 dom-⁸
1354 4421 1455 4455 orn.
1480 4406 1547 4455 N.

2267 332 2420 388 768

1757 452 1856 509 αῆ.
1941 449 2076 509 Hi
2057 468 2122 509 ιιι
2145 448 2412 509 curribus
2437 458 2500 507 et
2525 445 2589 506 hi
2629 445 2694 506 in
2739 441 2928 523 equis:

1759 548 1874 589 nos
1915 540 2118 589 autem
2169 528 2234 585 in
2285 526 2532 587 nornine
2573 524 2802 586 domini
2847 522 2932 584 dei

1759 608 1948 667 nostri
1975 606 2398 667 invocabimus.
2444 608 2536 682 pi.
2583 603 2870 665 Exaudiat
2883 614 2934 661 te

1761 686 2090 746 dominus!
2141 690 2240 747 αἷι.
2286 687 2527 744 Memor
2553 702 2656 743 ero
2703 681 2936 741 nominis

1762 765 1848 824 tui
1875 764 2121 825 domine
2161 766 2224 824 in
2267 763 2434 824 omni
2475 760 2852 851 generatione
2887 768 2936 817 et

1759 842 2216 919 generationem.
2316 846 2409 919 ps.
2457 839 2778 900 Eructavit.
2853 843 2936 896 ai.

1762 922 2106 981 Secundum
2134 939 2355 981 nomen
2384 934 2552 981 tunm
2581 922 2728 994 Jesu
2767 916 2938 976 domi-

1761 1018 1840 1058 ne
1871 1000 1958 1059 sic
1983 1010 2044 1059 et
2071 1002 2198 1059 laus
2233 1011 2336 1059 tua
2381 1000 2444 1058 in
2485 999 2638 1057 fines
2665 1010 2831 1056 terre.
2857 993 2936 1072 pi.

1763 1080 2024 1155 Magnus
2061 1078 2356 1139 dominus,
2441 1077 2492 1151 Ῠ
2535 1077 2827 1135 Laudabo
2849 1092 2939 1131 no-

1763 1176 1904 1215 men
1935 1157 2032 1217 dei
2059 1176 2198 1216 cum
2225 1155 2479 1216 cantico.
2541 1156 2644 1213 Re.
2696 1155 2774 1213 Et
2796 1170 2936 1228 mag-

1763 1236 2022 1294 nificabo
2041 1254 2180 1295 eum
2207 1235 2272 1294 in
2297 1234 2504 1295 οιιιιιίο
2523 1233 2718 1292 laude.
2769 1233 2934 1305 Leaj.

1765 1316 1990 1421 ιΒιιιιι
2041 1315 2258 1374 festum
2312 1315 2465 1373 festo
2517 1311 2792 1371 succedit
2839 1311 2941 1368 leta

1887 1412 2056 1452 mens
2081 1394 2464 1453 transfertur:
2503 1402 2566 1450 et
2607 1403 2764 1450 terra
2803 1387 2936 1465 jubi-

1765 1473 1894 1530 lat:
1937 1471 2166 1531 diffusis
2201 1470 2432 1549 gaudiis
2473 1468 2671 1545 plenis
2715 1469 2941 1528 honore.

1769 1548 1924 1609 Heri
1975 1550 2399 1609 celebravimus
2439 1550 2654 1625 Jesum
2695 1546 2756 1606 in
2801 1548 2940 1605 celso

1765 1627 1986 1688 montis
2013 1628 2232 1689 vertice
2249 1630 2754 1717 transfiguratum:
2781 1624 2942 1684 hodie

1767 1706 1833 1765 in
1887 1706 2021 1766 imis
2073 1706 2239 1767 terris
2305 1704 2698 1764 humiliatum.
2811 1700 2942 1761 Heri

1768 1785 1960 1861 qualis
1985 1786 2148 1862 apud
2173 1795 2398 1875 patrem
2445 1794 2571 1842 erat
2617 1785 2797 1858 Jesus
2835 1798 2949 1869 pro-

1767 1864 1950 1924 debat
1991 1862 2253 1940 corporis
2300 1862 2391 1922 sui
2433 1862 2748 1921 candore:
2787 1856 2948 1918 hodie

1768 1944 2136 2002 celebramus
2155 1942 2462 2019 quomodo
2479 1942 2678 1999 latens
2693 1936 2946 1999 divinitas

1769 2032 2044 2097 operatur
2097 2032 2300 2081 nostra
2351 2021 2464 2079 sub
2503 2018 2722 2078 humili
2761 2028 2950 2077 natura

1771 2112 2138 2160 sacramenta
2202 2098 2420 2159 salutis
2547 2097 2708 2157 Heri
2769 2096 2949 2183 quales

1769 2178 1984 2238 erimus
2012 2180 2341 2239 secundum
2369 2196 2537 2253 spem
2564 2194 2684 2235 suo
2711 2172 2949 2236 ostendit

1772 2258 2106 2334 splendore,
2152 2256 2335 2316 hodie
2379 2257 2584 2331 quales
2637 2254 2948 2315 secundum

1769 2336 1951 2395 fidem
1978 2337 2156 2395 beato
2196 2334 2485 2394 debemus
2524 2332 2766 2393 vivere⁷
2807 2347 2950 2391 more

1773 2413 1925 2473 Heri
1979 2433 2145 2473 suam
2201 2412 2372 2474 nobis
2440 2411 2754 2471 caritatem
2803 2426 2948 2469 com-

1771 2491 2073 2551 mendavit
2099 2493 2177 2551 ad
2205 2490 2525 2581 premium:
2556 2490 2748 2550 hodie
2775 2487 2952 2549 minis·

1771 2582 1953 2660 tratur
1980 2590 2088 2630 sua
2125 2569 2335 2629 caritas
2377 2572 2456 2629 ad
2497 2572 2792 2628 meritum.
2858 2567 2954 2624 1112

1773 2649 1834 2707 in
1865 2649 2092 2725 patria·
2133 2648 2246 2708 ista
2271 2648 2332 2706 in
2362 2648 2469 2706 via.
2557 2647 2720 2707 Illa
2703 2668 2766 2706 ιιι
2789 2643 2953 2723 gloria

1771 2740 2224 2787 consummante
2251 2750 2265 2787 ε
2306 2726 2418 2786 ista
2444 2726 2506 2785 in
2535 2726 2812 2785 doctrina
2836 2742 2952 2783 cum

1772 2806 1958 2882 gratia
2037 2805 2487 2865 misericorditer
2593 2816 2952 2881 cooperante.

1777 2884 2094 2944 Provocat'
2079 2896 2276 2974 itaque
2289 2904 2454 2943 sacra
2463 2884 2794 2943 solennitas
2803 2884 2955 2958 hujus

1774 2961 2106 3040 dignissimi
2131 2962 2262 3023 sesti
2289 2962 2456 3022 esse⁸
2493 2964 2825 3038 repetenda
2853 2962 2954 3036 jus

1773 3055 1970 3103 torum
2011 3041 2399 3101 famosissima
2444 3054 2610 3117 gesta
2657 3053 2721 3101 et
2767 3038 2958 3099 veteris

1777 3141 1850 3181 ac
1875 3140 2032 3182 nove
2057 3119 2446 3180 sacratissima
2484 3118 2770 3195 mysteria
2793 3115 2952 3193 legis:

1775 3212 1843 3260 ut
1885 3200 1971 3260 sic
2015 3218 2086 3259 eo
2128 3198 2436 3289 gloriosior
2475 3198 2654 3274 hujus
2697 3202 2954 3285 apparent

1777 3278 2036 3338 nominis
2063 3276 2374 3337 institutio:
2398 3295 2520 3353 quo
2535 3276 2741 3365 dispar
2761 3286 2821 3335 et
2845 3273 2950 3333 inu·

1777 3358 1894 3418 tilis
1923 3355 2216 3417 invenitur
2241 3354 2605 3432 comparatio
2635 3355 2833 3415 omnis
2856 3368 2951 3428 que

1779 3455 1903 3496 non
1945 3437 2054 3495 sub
2097 3436 2272 3511 hujus
2297 3436 2442 3511 Jesu
2484 3434 2752 3495 nominis
2777 3444 2953 3510 agatur

1777 3517 1958 3575 cultu.
2043 3516 2148 3573 Re.
2211 3516 2308 3573 Tu
2361 3532 2428 3573 es
2467 3512 2594 3590 ipse
2649 3533 2756 3573 rex
2807 3524 2950 3570 meus

1779 3606 1840 3654 et
1893 3595 2044 3654 deus
2095 3611 2274 3683 meus·
2310 3592 2413 3668 qui
2461 3593 2714 3652 mandas
2763 3591 2952 3650 salutes

1777 3674 1972 3763 jacob.
2059 3674 2134 3731 In
2161 3681 2222 3731 te
2257 3670 2530 3731 inimicos
2567 3682 2804 3730 nostros
2839 3682 2952 3726 ven-

1775 3750 2074 3811 tilabimus
2116 3769 2300 3811 cornu
2357 3760 2418 3809 et
2471 3750 2534 3807 in
2581 3748 2826 3808 nomine
2867 3755 2950 3803 tuo

1778 3848 2123 3907 spernemus
2197 3828 2565 3906 insurgentes
2641 3827 2702 3887 in
2784 3822 2946 3886 nobis.

1780 3909 1833 3984 Ϋ
1901 3910 2136 3985 Exurge
2192 3908 2438 3969 domine
2491 3909 2706 3984 adjuva
2761 3923 2866 3965 nos
2903 3910 2950 3959 et

1777 3987 2006 4049 redime
2051 4006 2163 4049 nos
2220 3998 2462 4065 propter
2515 4004 2736 4047 nomen
2789 3994 2946 4071 tuum:

1781 4068 1856 4127 In
1885 4078 1961 4128 te.
2699 4064 2875 4124 Lectio
2895 4058 2942 4134 1]-

2077 4214 2098 4242 ⁸
2130 4210 2370 4259 domine:
2405 4209 2462 4259 S.

2079 4278 2100 4307 ·
2139 4276 2309 4325 ‘omni
2331 4275 2342 4297 ’
2365 4290 2463 4324 om.
2495 4275 2547 4325 S.

2081 4344 2100 4370 '
2135 4340 2335 4391 vicere:
2371 4339 2424 4389 S.

2081 4408 2101 4437 ⁰
2141 4404 2304 4455 ‘esse'
2329 4420 2428 4455 om.
2471 4405 2523 4455 S.
