3117 4959
902 266 964 322 S.
1007 265 1493 322 CUTHBERTI
1520 263 1917 320 EPISCOPI.

701 371 851 426 227

184 473 386 538 larvas
408 474 647 539 virtute
676 479 883 542 crucis
915 480 1191 543 territas,
1254 486 1355 561 pf.

184 563 460 626 Domine
483 565 549 626 in
568 565 821 630 virtute.
878 568 938 630 A
950 575 1009 630 ἢ.
1069 567 1355 632 Sanctus

181 651 441 713 antistes
481 652 863 716 cuthbertus
896 655 994 718 vir
1024 655 1355 736 perfectus

180 738 243 799 in
271 739 573 802 omnibus
603 741 668 802 in
697 742 907 805 turbis
953 752 1095 805 erat
1126 762 1357 805 mona-

180 824 329 888 chus
384 826 583 908 digne
642 830 894 892 cunctis
944 831 1354 895 reverendus,

165 922 257 994 pf.
344 913 613 978 Domini
643 926 745 979 est
782 925 969 979 terra.
1064 935 1109 1003 γ
1160 919 1357 1000 Mag-

176 999 463 1064 nificavit.
524 1004 878 1085 Expositio.
948 1005 1175 1069 Homo
1208 1007 1353 1088 qui-

174 1088 317 1150 dam
348 1109 633 1171 peregre.
708 1092 961 1156 Omelia
992 1103 1067 1155 ut
1094 1093 1163 1156 in
1194 1115 1357 1156 com·

172 1176 359 1238 muni.
478 1177 591 1242 Re.
712 1180 1108 1261 Veriloquus
1169 1191 1355 1244 vates

171 1263 539 1327 cuthbertus
565 1266 837 1330 ecclesie
862 1268 1113 1349 jussus¹
1148 1270 1355 1350 preci-

172 1350 285 1412 bus
345 1351 831 1436 lachrymisque
894 1365 1205 1419 coactus:
1280 1366 1355 1420 ut

176 1439 303 1520 ipse
326 1449 478 1502 ante
502 1441 902 1522 predixerat.
968 1443 1353 1526 Episcopali

177 1525 475 1590 cathedra
514 1529 916 1593 sublimatur
960 1530 1355 1613 populisque

178 1616 463 1695 regendis
492 1616 847 1697 preficitur.
924 1634 971 1704 γ
1004 1619 1063 1681 E
1088 1620 1355 1682 secretis

176 1703 531 1766 extrahitur
592 1703 863 1768 latebris
924 1715 994 1769 et
1053 1706 1355 1788 perfusus

174 1807 363 1870 genas
381 1789 664 1856 fletibus,
692 1791 1091 1876 Episcopali.
1115 1794 1191 1856 L.
1213 1793 1352 1876 viij.

192 1878 603 2006 Tempore
679 1881 804 1943 deo
879 1881 1102 1944 dilecti
1183 1883 1355 1964 regis

330 1965 638 2046 egsridi2:
683 1977 752 2031 et
788 1967 1095 2032 theodori
1142 1969 1355 2031 archi-

174 2051 463 2134 episcopi.
556 2054 797 2118 beatus
844 2057 1231 2120 cuthbertus
1268 2057 1355 2122 ad

172 2140 617 2223 episcopatum
680 2142 953 2208 ecclesie
1028 2144 1358 2208 lindisfar-

174 2228 415 2290 nensis⁸
445 2229 700 2293 electus
748 2241 867 2295 est.
959 2232 1092 2314 Qui
1124 2252 1357 2313 quam-

170 2314 259 2376 vis
280 2316 559 2380 multum
582 2318 905 2383 renitens:
935 2321 1357 2402 episcopatus

173 2401 446 2468 officium
517 2407 853 2488 suscipere
922 2408 1354 2490 compellitur.

172 2487 437 2554 Duobus
469 2493 675 2574 igitur
717 2496 906 2557 annis
939 2497 1005 2557 in
1038 2497 1357 2577 regimine

171 2578 516 2662 episcopali
569 2583 960 2647 transactis:
1026 2585 1239 2646 sciens
1287 2585 1355 2646 in

171 2666 385 2746 spiritu
440 2671 981 2752 appropinquare
1027 2671 1204 2734 diem
1254 2672 1355 2734 sui

171 2755 468 2818 transitus
547 2756 793 2837 abjecit
868 2757 1133 2840 pondus
1201 2777 1355 2822 cure

172 2843 504 2920 pastoralis
588 2852 817 2926 atque·
872 2845 959 2909 ad
1037 2845 1354 2910 dilectum

171 2926 579 2994 heremitice⁴
628 2933 1145 2996 conversationis
1196 2953 1355 3016 ago-

173 3033 311 3113 nem
352 3020 751 3100 properavit.
843 3019 977 3102 Qui
1009 3041 1161 3085 cum
1192 3021 1354 3084 inibi

172 3121 231 3164 m
304 3124 549 3187 magna
619 3109 993 3172 constantia
1055 3108 1357 3173 Christo⁵

174 3190 507 3258 militaret:
558 3195 783 3259 subito
814 3205 1029 3260 tactus
1053 3205 1153 3260 est
1178 3196 1355 3260 infir-

171 3279 430 3346 mitate:
484 3302 613 3345 nec
666 3291 892 3347 tamen
945 3304 986 3348 a
1038 3293 1355 3348 consueta

172 3364 395 3432 defecit
445 3371 823 3435 sanctitate.
915 3371 1030 3436 Re.
1132 3372 1354 3436 Celes-

172 3453 323 3518 tium
355 3457 659 3521 minister
686 3459 1012 3522 donorum
1046 3459 1353 3524 cuthber-

172 3547 269 3604 tus
323 3546 603 3609 antistes
664 3566 943 3609 uxorem
1005 3547 1353 3629 cujusdam

173 3632 414 3695 comitis
446 3655 625 3716 aqua
658 3635 1008 3699 benedicta
1030 3636 1352 3716 virginem

173 3718 461 3785 crismate
524 3723 989 3804 perunctam⁶z
1065 3733 1353 3805 patrem-

174 3801 437 3871 familias
514 3829 689 3890 pane
750 3830 791 3872 a
850 3831 921 3874 se
984 3811 1352 3876 benedicto·

174 3887 436 3958 Pristine
519 3897 811 3962 reddidit
898 3899 1187 3966 sanitati.
1302 3916 1353 3985 γ

249 4077 269 4171 ἑ
294 4077 480 4156 'iuss-is:
517 4081 804 4132 W.E.G.S.

167 4269 176 4280 ¹
248 4209 267 4237 ⁸
296 4144 713 4262 ῗῑῖῗῗὲζωῗὶξῑὲς
763 4215 909 4264 w.1·:.
1008 4215 1347 4266 lindisfernen-

166 4285 237 4319 1s:
270 4274 331 4324 G.
404 4276 833 4329 lindisfernensis:
868 4283 921 4331 S.

258 4341 275 4369 ⁴
304 4342 553 4392 eremitice
581 4363 592 4391 :
628 4344 692 4393 G.
898 4349 918 4376 ⁸
951 4346 1139 4396 Christi
1166 4365 1176 4396 :
1214 4348 1275 4398 E.

259 4406 280 4435 ‘
310 4417 603 4470 perunctam
627 4411 722 4471 (?):
758 4411 810 4460 S.

1973 373 2128 430 228

1456 479 1784 561 Juvenem
1833 499 2100 560 quoque
2140 477 2281 558 jam
2316 496 2486 559 pene
2519 496 2660 540 mo-

1456 568 1734 630 riturum
1755 567 1898 629 sola
1916 566 2217 629 oratione
2247 584 2660 647 puerumque

1456 657 1856 719 seminecem
1891 653 2118 717 osculo
2167 661 2431 716 tantum
2479 651 2660 716 dato.

1460 743 1741 805 PristIne
1771 742 2076 805 reddidit.
2317 739 2534 802 Lectio
2564 741 2656 802 ix.

1468 831 1822 963 Cernens
1867 849 2025 892 vero
2068 829 2303 892 beatus
2347 826 2658 889 cuthber-

1585 927 1693 981 tus
1744 929 2012 999 tempus
2068 937 2187 980 sue
2241 915 2658 979 resolutionis

1456 1006 1746 1070 instare:
1820 1025 2036 1086 pauca
2101 1005 2278 1086 cepit
2337 1002 2658 1065 disserere

1456 1092 1766 1156 fratribus
1811 1093 1898 1155 de
1946 1113 2112 1175 pace
2146 1101 2215 1155 et
2259 1090 2652 1154 humilitate.

1458 1181 1698 1244 Pacem
1745 1181 1962 1262 inquit
2013 1182 2186 1242 inter
2229 1199 2348 1242 vos
2391 1197 2660 1258 semper

1456 1275 1523 1330 et
1591 1269 1982 1332 charitatem
2058 1263 2428 1330 custodire⁷
2486 1265 2654 1329 divi·

1456 1375 1634 1419 nam.
1725 1365 1793 1419 et
1841 1375 1994 1419 cum
2049 1354 2134 1416 de
2195 1362 2422 1416 nostro
2471 1361 2652 1415 statu

1456 1443 1803 1506 consilium
1863 1463 1985 1506 vos
2037 1460 2235 1522 agere
2295 1440 2654 1502 necessitas

1456 1531 1870 1612 poposcerit:
1935 1530 2158 1592 videte
2211 1528 2529 1590 attentius
2579 1535 2654 1590 ut

1456 1619 1806 1681 unanimes
1837 1617 2140 1680 existatis
2168 1637 2183 1679 :
2231 1625 2299 1678 et
2323 1633 2474 1677 cum
2507 1613 2655 1676 aliis

1458 1704 1704 1769 Christi
1745 1705 1954 1782 ,servis
2003 1713 2302 1767 mutuam
2337 1701 2652 1764 habetote

1458 1792 1898 1855 concordiam.
1991 1791 2091 1854 At
2122 1791 2234 1852 ubi
2260 1798 2652 1852 consuetum

1457 1889 1777 1944 nocturne
1818 1880 2134 1942 orationis
2181 1887 2448 1959 tempus
2496 1876 2653 1939 ade-

1454 1977 1604 2031 rat:
1666 1968 1982 2031 dominici
2043 1967 2334 2048 corporis
2381 1973 2448 2027 et
2501 1983 2652 2026 san-

1454 2057 1674 2137 guinis
1716 2055 2181 2119 communione
2231 2073 2302 2116 se
2351 2051 2651 2114 munivit.

1455 2153 1659 2225 atque
1679 2145 2004 2206 intentam
2024 2141 2323 2223 supernis
2343 2139 2651 2202 laudibus

1456 2233 1748 2295 animam
1781 2230 1866 2293 ad
1899 2229 2144 2312 gaudia
2175 2229 2358 2310 regni
2391 2226 2652 2290 celestis

1455 2320 1694 2384 emisit.
1784 2318 1900 2381 Ad
1929 2338 2060 2400 que
2081 2315 2387 2379 veniendi
2419 2333 2651 2378 conce-

1455 2409 1574 2471 dat
1605 2407 1760 2470 vos⁸
1778 2404 1978 2469 deus⁹
2010 2405 2123 2486 qui
2147 2403 2310 2466 vivit
2328 2409 2397 2465 et
2418 2409 2652 2482 regnat

1455 2496 1521 2558 in
1574 2494 1809 2558 secula.
1902 2493 2012 2557 Re.
2107 2491 2168 2556 O
2201 2491 2472 2554 beatum
2507 2509 2652 2571 pre-

1454 2583 1667 2656 sulem
1744 2581 2166 2646 cuthbertum
2243 2577 2356 2661 qui
2435 2577 2653 2659 gratia

1455 2671 1661 2734 divini
1716 2670 2006 2733 muneris
2051 2669 2282 2749 vigens
2336 2664 2652 2746 multipli-

1455 2761 1632 2821 cium
1683 2759 2063 2820 morborum
2105 2752 2504 2817 valitudines
2532 2751 2652 2814 de-

1456 2846 1642 2928 pulit.
1690 2844 2044 2926 Prophetie
2063 2842 2294 2923 spiritu
2310 2839 2356 2876 ¹⁰
2375 2838 2649 2921 pollens,

1458 2934 1896 2996 Plurimorum
1908 2951 1984 2994 ac
1999 2931 2098 2994 sui
2115 2929 2319 3011 ipsius
2333 2926 2374 2964 ¹¹
2391 2927 2650 2988 obitum

1455 3030 1523 3085 et
1570 3021 1878 3103 prescivit
1927 3027 1995 3081 et
2043 3014 2514 3098 prenunciavit.
2606 3029 2653 3099 γ

1455 3107 1912 3172 Admirandus
1947 3104 2202 3168 cunctis
2248 3102 2554 3184 operibus
2585 3109 2654 3162 et

1453 3195 1672 3259 verbis
1746 3195 1970 3257 divina
2045 3191 2372 3273 sapientia
2440 3189 2650 3251 vitam

1454 3283 1847 3366 composuit.
1929 3279 2310 3362 Prophetie.
2404 3275 2648 3339 Gloria.

1455 3372 1912 3435 Plurimorum.
2017 3385 2064 3455 γ
2134 3367 2272 3432 Ora
2319 3385 2456 3447 pro,
2563 3364 2654 3426 In

1452 3460 1757 3523 laudibus
1785 3456 2149 3539 antiphona.

1585 3547 1770 3610 hristi
1832 3545 2017 3608 fortis
2078 3543 2184 3605 hic
2259 3540 2513 3604 athleta
2573 3557 2652 3601 ac

1583 3655 1775 3698 verus
1866 3628 2318 3696 anachorica¹²
2418 3625 2650 3689 mundi

1454 3723 1732 3805 tempsit
1805 3722 1926 3785 hec
2015 3718 2243 3783 infima
2317 3736 2453 3797 quo
2526 3712 2652 3776 celi

1454 3819 1722 3890 caperet
1773 3828 2053 3872 summa.
2128 3814 2228 3887 pff.
2321 3802 2654 3867 Dominus

1455 3899 1772 3980 regnavit.
1892 3897 2026 3960 Αῆ.
2148 3892 2282 3976 Qui
2342 3891 2430 3952 de
2490 3907 2652 3970 rupe

1550 4085 1569 4113 '
1603 4081 1850 4132 custodite
1875 4100 1888 4131 ε
1925 4080 1992 4129 W
2019 4077 2215 4128 E.G.S.

1549 4153 1571 4181 ⁸
1603 4149 1746 4198 vobis
1786 4164 1798 4197 :
1833 4147 1897 4197 G.

1548 4219 1570 4245 ⁹
1607 4213 1880 4278 ‘gratiam’
1905 4209 2004 4260 add
2033 4228 2046 4260 ε
2083 4206 2315 4257 W.E.G.

1534 4283 1572 4312 ¹‘
1605 4281 1840 4356 spiritus:
1877 4277 1935 4326 E.
2011 4274 2277 4339 spiritum:
2315 4272 2365 4321 S.

1530 4348 1562 4376 ¹¹
1602 4345 1874 4409 suiipsius:
1914 4342 1994 4390 W.

1532 4415 1570 4444 ¹²
1602 4411 1922 4461 anachorita:
1959 4403 2244 4457 W.E.G.S.
