3117 4959
960 255 1022 308 S.
1073 252 1392 308 AIDANI
1435 251 1827 309 EPISCOPI.

680 359 834 416 528

1960 363 2111 417 324

133 473 299 548 post
328 465 472 530 dira
501 466 794 548 episcopi
835 466 1138 550 presagia
1169 465 1339 531 tristi
1424 475 1525 547 pi
1588 466 1848 531 Venite.
1923 467 2245 549 Hymnus.
2311 468 2641 532 Istecon-

135 555 320 637 regis
372 554 600 617 funere
631 555 906 637 impleta
937 565 1110 620 sunt.
1203 555 1340 620 Sed
1443 553 1666 618 sessor.
1756 555 1842 617 In
1886 557 2111 637 primo
2169 566 2474 620 nocturno
2531 566 2640 620 aii.

138 651 212 705 et
267 644 408 724 ipse
455 645 804 726 episcopus
851 644 1130 707 aidanus
1177 644 1344 707 duo-

139 731 408 794 decimo
431 731 541 793 die
565 741 716 812 post
735 733 1130 795 occisionem
1153 733 1341 813 regis,

141 818 400 882 scilicet
440 819 652 902 pridie
703 819 1026 883 kalendas
1057 828 1344 901 septem-

143 907 288 968 bris
339 907 424 969 de
485 907 708 970 seculo
767 907 1030 971 ablatus
1089 907 1344 988 premia

143 995 396 1076 recepit
426 1004 763 1076 perpetua.
829 995 1047 1061 Cetera
1075 996 1155 1057 de
1180 1015 1348 1058 com-

1447 641 1734 707 Sanctus
1763 644 2019 725 egidius
2060 645 2327 708 natione
2358 665 2591 727 grecus
2628 663 2645 707 :

1445 751 1487 794 a
1517 731 1827 812 preclaris
1878 733 2263 814 parentibus
2318 734 2641 815 originem

1447 818 1663 882 duxit.
1680 829 1781 901 pff.
1805 819 2173 884 Beatusvir.
2198 821 2257 883 A
2272 829 2332 884 ᾗ.
2349 821 2641 901 Corpore

1446 906 1674 969 valens
1702 927 1717 970 ε
1756 917 1823 970 et
1854 928 2004 972 acer
2032 909 2336 990 ingenio:
2368 908 2648 972 feliciter

1448 1003 1551 1058 est
1583 995 1779 1058 alitus
1808 1017 1822 1058 :
1854 1006 1921 1059 et
1946 996 2300 1061 liberaliter
2329 997 2643 1061 erudituS.

141 1103 336 1145 mum
331 1082 1346 1166 uniusconfessorzketpontificss
1431 1091 1534 1163 pf.
1582 1081 1807 1164 Quare
1837 1084 2259 1148 fremuerunt.
2349 1085 2482 1149 Αῆ.
2564 1086 2643 1147 ln

144 1175 218 1248 (1
254 1169 343 1233 Si
353 1171 606 1250 festum
634 1173 848 1234 sancti
859 1172 1080 1272 egidii
1093 1171 1349 1234 abbatis

139 1259 222 1320 in
253 1257 576 1322 dominica
619 1259 940 1322 evenerit:
985 1260 1344 1340 transfera-

137 1357 266 1409 tur
292 1349 364 1410 in
409 1348 752 1410 secundum
789 1347 1096 1429 feriam:
1138 1357 1201 1409 et
1249 1348 1348 1410 in-

137 1435 409 1498 choetur
433 1434 712 1498 historia
741 1435 822 1499 de
826 1435 962 1516 Job.
1043 1435 1117 1501 Si
1151 1437 1344 1498 bona.

135 1523 258 1585 die
285 1523 616 1594 dominica,
635 1522 912 1586 historia
940 1525 1103 1587 Peto
1133 1523 1348 1586 domi-

139 1631 255 1675 ne.
349 1611 418 1672 in
462 1612 744 1674 crastino
773 1621 1145 1675 octavarum
1178 1611 1353 1674 beate

141 1698 366 1761 marie
393 1698 680 1763 Adonai.
743 1700 812 1762 in
843 1699 1124 1762 crastino
1140 1699 1353 1762 sancti

141 1783 465 1850 mauritii
505 1787 846 1867 ferialiter
903 1788 1304 1868 incipiantur
1323 1809 1348 1850 .·

138 1885 216 1938 et
279 1876 724 1954 percantetur¹
790 1877 862 1940 in
940 1875 1148 1958 feriis
1225 1895 1350 1938 non

138 1963 552 2026 obstantibus
651 1963 1352 2027 commemorationibus

135 2052 370 2114 sancti
395 2051 665 2114 wilelmi
688 2061 751 2114 et
777 2053 1218 2132 apostolorum.

142 2143 222 2216 ‘1'
271 2139 509 2202 Sancti
576 2140 824 2221 [agadii
891 2140 1146 2203 abbatis
1179 2161 1202 2203 .·
1263 2139 1360 2202 ad

133 2239 445 2308 vesperas
495 2237 619 2290 atie
661 2238 728 2290 et
775 2229 1029 2309 psalmi
1057 2227 1350 2309 feriales.

139 2314 304 2395 Cap.
388 2317 618 2397 Justus
665 2336 790 2379 cor.
880 2317 999 2379 Re.
1048 2316 1180 2378 Hic
1230 2337 1352 2378 evo

137 2414 362 2466 tener.
413 2404 732 2484 Hymnus.
829 2404 968 2467 Iste
1000 2403 1351 2467 confessor.

137 2509 198 2577 y
247 2490 529 2555 Amavit
587 2511 758 2555 eum.
851 2493 933 2555 In
977 2513 1200 2573 evang.
1246 2500 1354 2555 αῆ.

139 2580 610 2661 Suscipientes
641 2580 818 2642 beati
838 2580 1037 2662 egidii
1058 2580 1356 2642 solennia

134 2667 550 2731 celebranda
623 2668 744 2730 tibi
833 2688 1094 2731 summe
1168 2677 1359 2750 pater

135 2765 378 2837 grates
433 2766 634 2838 atque
665 2756 894 2819 laudes
926 2755 1300 2820 exolvimus
1336 2775 1350 2819 ε

131 2844 264 2924 qui
298 2863 523 2906 servos
554 2853 705 2907 tuos
754 2853 820 2906 et
871 2845 937 2906 in
971 2853 1144 2906 terra
1173 2845 1350 2906 miri-

137 2933 314 2994 ficas
345 2941 415 2996 et
447 2933 511 2994 in
545 2931 690 2994 celo
719 2932 1004 3012 gloriose
1053 2952 1347 2995 coronas

117 3029 237 3100 pff.
291 3020 695 3100 Magnificat.
1103 3020 1346 3084 Oratio.

131 3109 578 3238 Pretende
629 3108 822 3172 nobis
871 3109 1139 3171 domine
1187 3129 1347 3190 que-

303 3215 530 3258 sumus
593 3196 1106 3259 misericordiam
1159 3205 1346 3258 tuam

133 3294 216 3346 et
249 3282 432 3346 beati
481 3285 680 3365 egidii
730 3285 992 3347 abbatis
1039 3285 1346 3347 interces-

133 3372 248 3434 sio
279 3391 292 3433 :
325 3371 513 3452 cujus
545 3393 666 3434 nos
697 3372 936 3436 dedisti
970 3373 1348 3454 patrociniis

131 3459 490 3540 adjuvari:
537 3460 752 3523 tribue
805 3469 878 3523 ut
928 3460 1346 3541 majestatem

128 3557 340 3610 tuam
371 3557 604 3611 exoret
649 3569 771 3630 pro
813 3546 1016 3611 nobis,
1087 3569 1203 3630 per
1233 3549 1350 3610 do-

131 3636 424 3699 minum.
519 3642 582 3713 (1
628 3637 958 3699 Memoria
1008 3636 1087 3698 de
1132 3645 1351 3699 sancto

110 3724 352 3804 prisco
411 3735 709 3804 martyre.
827 3725 889 3788 A
899 3732 960 3787 ἢ.
1053 3723 1186 3786 Hic
1247 3734 1348 3787 est

125 3831 316 3874 vere.
367 3827 413 3897 y
438 3811 665 3875 Gloria
696 3821 762 3874 et
782 3812 1046 3874 honore.
1101 3812 1346 3876 Oratio,

126 3899 376 3962 Presta
395 3920 768 3981 quesumus,
803 3909 880 3962 ut
907 3901 975 3962 in
1005 3900 1345 3962 communi.

125 3987 264 4050 Ad
318 3998 517 4050 matu.
631 3987 876 4050 Invita.
967 3987 1346 4051 Adoremus

135 4095 374 4156 regem
409 4075 614 4138 totius
647 4077 962 4138 bonitatis
985 4085 1344 4140 auctorem.

135 4163 280 4244 Qui
319 4173 621 4226 sanctum
655 4165 948 4244 egidium
975 4172 1259 4227 exornat
1279 4173 1346 4227 et

125 4252 351 4333 gratie
383 4253 615 4314 donis:
665 4261 729 4315 et
770 4252 1024 4334 justitie
1056 4253 1343 4335 premiis,

376 4376 390 4405 ¹
416 4383 776 4435 percontentur
789 4391 806 4424 .·
840 4376 902 4424 R.
913 4375 981 4426 N.
991 4377 1042 4426 S.

374 4443 396 4472 ¹
427 4441 570 4490 datre
594 4461 606 4491 ε
641 4443 694 4492 S.

272 4523 320 4571 V
324 4523 436 4573 01..
485 4523 560 4574 11.

1448 1190 1666 1234 rerum
1720 1193 1985 1254 quoque
2035 1174 2451 1255 possessione
2510 1192 2643 1235 non

1448 1261 1717 1323 tenuis:
1794 1261 1910 1323 sed
1980 1262 2317 1343 ingentem
2379 1263 2642 1344 copiam

1449 1348 1725 1428 provida
1744 1347 2015 1429 largitas
2036 1350 2347 1432 erogavit.
2380 1357 2481 1431 pff.
2509 1349 2647 1411 Do·-

1450 1436 1629 1498 mine
1647 1434 1825 1518 quid.
1868 1435 2211 1522 yAmavit
2236 1457 2404 1500 eum.
2449 1437 2647 1518 Lec.j.

1449 1524 1821 1657 Sanctus
1866 1525 2123 1606 egidius
2176 1526 2445 1588 natione
2500 1545 2647 1605 gre-

1586 1633 1745 1676 cus:
1792 1631 1833 1674 a
1894 1613 2205 1694 preclaris
2264 1614 2649 1695 parentibus

1451 1699 1769 1763 oriundus
1817 1701 2120 1764 athenis:
2166 1711 2356 1782 patre
2379 1701 2403 1737 ²
2462 1700 2649 1764 theo-

1453 1787 1617 1850 doro
1650 1788 1959 1852 nomine:
2000 1798 2213 1866 matre
2260 1809 2418 1852 vero
2468 1789 2648 1870 pela-

1453 1876 1581 1957 gia.
1650 1876 1963 1958 Quadam
1995 1877 2102 1940 die
2127 1879 2288 1939 dum
2322 1877 2407 1939 ad
2441 1877 2653 1939 eccle«

1452 1964 1621 2026 siam
1646 1975 1987 2046 pergeret:
2019 1965 2259 2028 accidit
2284 1973 2357 2027 ut
2377 1966 2650 2046 quidam

1453 2072 1611 2134 eger
1652 2053 1901 2133 jaceret
1955 2054 2021 2115 in
2070 2052 2293 2133 platea
2347 2073 2387 2115 a
2438 2061 2652 2115 trans-

1456 2141 1767 2203 euntibus
1852 2141 2308 2222 elemosynam
2400 2150 2653 2222 petens,

1459 2228 1667 2308 Cujus
1697 2229 1969 2292 vocibus
2002 2237 2267 2292 sanctus
2293 2249 2455 2310 puer
2473 2250 2654 2292 com-

1455 2325 1743 2397 punctus
1772 2319 2066 2380 tunicam
2088 2338 2221 2399 qua
2254 2317 2653 2380 induebatur

1456 2423 1615 2484 egro
1668 2404 1914 2468 tribuit.
2008 2405 2161 2486 Qua
2196 2405 2467 2468 indutus
2499 2425 2655 2487 eger

1457 2492 1634 2556 illico
1664 2494 1909 2575 recepit
1940 2495 2231 2575 corporis
2277 2495 2649 2556 sanitatem.

1456 2580 1577 2644 Re.
1670 2581 1917 2644 Fidelis
1995 2582 2239 2645 Christi
2316 2580 2653 2644 confessor

1456 2667 1715 2749 egidius
1746 2689 1987 2750 genere
2018 2669 2247 2732 claruS.
2343 2669 2480 2734 Sed
2527 2671 2652 2732 sci-

1454 2757 1635 2820 entia
1664 2757 1906 2820 virtute
1954 2765 2023 2820 et
2062 2777 2261 2838 opere
2294 2756 2490 2839 longe
2522 2758 2653 2820 cla-

1452 2845 1587 2907 rior
1633 2845 1873 2908 extitit.
1966 2861 2015 2930 γ
2062 2846 2338 2927 Legitur
2381 2845 2651 2926 quidem

1455 2933 1636 3013 regia
1696 2933 1901 3014 stirpe
1976 2932 2175 2996 fuisse
2249 2933 2649 3014 progenitus

1455 3019 1611 3084 Sed.
2335 3021 2551 3083 Lectio
2580 3022 2653 3102 ij.

1451 3111 1716 3238 Nec
1763 3108 2046 3171 multum
2081 3116 2234 3189 post
2265 3107 2650 3189 parentibus

1638 3196 1705 3259 in
1749 3217 1913 3278 pace
1956 3195 2321 3259 defunctis:
2368 3216 2649 3279 quorum

1451 3285 1711 3348 obitum
1773 3293 1929 3347 ante
2006 3284 2235 3365 spiritu
2316 3283 2651 3347 revelante

1452 3374 1849 3453 presciverat
1875 3394 1888 3436 :
1936 3373 2312 3453 patrimonii
2332 3375 2432 3436 sui
2465 3375 2645 3454 quod

1451 3461 1545 3522 eis
1578 3463 1737 3523 satis
1789 3480 2106 3542 magnum
2156 3469 2559 3525 remanserat
2584 3461 2647 3525 ³:

1453 3547 1790 3612 Christum
1846 3548 1999 3611 fecit
2046 3548 2371 3613 heredem.
2468 3550 2647 3613 Inte-

1450 3657 1562 3699 rea
1592 3639 1755 3700 dum
1787 3637 2073 3718 quadam
2117 3636 2226 3700 die
2254 3638 2339 3700 de
2372 3637 2648 3702 ecclesia

1451 3725 1729 3788 rediret:
1776 3727 2011 3788 obvius
2064 3727 2123 3788 ei
2178 3725 2301 3788 fuit
2370 3727 2644 3808 quidam

1453 3815 1817 3876 miserrima
1876 3815 2086 3895 spetie
2146 3813 2258 3894 qui
2319 3834 2531 3895 nuper
2604 3835 2646 3876 a

1449 3910 1755 3982 serpente
1830 3921 2173 3983 percussus
2237 3900 2644 3965 mortiferum

1447 3989 1623 4052 virus
1699 4009 1769 4051 se
1855 3988 2187 4052 fatebatur
2277 3990 2643 4070 recepisse.⁴

1448 4076 1669 4159 Quem
1718 4077 1817 4140 vir
1862 4086 2129 4139 sanctus
2176 4077 2473 4138 oratione
2504 4077 2649 4140 susa

1445 4185 1569 4247 pro
1588 4186 1699 4229 eo:
1734 4165 2007 4246 pristine
2035 4164 2320 4228 reddidit
2345 4165 2645 4228 sanitate.

1445 4253 1558 4318 Re.
1667 4253 1797 4315 Hic
1830 4273 1955 4315 evo
1986 4261 2173 4314 tener
2217 4253 2301 4314 ad
2353 4252 2648 4316 liberalia

1815 4377 1835 4404 ⁸
1870 4383 2207 4424 remenserat:
2245 4375 2311 4425 N.

1817 4444 1835 4472 ⁴
1869 4442 2134 4505 recipisse:
2170 4441 2220 4491 S.

2243 4525 2393 4572 MM
