3117 4959
1035 258 1184 314 UNI
1189 257 1292 313 US
1339 257 1390 314 C
1388 258 1615 315 ONFE
1617 260 1666 313 S
1664 260 1715 313 S
1716 260 1904 315 ORIS
1902 299 1915 314 .

747 366 830 421 41

215 470 484 549 honore,
500 470 831 535 coronasti
875 478 1180 535 sanctum
1225 478 1418 535 tuum

217 568 288 622 et
325 560 726 623 constituisti
749 578 926 633 ,eum
971 578 1172 641 super
1211 578 1416 641 opera

217 667 537 711 manuum
589 657 872 711 tuarum.
966 654 1070 729 pffi.
1162 647 1410 729 Ipsum.

216 752 266 821 y
309 735 576 816 Justum
608 734 910 799 deduxit.

317 823 384 885 bi
429 831 532 887 est
577 823 756 886 enim
801 820 999 885 simul
1048 830 1116 885 et
1163 821 1414 887 lacteus

315 918 516 993 potus
589 930 727 993 quo
813 917 1043 973 tenera
1115 908 1412 973 fidelium

211 999 545 1061 nutriatur
615 998 948 1063 infantia:
1021 1005 1091 1061 et
1163 996 1415 1061 solidus

209 1086 400 1153 cibus
452 1105 590 1167 quo
639 1086 914 1149 robusta
970 1083 1412 1167 perfectorum

203 1174 523 1255 juventus
573 1173 941 1257 spiritualia
997 1182 1228 1239 sancte
1285 1174 1414 1237 vir-

209 1262 374 1325 tutis
434 1262 718 1345 accipiat
775 1261 1199 1327 incrementa.
1307 1260 1412 1325 Ibi

207 1368 480 1431 prorsus
539 1351 624 1413 ad
691 1348 975 1413 salutem
1050 1347 1414 1413 consulitur

208 1436 530 1501 universis
578 1458 748 1520 quos
795 1437 1106 1502 dominus
1157 1435 1412 1501 salvare

208 1524 543 1607 dignatur.
604 1525 720 1588 Re.
785 1525 976 1588 Posui
1007 1523 1412 1606 adjutorium

207 1632 413 1693 super
483 1621 880 1695 potentem:
968 1622 1038 1676 et
1115 1610 1410 1675 exaltavi

180 1699 500 1763 ¹electum
531 1701 617 1765 de
664 1700 862 1784 plebe
905 1720 1076 1765 mea.
1166 1700 1410 1765 Manus

207 1788 387 1851 enim
421 1808 571 1853 mea
593 1788 1024 1854 auxiliabitur
1039 1788 1118 1851 ei.
1208 1805 1258 1874 y
1297 1787 1410 1852 In-

206 1876 362 1939 veni
421 1876 622 1941 david
673 1896 938 1941 servum
987 1894 1210 1941 meum
1259 1875 1410 1941 oleo

203 1972 442 2028 sancto
489 1984 644 2029 meo
687 1964 853 2029 unxi
899 1984 1072 2029 eum.
1163 1964 1410 2029 Manus

205 2052 407 2116 enim.
1105 2052 1319 2115 Lectio
1349 2072 1410 2115 v.

201 2138 376 2271 Ibi
425 2148 526 2204 est
573 2139 756 2222 quod
809 2140 992 2205 omni
1041 2141 1203 2205 etati
1253 2160 1408 2204 con-

305 2236 552 2308 gruat:
625 2227 717 2290 ibi
791 2237 896 2291 est
969 2228 1148 2309 quod
1224 2228 1407 2291 omni

203 2314 596 2398 professioni
627 2316 996 2380 conveniat.
1086 2314 1192 2379 Ibi
1221 2316 1410 2380 audi-

201 2405 424 2467 vimus
482 2412 796 2486 precepta
853 2422 984 2486 que
1043 2402 1408 2469 faciamus:

205 2491 300 2555 ibi
377 2494 838 2573 cognoscimus
931 2492 1186 2573 premia
1277 2512 1407 2574 que

201 2598 563 2661 speremus,
654 2579 758 2644 Ibi
803 2586 908 2643 est
953 2599 1082 2661 que
1127 2600 1250 2643 nos
1289 2600 1409 2662 per

202 2666 498 2730 litteram
559 2666 798 2731 doceat
850 2676 920 2731 et
979 2669 1260 2731 instruat
1317 2668 1404 2732 ad

203 2755 607 2820 scientiam:
681 2755 772 2819 ibi
848 2756 1200 2837 promissio
1274 2776 1406 2838 que

201 2862 326 2924 per
352 2843 638 2925 gratiam
670 2842 990 2925 perducat
1013 2843 1098 2906 ad
1121 2842 1404 2910 veniam.

197 2930 319 3018 Re.
439 2930 698 3012 Juravit
773 2931 1082 2994 dominus
1141 2940 1210 2995 et
1269 2952 1404 2995 non

197 3018 532 3100 penitebit
561 3038 716 3082 eum
758 3028 833 3082 tu
879 3038 950 3082 es
995 3019 1306 3083 sacerdos
1335 3020 1402 3083 in

199 3115 525 3170 eternum.
646 3106 1032 3172 Secundum
1101 3107 1400 3171 ordinem

197 3192 708 3259 melchisedech.
781 3212 831 3281 y
877 3194 1074 3259 Dixit
1093 3195 1403 3259 dominus

193 3282 476 3345 domino
508 3302 660 3347 meo
687 3283 847 3346 sede
869 3300 910 3346 a
933 3283 1188 3347 dextris
1221 3283 1402 3347 meis.

195 3368 605 3435 Secundum.
1075 3369 1287 3434 Lectio
1316 3371 1399 3453 ψ’.

189 3458 626 3591 Servorum
687 3458 888 3539 igitur
935 3478 1104 3540 quos
1152 3458 1402 3540 populo

321 3566 444 3609 suo
496 3547 833 3628 preposuit
881 3547 1194 3609 dominus
1253 3566 1403 3628 spe-

191 3633 368 3697 ciale
440 3634 670 3697 volens
759 3634 1044 3698 officium
1123 3634 1399 3699 demon-

187 3728 456 3785 strare:
509 3722 602 3785 ait
661 3722 844 3804 quod
905 3742 993 3785 ex
1051 3721 1400 3804 evangelio

187 3828 358 3891 sepe
401 3810 811 3874 audivimus:
860 3808 1030 3892 Quis
1070 3818 1266 3892 putas
1297 3817 1401 3874 est

189 3896 412 3961 fidelis
469 3898 890 3979 dispensator
941 3906 1010 3961 et
1061 3898 1396 3979 prudens:

187 4004 398 4068 quem
447 3986 790 4049 constituit
837 3986 1150 4049 dominus
1197 4006 1396 4068 supra

187 4072 516 4138 familiam
569 4094 798 4137 suam:
861 4084 934 4137 ut
983 4074 1100 4137 det
1148 4072 1276 4137 illis
1325 4074 1394 4137 in

187 4172 497 4244 tempore
530 4162 730 4227 tritici
781 4181 1175 4227 mensuram.
1268 4163 1394 4225 Be-

185 4259 346 4315 atus
409 4250 524 4315 ille
601 4270 868 4314 servus:
955 4270 1156 4332 quem
1237 4270 1390 4313 cum

615 4388 628 4419 ¹
668 4386 872 4437 Unam:
907 4386 1034 4437 E-S.

2086 367 2193 421 42

1515 472 1771 536 venerit
1844 472 2159 537 dominus
2232 472 2556 536 invenerit
2622 473 2719 539 sic

1516 558 1890 625 facientem.
2006 560 2126 624 Re.
2244 561 2367 624 Vir
2430 560 2719 625 israelita

1511 649 1737 728 gaude
1796 647 2067 713 coheres
2126 646 2393 713 Christi.
2505 650 2717 712 Inter-

1510 736 1677 799 cede
1719 755 1842 819 pro
1886 736 2096 801 nobis·
2185 753 2235 822 y
2283 736 2381 803 Ut
2410 737 2715 817 precibus

1509 823 1643 885 tuis
1702 843 1745 887 a
1802 824 1933 887 deo
1989 823 2255 889 veniam
2328 844 2713 906 speremus:

1509 910 1845 992 supplices
1938 912 2025 975 ad
2118 920 2189 975 te
2276 912 2715 993 confugimus.

1515 997 1881 1063 Intercede.
1994 998 2239 1063 Gloria.
2348 999 2713 1064 Intercede.

1509 1086 1599 1149 In
1658 1085 1753 1167 iij.
1814 1095 2119 1151 nocturno
2190 1094 2299 1151 αῆ.
2420 1087 2714 1152 Domine

1512 1174 1639 1237 iste
1687 1183 1955 1239 sanctus
2005 1174 2337 1239 habitabit
2384 1174 2452 1237 in
2494 1175 2713 1239 taber-

1513 1261 1754 1326 naculo
1799 1270 1959 1327 tuo:
2004 1271 2317 1344 operatus
2368 1270 2471 1326 est
2516 1262 2713 1344 justi-

1509 1350 1717 1413 tiam:
1750 1351 2115 1431 requiescet
2138 1351 2207 1414 in
2227 1358 2456 1413 monte
2480 1360 2713 1415 sancto

1511 1444 1649 1501 tuo,
1720 1446 1824 1519 pf.
1916 1437 2209 1503 Domine
2256 1439 2405 1519 quis
2450 1438 2712 1503 habita-

1511 1524 1627 1588 bit.
1742 1526 1881 1591 Ar'i.
1986 1525 2239 1589 Vitam¹
2288 1526 2482 1607 petiit
2540 1545 2583 1589 a
2640 1534 2713 1590 te

1509 1612 1798 1679 tribuisti
1844 1612 1907 1677 ei
1952 1612 2268 1677 domine:
2314 1612 2595 1695 gloriam
2641 1622 2711 1677 et

1509 1720 1831 1783 magnum
1928 1701 2237 1767 decorem
2334 1701 2709 1782 imposuisti

1509 1808 1711 1870 super
1768 1808 1965 1853 eum:
2029 1788 2309 1870 posuisti
2362 1789 2429 1852 in
2490 1790 2711 1871 capite

1507 1876 1569 1957 ej
1578 1896 1653 1939 us
1682 1896 1995 1941 coronam
2026 1877 2113 1940 de
2142 1876 2365 1958 lapide
2392 1878 2707 1959 precioso.

1491 1973 1597 2045 pff.
1710 1964 2005 2028 Domine
2066 1964 2135 2027 in
2192 1965 2451 2029 virtute.
2569 1964 2708 2029 Αῆ.

1511 2052 1647 2116 Hic
1720 2052 2001 2134 accipiet
2074 2051 2607 2117 benedictionem
2666 2072 2709 2117 a

1504 2139 1835 2205 domino:
1910 2148 1977 2204 et
2068 2141 2584 2204 misericordiam
2666 2160 2709 2205 a

1506 2228 1637 2291 deo
1696 2227 1965 2293 salutari
2016 2248 2183 2291 suo:
2228 2228 2385 2310 quia
2436 2228 2559 2291 hec
2606 2236 2709 2292 est

1508 2316 1852 2397 generatio
1881 2316 2299 2398 querentium
2342 2316 2707 2381 dominum.

1496 2412 1595 2484 pff.
1689 2403 1963 2467 Domini
1994 2412 2094 2467 est
2138 2412 2327 2467 terra.
2416 2420 2465 2487 γ
2512 2402 2707 2487 Mag-

1507 2489 1803 2555 nificavit
1832 2510 2003 2556 eum.
2082 2482 2449 2555 Secundum
2480 2490 2707 2555 math.²

1502 2580 1652 2710 ln
1706 2578 1818 2643 illo
1866 2587 2208 2661 tempore:
2266 2578 2464 2643 Dixit
2510 2578 2705 2659 Jesus

1605 2667 1945 2749 discipulis
2062 2668 2199 2731 suis
2316 2665 2701 2749 parabolam

1502 2754 1715 2821 hanc:
1796 2756 2026 2819 Homo
2090 2755 2363 2837 quidam
2433 2774 2703 2837 peregre

1504 2842 1927 2924 proficiscens
1965 2844 2229 2907 vocavit
2258 2862 2479 2905 servos
2508 2864 2702 2907 suos:

1503 2940 1573 2995 et
1625 2931 1899 2995 tradidit
1952 2930 2079 2993 illis
2133 2929 2311 2993 bona
2361 2950 2501 2993 sua.
2606 2930 2701 2995 Et

1503 3017 1772 3101 reliqua.
1890 3017 2141 3083 Omelia
2192 3016 2365 3081 beati
2406 3018 2708 3099 gregorii

1488 3116 1673 3187 pape.
2339 3105 2553 3169 Lectio
2582 3105 2698 3188 vtj.

1501 3195 1849 3325 Homo
1898 3191 2023 3257 iste
2064 3191 2295 3257 fratres
2349 3193 2462 3274 qui
2515 3213 2701 3274 pere-

1689 3300 1808 3363 gre
1849 3279 2280 3364 proficiscitur
2327 3280 2705 3362 redemptor

1501 3377 1728 3432 noster
1802 3376 1944 3434 est:
2019 3368 2133 3449 qui
2207 3369 2275 3431 in
2346 3388 2427 3431 ea
2501 3388 2703 3433 carne

1501 3477 1707 3538 quam
1759 3465 2207 3537 assumpserat
2258 3455 2421 3520 abiit
2475 3456 2541 3519 in
2594 3477 2700 3520 ce-

1500 3544 1660 3610 lum.
1782 3545 2015 3610 Carnis
2069 3545 2245 3607 enim
2300 3542 2483 3607 locus
2550 3564 2699 3627 pro·

1498 3633 1641 3715 prie
1698 3641 1875 3697 terra
1927 3641 2046 3696 est.
2156 3631 2305 3714 Que
2358 3632 2547 3714 quasi
2609 3633 2695 3696 ad

1499 3720 2055 3803 peregrinandum
2074 3719 2374 3783 ducitur:
2406 3740 2557 3783 cum
2582 3740 2701 3801 per

1497 3808 1935 3891 redemptoris
1989 3808 2194 3871 nostri
2244 3807 2697 3871 ascensionem

1497 3898 1565 3959 in
1598 3897 1755 3961 celis
1776 3896 2153 3960 collocatur.
2226 3896 2345 3959 Re.
2419 3894 2700 3960 Amavit

1496 4005 1651 4048 eum
1689 3984 2037 4047 dominus:
2085 3991 2151 4046 et
2197 3983 2455 4046 ornavit
2502 4002 2695 4047 eum:

1493 4073 1669 4136 stola
1711 4072 1917 4154 glorie
1963 4072 2175 4134 induit
2222 4090 2393 4135 eum.
2486 4070 2577 4133 Et
2607 4070 2693 4161 ad

1493 4170 1721 4243 portas
1781 4160 2069 4242 paradisi
2130 4158 2471 4223 coronavit
2521 4178 2695 4222 eum.

1492 4266 1541 4337 γ
1589 4248 1818 4313 Induit
1865 4268 2017 4311 eum
2066 4246 2376 4309 dominus
2422 4244 2694 4317 loricam

1739 4385 1760 4414 ²
1798 4382 1971 4433 ‘xx-v!
1996 4384 2128 4433 add:
2173 4380 2455 4433 WE.G.S.
