3117 4959
879 249 986 304 IN
1027 247 1354 307 OCTAVA
1410 247 1732 304 SANCTJ
1770 247 2039 302 PETRI
2078 246 2516 304 APOSYOLI.

1009 357 1158 411 457

436 483 750 530 reversus
781 471 882 546 pf.
915 463 1102 545 Mag.
1149 462 1398 527 Oratio,
1449 461 1637 526 Deus

437 554 552 636 qui
605 553 878 616 beatum
933 561 1214 635 petrum.
1305 550 1637 613 Memoria

437 643 518 704 de
543 641 786 705 sanctis
815 639 1226 722 martyribus,
1275 639 1336 702 A
1347 647 1408 702 ἢ.
1457 638 1639 702 Gau-

439 731 604 792 dent
624 729 688 791 in
711 728 886 791 celis.
919 745 967 813 y
1004 726 1348 791 Exultent.
1389 727 1637 790 Oratio,

439 819 713 949 Deus
788 817 901 899 qui
977 835 1099 878 nos
1174 834 1397 879 annua
1456 815 1638 879 beati

597 905 812 969 ciriaci
890 903 1198 984 martyris
1271 904 1368 966 tui
1429 903 1641 967 socio-

443 1012 722 1076 rumque
781 991 926 1073 ejus
986 991 1386 1055 solennitate
1445 990 1642 1054 letifi-

443 1101 594 1144 cas:
639 1081 930 1144 concede
963 1081 1330 1163 propitius:
1377 1088 1452 1142 ut
1476 1099 1643 1160 quo-

443 1189 588 1232 rum
622 1168 934 1232 natalicia
961 1167 1279 1232 colimus:
1324 1167 1639 1230 virtutem

443 1276 710 1340 quoque
739 1255 1065 1338 passionis
1101 1255 1474 1319 imitemur:
1522 1275 1643 1337 per

444 1344 810 1408 dominum.
900 1343 1025 1419 Ad
1075 1354 1274 1407 matu.
1339 1343 1639 1406 invitato,

446 1434 550 1497 Tu
576 1453 646 1497 es
667 1441 905 1515 pastor.
955 1441 1057 1513 pf.
1120 1432 1380 1495 Venite.
1427 1431 1641 1511 Hym-

445 1543 586 1586 nus.
655 1521 906 1586 Eterna
938 1519 1182 1584 Christi
1207 1539 1499 1583 munera.
1555 1519 1640 1582 In

432 1610 655 1691 primo
683 1619 1004 1672 nocturno.
1075 1607 1214 1672 Αφῖ.
1293 1608 1371 1671 In
1405 1607 1645 1690 plateis

433 1707 533 1780 pi.
627 1697 768 1763 Celi
799 1705 1124 1762 enarrant.
1212 1705 1277 1758 et
1321 1705 1521 1758 cetera
1570 1704 1650 1757 ut

446 1787 518 1851 in
549 1785 666 1850 die.
1358 1784 1573 1847 Lectio
1583 1783 1645 1865 j.

600 1873 845 1936 erfecta
926 1871 1195 1936 dilectio
1277 1881 1428 1936 est':
1510 1891 1647 1953 qua

599 1962 799 2025 deum
851 1959 950 2024 et¹
1007 1970 1154 2024 toto
1202 1960 1438 2024 corde:
1501 1969 1647 2022 tota

449 2048 710 2114 anima:
757 2059 902 2113 tota
931 2049 1212 2112 virtute:
1259 2049 1645 2130 proximum

449 2147 675 2200 autem
707 2146 1027 2218 tanquam
1049 2137 1351 2218 nosipsos
1371 2135 1646 2217 diligere

445 2224 770 2308 jubemur.
863 2225 954 2288 Et
999 2233 1233 2288 neutra
1279 2223 1512 2288 harum'
1545 2224 1648 2288 di-

451 2313 663 2377 lecto²
692 2314 833 2376 sine
862 2313 1072 2377 altera
1115 2312 1292 2376 valet
1325 2333 1468 2376 esse
1499 2332 1647 2394 per-

451 2401 660 2466 fecta:
706 2402 863 2483 quia
912 2420 1034 2464 nec
1087 2401 1251 2464 deus
1308 2421 1456 2463 vere
1505 2400 1647 2464 sine

451 2490 808 2574 proximo:
873 2508 993 2553 nec
1042 2489 1184 2552 sine
1243 2489 1371 2552 deo
1424 2497 1649 2570 potest

452 2579 801 2660 proximus
861 2577 1086 2642 amari.
1177 2577 1292 2640 Re.
1388 2577 1647 2657 Symon

452 2676 652 2750 petre.
1330 2665 1546 2728 Lectio
1580 2664 1649 2746 ᾔ.

471 2757 628 2892 U
635 2754 765 2818 nde
795 2753 1106 2817 dominus
1141 2753 1339 2816 tertio
1371 2753 1651 2815 interro-

634 2853 794 2926 gato
843 2851 1076 2925 petro:
1122 2860 1205 2905 an
1240 2860 1311 2904 se
1342 2841 1650 2922 diligeret

453 2941 522 2995 et
575 2932 688 2994 illo
748 2930 1189 3014 respondente
1252 2931 1429 3011 quod
1494 2949 1646 2992 eum

454 3023 600 3102 ipso
631 3028 800 3084 teste
845 3020 1192 3100 diligeret:
1239 3017 1651 3098 adjungebat

453 3129 575 3191 per
590 3109 849 3190 singula
869 3107 962 3171 ita
985 3105 1404 3170 concludens
1447 3107 1649 3169 Pasce

453 3218 612 3261 oves
674 3217 900 3260 meas:
975 3197 1114 3258 sive
1175 3215 1386 3276 agnos
1447 3214 1651 3258 meOS.

456 3285 564 3348 Ac
593 3285 646 3348 si
694 3293 921 3366 aperte
973 3284 1260 3346 diceret:
1313 3283 1462 3346 Hec
1509 3282 1651 3345 sola

453 3383 522 3436 et
569 3393 724 3436 vera
774 3380 875 3434 est
919 3371 1262 3453 probati0³
1293 3371 1530 3452 integri
1584 3371 1648 3433 in

454 3461 655 3524 deum
719 3459 1004 3523 amoris:
1081 3459 1134 3521 si
1197 3479 1354 3540 erga
1414 3457 1651 3522 fratres

453 3549 782 3613 studueris
803 3567 1028 3609 curam
1053 3546 1316 3609 solliciti
1341 3567 1651 3609 exercere

455 3637 714 3701 laboriS.
749 3635 860 3699 Re.
895 3635 965 3701 Si
989 3633 1224 3716 diligis.
1265 3634 1403 3697 Lec.
1435 3634 1649 3698 tertia.

441 3725 451 3730 ’
592 3725 920 3805 uicunque
952 3722 1135 3786 fratri
1167 3743 1336 3804 opus
1382 3723 1652 3804 pietatis

465 3727 770 3896 Qquod
803 3811 980 3876 valet
1016 3810 1412 3892 inpendere⁴
1443 3811 1653 3892 negli-

452 3905 592 3986 git:
641 3901 882 3966 minus·
900 3900 1082 3982 justo
1119 3919 1190 3962 se
1235 3899 1646 3962 conditorem

454 3992 729 4076 diligere
759 3990 1097 4055 ostendit:
1143 3986 1330 4069 cujus
1372 3988 1652 4051 manda-

455 4091 598 4146 tum
675 4081 742 4143 in
833 4077 1270 4144 sustentanda
1358 4076 1653 4159 proximi

455 4171 847 4234 necessitate
943 4165 1375 4248 contempnit.
1499 4165 1652 4247 Quo

557 4326 570 4353 ¹
607 4337 702 4371 ex:
739 4319 804 4370 N.
1077 4319 1098 4350 ²
1129 4315 1370 4370 dileetio:
1407 4315 1609 4368 R.N.S.

554 4390 575 4419 ⁸
607 4387 838 4452 probatio
860 4391 970 4436 est:
1006 4385 1146 4436 ΚΝ.

554 4456 575 4486 ⁴
607 4452 896 4518 impendere
921 4469 933 4500 ε
969 4451 1034 4500 N.

2251 358 2408 413 458

1738 459 2039 545 profecto
2084 462 2376 525 charitas
2428 460 2765 544 quoniam
2818 459 2947 522 sine

1738 551 1954 632 gratia
2030 559 2103 613 et
2200 551 2429 614 divina
2516 549 2949 631 inspiratione

1740 640 2016 702 minime
2076 641 2291 720 possit
2351 638 2607 701 haberi.
2722 636 2952 699 Tacite

1740 727 2035 809 quodam
2058 727 2262 790 modo
2281 726 2600 789 dominus
2620 725 2953 788 insinuat:

1740 816 1855 897 qui
1903 824 2167 897 petrum
2199 816 2285 878 de
2317 815 2428 878 illa
2485 815 2955 895 interrogans:

1740 923 2095 984 symonem
2157 923 2312 966 eum
2382 902 2709 984 johannis
2775 901 2955 984 quod

1743 1011 2085 1074 nunquam
2116 990 2283 1054 alias
2311 991 2781 1073 cognominat.
2848 991 2955 1052 Re.

1742 1080 1847 1143 Tu
1882 1100 1954 1142 es
1984 1089 2230 1161 petrus.
2296 1079 2527 1143 Medic
2552 1080 2863 1142 lectiones
2888 1078 2961 1140 κίε

1743 1167 2157 1246 martyribus.
2322 1233 2333 1244 ‚
2574 1167 2808 1230 Lectio
2839 1167 2957 1247 iiis:

1742 1256 2325 1391 Maximianus
2385 1265 2717 1337 augustus
2782 1256 2963 1318 dixit

1948 1345 2251 1426 carpasio
2278 1345 2527 1407 vicario
2544 1365 2687 1407 suo,
2744 1345 2958 1407 Ciria-

1741 1452 1895 1494 cum
1942 1433 2335 1514 sacrilegum
2386 1432 2505 1514 qui
2540 1433 2961 1495 carminibus

1746 1520 2021 1601 magicis
2053 1529 2123 1583 et
2154 1520 2690 1584 incitationibus⁵
2712 1521 2963 1583 suadet

1744 1607 2126 1672 hominibus
2202 1608 2551 1673 Christum·
2608 1609 2964 1673 confiteri:

1744 1697 2023 1759 diversis
2099 1697 2286 1778 penis
2346 1696 2623 1778 afflige:
2698 1698 2763 1760 si
2830 1717 2959 1760 non

1746 1784 2067 1848 libamina
2126 1785 2252 1847 diis
2315 1785 2651 1848 obtulerit.
2768 1787 2961 1848 Tunc

1747 1874 2084 1955 carpasius
2116 1873 2389 1936 mittens
2413 1875 2499 1936 ad
2534 1874 2959 1936 custodiam:

1745 1961 2059 2024 ciriacum
2178 1961 2572 2024 diaconem⁶
2693 1961 2957 2044 largum

1747 2048 2175 2130 smaragdum
2246 2059 2317 2112 et
2384 2049 2959 2113 crescentianum²

1741 2137 1939 2218 jussit
2002 2137 2367 2218 presentari
2420 2137 2567 2201 sibi.
2692 2137 2959 2220 Quibus

1746 2224 1967 2289 dixit:
2016 2225 2241 2307 Quare
2278 2225 2650 2289 obaudistis
2682 2247 2959 2309 precep-

1746 2321 1891 2376 tum
1954 2313 2313 2396 principis:
2371 2323 2441 2377 et
2504 2334 2643 2376 non
2702 2315 2959 2378 offertis

1749 2401 2071 2464 libamina
2166 2402 2295 2464 diis
2406 2403 2959 2466 immoztalibus?

1751 2490 2271 2571 Responderunt
2320 2489 2649 2572 Nosipsos
2680 2492 2960 2554 domino

1750 2587 1980 2640 nostro
2011 2578 2170 2658 Jesu
2206 2577 2475 2642 Christo
2506 2578 2875 2643 offerimus,

1760 2666 2184 2798 carpasius
2214 2667 2393 2729 dixit
2422 2667 2669 2730 ciriaco
2697 2689 2713 2730 :
2760 2667 2873 2750 [L.
2902 2687 2959 2730 v.

1886 2753 2112 2836 Quare
2188 2755 2331 2818 dies
2405 2756 2779 2819 senectutis
2852 2767 2963 2818 tue

1750 2861 1901 2905 cum
1958 2843 2309 2906 tormentis
2356 2843 2637 2906 deducis
2674 2844 2766 2907 ad
2800 2843 2967 2907 infe-

1752 2931 1904 2992 ros?
1961 2930 2277 2995 Sacrifica
2306 2932 2434 2994 diis
2466 2933 2965 2995 immortalibus

1752 3026 1820 3080 et
1893 3018 2091 3082 vives,
2216 3019 2515 3083 Ciriacus
2594 3023 2961 3102 respondit.

1754 3105 2142 3171 Sacrificent
2172 3107 2263 3170 hii
2294 3109 2407 3190 qui
2442 3128 2579 3171 non
2626 3129 2967 3190 cognove-

1754 3203 1907 3258 runt
1950 3204 2315 3258 creatorem
2366 3216 2563 3259 suum
2604 3198 2963 3260 dominum

1750 3282 1981 3363 Jesum
2046 3283 2404 3348 Christum.
2509 3283 2711 3350 Tunc
2770 3285 2963 3366 jussit

1754 3390 1906 3433 eum
1941 3371 2006 3432 in
2054 3381 2315 3435 catasta
2367 3374 2699 3438 extendi:
2746 3375 2961 3436 nervis

1754 3459 2038 3522 attrahi:
2085 3468 2155 3523 et
2184 3459 2471 3523 fustibus
2500 3461 2677 3525 cedi.
2756 3463 2955 3527 Ciria-

1753 3567 1871 3611 cus
1948 3556 2170 3610 autem
2248 3549 2590 3612 clamabat
2676 3551 2957 3614 dicens:

1758 3635 2071 3699 Miserere
2103 3636 2264 3698 mihi
2315 3639 2651 3719 peccatori
2695 3639 2963 3701 domine

1752 3724 1912 3805 Jesu
1946 3723 2227 3788 Christe.
2632 3727 2851 3790 Lectio
2877 3726 2957 3808 rj.

1756 3816 1849 3944 l
1862 3822 2043 3875 ratus
2094 3814 2551 3878 maximianus
2598 3827 2957 3897 augustus:

1855 3900 2055 3982 jussit
2086 3921 2321 3964 omnes
2352 3904 2618 3966 vinctos
2638 3905 2957 3985 quierant

1755 3989 1821 4052 in
1855 3989 2157 4053 custodia
2200 4010 2335 4054 una
2380 4012 2534 4053 cum
2584 3993 2827 4056 ciriaco
2854 4011 2957 4054 ca-

1754 4078 1895 4159 pite
1927 4080 2233 4142 truncari.
2287 4079 2379 4142 Et
2402 4080 2570 4143 data
2590 4081 2955 4144 sententia:

1756 4167 1939 4230 ducti
1987 4175 2143 4229 sunt
2188 4187 2341 4231 cum
2392 4168 2637 4232 ciriaco
2684 4170 2953 4232 diacono

1983 4321 2003 4349 ⁸
2037 4318 2495 4370 incantationibus:
2532 4321 2661 4372 R.S.

1982 4387 2004 4415 ⁸
2036 4385 2340 4436 ciaconum:
2378 4385 2427 4435 S.

1982 4452 2003 4480 '
2036 4452 2357 4500 crescentiam
2385 4470 2398 4500 :
2438 4451 2502 4501 R.
