3117 4959
1290 241 1549 298 JNFRA
1605 237 1713 296 OC
1714 240 1770 294 T
1759 237 1820 294 A
1831 239 1992 295 VAS

928 351 1069 406 815

397 453 520 515 suis
559 452 841 531 ,precibus
886 453 1133 512 ferventi
1180 450 1383 512 animo
1436 469 1600 511 com-

396 535 756 606 mendasset,
786 533 849 591 in
875 531 1205 592 continenti
1242 529 1602 593 beneficium

394 611 727 671 curacionis
752 609 999 686 accepit.
1318 611 1507 669 Lectio
1532 607 1606 668 ii.

506 693 718 751 uedam
786 690 999 750 mulier
1062 699 1276 751 vocata
1358 688 1602 748 Beatrix

501 771 579 830 de
630 768 869 828 civitate
925 770 1211 829 Eborum·
1240 767 1497 844 perdidit
1538 767 1602 825 in

396 851 551 909 festo
620 847 991 908 sanctissime
1074 847 1379 907 Trinitatis
1462 856 1601 922 post

398 928 604 986 horam
628 926 746 986 diei
764 926 1143 986 undecimam
1162 945 1337 986 usum
1354 945 1598 984 omnem

398 1017 459 1066 et
515 1016 872 1080 potestatem
926 1005 1214 1081 loquendi
1271 1023 1463 1081 usque
1516 1004 1597 1063 ad

398 1084 711 1144 sabbatum
754 1083 920 1161 quod
960 1085 1040 1144 de
1088 1083 1360 1160 proximo
1389 1101 1599 1159 seque-

397 1165 572 1223 batur
601 1184 613 1220 :
646 1181 767 1238 quo
794 1162 1045 1222 sabbato
1074 1163 1342 1239 predicta
1364 1160 1601 1222 Beatrix

400 1243 479 1302 de
546 1240 748 1300 matris
802 1259 907 1300 sue
960 1241 1214 1301 consilio
1270 1259 1391 1299 una
1457 1259 1600 1299 cum

398 1331 587 1379 matre
659 1319 823 1380 venit
886 1321 1049 1396 apud
1118 1321 1424 1396 Hampole
1490 1337 1600 1396 pro

398 1397 824 1475 impetracione
898 1397 1296 1458 restitucionis
1360 1399 1600 1474 loquele

400 1477 728 1554 deperdite,
746 1476 850 1537 ubi
870 1479 1271 1552 procumbens
1296 1477 1371 1536 ad
1402 1487 1598 1536 tumu-

400 1557 523 1614 lum
590 1555 751 1616 beati
819 1555 1081 1627 Ricardi,
1144 1567 1204 1616 et
1279 1556 1343 1614 in
1416 1556 1600 1615 corde

401 1645 607 1694 votum
636 1633 877 1708 faciens,
908 1635 1073 1710 quod
1113 1634 1165 1693 si
1204 1653 1336 1694 eam
1366 1644 1600 1693 sanaret

401 1711 645 1788 singulis
673 1712 845 1772 annis
888 1715 1219 1790 sepulcrum
1246 1715 1376 1790 ejus
1402 1711 1600 1773 visita-

399 1802 489 1851 ret
522 1814 535 1850 ε
578 1793 769 1851 soluta
796 1802 933 1851 sunt
960 1792 1195 1852 vincula
1228 1792 1427 1869 lingue
1454 1793 1599 1867 ejus,

402 1881 464 1929 et
490 1870 847 1946 loquebatur
872 1870 1093 1931 diserte
1134 1881 1195 1931 et
1238 1881 1395 1930 recte
1438 1889 1601 1948 mag-

400 1947 652 2008 nificans
683 1951 880 2008 Deum
897 1949 961 2008 in
982 1960 1193 2010 sancto
1212 1969 1321 2010 suo
1341 1949 1604 2009 Ricardo

402 2025 509 2102 qui
537 2027 592 2086 ei
620 2027 1032 2103 impetraverat
1055 2028 1301 2105 gratiam
1318 2028 1599 2088 sanitatis

412 2105 729 2241 Quedam
758 2107 969 2166 mulier
995 2107 1237 2166 nomine
1274 2105 1486 2187 [Lectio
1512 2109 1602 2183 iij.

508 2184 746 2258 Juliana
762 2185 839 2244 de
856 2185 1067 2244 eadem
1080 2184 1317 2245 civitate
1332 2185 1605 2259 Eboraci,

402 2272 617 2321 vexata
682 2261 932 2339 graviter
983 2283 1021 2322 a
1074 2263 1281 2339 spiritu
1338 2263 1607 2325 demonii

404 2350 577 2399 muto
627 2358 734 2416 per
779 2339 908 2400 dies
952 2341 1295 2417 duodecim,
1344 2344 1610 2403 adducta

405 2428 496 2478 est
524 2420 684 2494 apud
732 2421 1037 2496 Hampole
1080 2419 1144 2479 in
1187 2419 1405 2497 Vigilia
1446 2421 1608 2482 beati

404 2497 699 2574 Johannis
768 2499 1051 2575 Baptiste.
1182 2501 1461 2576 Cumque
1526 2501 1608 2560 ad

407 2577 703 2636 tumulum
762 2576 921 2637 beati
994 2579 1279 2639 heremite
1363 2579 1610 2639 Ricardi

408 2657 845 2731 procumberet,
874 2675 1161 2731 sompnus
1190 2677 1323 2717 eam
1364 2657 1612 2734 arripuit

411 2733 583 2810 quasi
602 2733 619 2764 ¹
650 2753 757 2812 per
782 2735 1049 2811 spacium
1080 2736 1256 2796 trium
1285 2738 1561 2797 horarum
1595 2759 1608 2796 ε

412 2811 561 2872 vidit
620 2825 823 2873 autem
890 2813 953 2874 in
1009 2815 1293 2891 sompnis,
1365 2826 1429 2876 ut
1496 2815 1611 2876 sibi

410 2891 699 2967 apparuit,
730 2892 1131 2953 beatissimam
1160 2893 1443 2971 virginem
1485 2914 1610 2955 ma-

411 2980 562 3029 trem
606 2970 721 3029 Dei
764 2975 1029 3032 celorum
1070 2972 1349 3049 reginam,
1380 2985 1440 3034 et
1470 2976 1612 3034 bea-

410 3058 536 3107 tum
554 3047 893 3137 ‘Ricardum
921 3051 1265 3111 heremitam
1308 3072 1441 3112 eam
1467 3073 1614 3112 con-

408 3139 814 3215 comitantem,
843 3128 945 3205 qui
974 3130 1383 3192 consolatoriis
1417 3133 1614 3193 verbis

410 3222 601 3295 ipsam
647 3207 1040 3268 dormientem
1080 3211 1509 3286 alloquebatur,
1554 3222 1614 3270 et

412 3284 599 3372 dixit:
636 3286 867 3344 advoca
906 3290 1277 3349 sacerdotem
1304 3289 1401 3350 cui
1429 3292 1613 3350 confi-

412 3373 591 3422 teans
616 3381 693 3422 ex
720 3363 947 3441 integro
976 3380 1223 3443 peccata
1247 3379 1365 3442 tua,
1390 3379 1450 3428 et
1470 3381 1616 3428 tunc

412 3452 616 3500 mente
668 3452 730 3500 et
772 3461 1021 3519 corpore
1064 3447 1240 3522 plene
1295 3447 1609 3508 sanaberis·

415 3520 563 3610 ⁸Post
609 3520 721 3580 hec
764 3519 1048 3597 evigilans
1094 3536 1335 3602 recepta
1377 3527 1618 3602 loquela

414 3607 530 3657 ista
582 3598 836 3659 narravit
886 3602 1234 3677 astantibuS,
1282 3606 1615 3683 adjungens

415 3677 583 3753 quod
610 3677 841 3736 claritas
875 3677 1327 3759 circumfulgens
1350 3683 1616 3744 beatissi-

415 3773 573 3815 mam
602 3775 890 3832 vlrglnem
939 3768 1000 3817 et
1046 3773 1318 3821 sanctum
1364 3762 1481 3822 Dei
1509 3762 1616 3822 Ri-

414 3835 661 3894 cardum
717 3846 841 3896 erat
895 3847 1017 3895 tam
1071 3837 1288 3900 intensi
1306 3841 1331 3877 ²
1386 3853 1447 3901 et
1496 3853 1617 3902 tam

415 3913 699 3974 radiantis
755 3915 1105 3991 splendoriS,
1156 3919 1321 3994 quod
1370 3939 1473 3997 pre
1517 3923 1624 3980 ful-

416 4011 560 4068 gore
588 3993 774 4054 nimio
804 4012 925 4054 non
955 4007 1187 4071 poterat
1230 3997 1291 4057 in
1334 3997 1479 4075 ipsis
1520 4000 1625 4059 diu

418 4071 675 4148 defigere
702 4072 891 4132 aciem
922 4077 1249 4137 oculorum.

736 4152 911 4211 Faria
948 4155 1157 4214 stam.
1360 4158 1551 4218 Lectio
1559 4159 1620 4232 j.

519 4313 539 4408 ἶ
570 4313 825 4441 §flastra
1055 4319 1076 4412 ἶ
1106 4319 1429 4437 Ξῗὲἐῗῖὶῐΐ·

2231 299 2374 403 816

1810 447 2012 510 uidam
2047 449 2294 510 nomine
2319 450 2632 527 Johannes
2673 447 2738 508 in
2777 445 2918 506 villa

1810 531 1888 589 de
1932 532 2148 590 Sutton
2191 548 2380 607 prope
2429 529 2759 604 Hampole,
2811 525 2917 602 qui

1701 627 1810 686 per
1859 609 2074 670 decem
2141 627 2334 668 annos
2397 607 2636 667 notorie
2705 607 2924 665 surdus

1705 697 1846 761 erat,
1875 706 2054 748 orans
2092 689 2174 748 ad
2209 686 2410 748 Sancti
2441 685 2692 746 Ricardi
2717 695 2920 745 tumu-

1703 769 1830 826 lum
1859 778 2094 827 curatus
2136 778 2240 826 est.
2324 765 2530 825 Simile
2559 764 2921 824 miraculum

1703 845 1953 922 contigit
1979 847 2058 906 de
2083 847 2346 922 quadam
2383 843 2634 904 muliere
2663 844 2748 903 de
2775 841 2920 901 civi-

1704 935 1827 984 tate
1873 926 2157 999 Eborum,
2185 943 2304 1001 que
2350 925 2433 983 ad
2473 922 2670 983 sancti
2717 923 2922 998 sepul-

1703 1023 1870 1063 crum
1945 1005 2123 1063 surda
2200 1003 2471 1075 accessit,
2549 1001 2922 1062 beneficium

1703 1081 1990 1141 audiendi
2045 1084 2418 1158 deposcens:
2459 1099 2722 1158 cumque
2774 1097 2922 1139 cum

1701 1179 1918 1237 magna
1944 1160 2275 1222 devocione
2303 1162 2724 1237 deprecaretur
2747 1177 2928 1218 sanc·

1701 1251 1830 1299 turn
1901 1239 2245 1313 Ricardum,
2314 1241 2575 1316 quedam
2659 1234 2927 1297 mulier⁸

1703 1318 1961 1378 existens
1989 1318 2048 1377 in
2079 1320 2291 1378 eadem
2313 1317 2568 1378 ecclesia
2587 1335 2715 1376 non
2735 1318 2926 1392 longe

1703 1416 1740 1456 a
1807 1400 2038 1457 tumulo
2104 1396 2358 1475 predicti
2423 1395 2618 1456 sancti
2685 1393 2928 1454 audivit

1703 1475 2014 1553 strepitum
2068 1475 2238 1553 quasi
2303 1487 2545 1551 rupture
2596 1475 2926 1565 cujusdam

1704 1557 1875 1631 pellis
1919 1554 2336 1614 membranalis
2389 1553 2568 1613 nimis
2621 1554 2928 1612 Violenter

1704 1643 1888 1694 tense.
1978 1637 2123 1694 Post
2170 1652 2348 1709 quam
2391 1630 2819 1708 dirupcionem
2865 1641 2926 1690 et

1706 1713 2018 1790 strepitum
2033 1712 2242 1772 mulier
2268 1731 2387 1790 que
2413 1712 2575 1788 prius
2604 1709 2930 1771 obsurduit

1705 1811 1771 1852 se
1826 1791 2071 1853 asseruit
2125 1790 2473 1852 distinctum
2526 1809 2824 1850 sonorum
2869 1799 2930 1848 et

1704 1890 1928 1931 vocum
1961 1870 2234 1930 auditum
2275 1869 2564 1930 continuo
2592 1867 2924 1945 accepisse.

1710 1948 1931 2010 Mulier
1956 1949 2144 2009 eciam
2174 1951 2432 2026 quedam
2452 1947 2650 2007 Alicia
2677 1947 2930 2008 nomine

1709 2048 1745 2088 a
1795 2029 1949 2088 festo
1985 2031 2160 2090 beate
2220 2027 2508 2088 Katerine
2547 2046 2749 2104 usque
2789 2037 2932 2102 post

1713 2108 1941 2167 Pascha
2005 2127 2180 2168 usum
2247 2107 2488 2183 loquele
2557 2105 2926 2184 perdiderat,

1709 2187 1956 2246 veniens
1997 2185 2060 2246 in
2100 2185 2230 2262 ipsa
2272 2187 2622 2246 ebdomada
2671 2187 2926 2256 Pasche,

1713 2278 1774 2326 et
1789 2284 1964 2325 orans
1979 2266 2056 2325 ad
2069 2264 2259 2324 sancti
2274 2266 2571 2324 tumulum
2587 2265 2928 2340 perfectum

1712 2363 1888 2404 usum
1913 2343 2202 2421 loquendi
2228 2343 2500 2420 recepit.⁴
2638 2343 2836 2402 Lectio
2861 2343 2930 2416 rj.

1711 2425 1793 2529 J
1797 2443 1840 2482 n
1887 2425 2099 2483 eadem
2142 2423 2488 2484 ebdomada
2530 2422 2774 2481 Pasche
2801 2421 2928 2498 qui-

1800 2505 1939 2564 dam
1966 2503 2274 2580 Johannes
2301 2501 2548 2561 nomine
2567 2501 2676 2578 qui
2705 2499 2932 2561 aliena·

1711 2593 1807 2644 tus
1833 2601 1870 2642 a
1897 2601 2073 2642 sensu
2099 2592 2260 2642 totus
2286 2599 2495 2640 amens
2525 2581 2784 2640 effectus
2825 2589 2926 2638 est.

1712 2660 1908 2721 Amici
1936 2673 2133 2720 autem
2163 2661 2434 2736 eJusdem
2470 2658 2734 2736 provido
2765 2669 2934 2718 uten-

1712 2751 1803 2801 tes
1844 2739 2094 2800 consilio
2123 2739 2318 2815 ipsum
2346 2739 2424 2797 ad
2453 2736 2645 2797 sancti
2677 2735 2933 2796 Ricardi

1713 2821 2006 2880 tumulum
2033 2820 2411 2880 adduxerunt
2435 2827 2680 2877 orantes
2709 2817 2936 2876 devote

1715 2909 1986 2958 sanctum
2053 2897 2380 2957 Ricardum
2447 2914 2558 2971 pro
2627 2914 2709 2955 eo
2743 2919 2758 2954 :
2831 2893 2934 2972 qui

1715 2978 1912 3038 statim
1958 2994 2208 3053 compos
2251 2974 2466 3035 mentis
2501 2975 2702 3034 sactus
2731 2985 2848 3046 est,
2875 2984 2934 3033 et

1715 3057 1962 3116 domum
2019 3054 2239 3115 sanus⁵
2292 3053 2466 3114 rediit
2520 3055 2602 3113 ad
2649 3071 2932 3130 magnam

1717 3132 2198 3195 consolacionem
2249 3133 2518 3193 omnium
2571 3130 2930 3191 amicorum.

1717 3213 1921 3275 Simile
1949 3213 2296 3272 miraculum
2312 3211 2527 3272 virtute
2557 3208 2678 3271 Dei
2703 3211 2934 3270 factum

1719 3304 1810 3353 est
1877 3293 1956 3352 ad
2022 3311 2230 3368 preces
2283 3290 2486 3351 Sancti
2544 3288 2801 3348 Ricardi
2854 3290 2934 3348 de

1718 3373 1982 3449 quadam
2028 3371 2274 3430 muliere
2317 3367 2570 3430 civitatis
2619 3367 2890 3428 Eboraci
2907 3367 2934 3405 ⁶

1719 3457 1954 3526 Agnete
1981 3449 2240 3523 nomine,
2261 3467 2381 3526 que
2408 3467 2516 3525 per
2539 3459 2660 3507 tres
2689 3465 2934 3508 menses

1717 3528 1998 3606 passione
2063 3531 2336 3589 amencie
2403 3529 2738 3599 tenebatur,
2811 3545 2934 3603 que

1720 3609 1866 3668 dum
1933 3626 2041 3685 per
2105 3607 2335 3667 amicos
2389 3617 2743 3666 mensurata
2798 3603 2936 3665 est²

1717 3689 1796 3748 ad
1863 3686 2128 3747 eundum
2195 3697 2486 3758 sanctum,
2549 3695 2611 3745 et
2673 3684 2936 3743 candela

1719 3785 1891 3825 cerea
1917 3784 2022 3826 sue
2059 3763 2445 3841 longitudinis
2485 3764 2565 3823 ad
2606 3763 2798 3841 ipsius
2838 3775 2932 3821 tu-

1722 3846 1952 3904 mulum
2007 3845 2344 3917 deferretur,
2401 3841 2604 3903 statim
2660 3851 2754 3903 est
2821 3859 2937 3900 suo

1727 3923 1927 3984 sensui
1953 3923 2237 3982 restituta.
2623 3922 2819 3980 Lectio
2843 3923 2931 3996 ἰῇ.

1733 4004 2048 4141 Quedam
2101 4001 2311 4062 mulier
2365 3999 2610 4061 nomine
2676 4001 2940 4059 Isabella

1832 4080 2036 4158 viginti
2089 4080 2264 4140 annis
2317 4098 2429 4140 usu
2483 4078 2726 4139 alterius
2775 4079 2940 4138 oculi

1726 4159 1977 4221 omnino
2045 4170 2169 4220 erat
2237 4157 2482 4236 privata,
2553 4157 2938 4236 quesivitque

1746 4324 1767 4355 ⁸
1801 4323 1976 4373 mulier
1999 4323 2040 4372 is
2062 4322 2227 4372 added
2251 4323 2304 4372 in
2329 4323 2414 4373 the
2437 4322 2632 4388 margin
2655 4321 2717 4371 of
2731 4323 2792 4372 B.

1746 4391 1767 4419 ⁸
1801 4390 2058 4439 Eborum:
2086 4389 2142 4438 L.
2541 4390 2559 4418 ’
2593 4398 2756 4438 esset:
2795 4389 2854 4438 L.
