3117 4959
843 233 902 289 S.
955 233 1063 289 LA
1076 233 1432 291 URENTII
1476 233 1727 290 MART
1732 234 1928 290 YRIS.

662 341 812 396 467

104 445 432 528 spiritum
465 463 705 509 meum.
798 463 846 532 y
893 446 1155 510 Gratias
1198 449 1320 512 tibi

105 554 254 615 ago
288 534 558 595 domine
609 535 768 615 Jesu
813 535 1116 600 Christe:
1166 537 1324 618 quia

97 622 364 702 januas
394 630 544 683 tuas
575 621 827 703 ingredi
861 623 1085 688 merui.
1165 623 1321 688 Sus-

46 763 50 772 .
105 710 292 790 cipe.
341 708 569 772 Gloria
598 710 786 791 patri.
824 719 926 791 ps'.
973 708 1073 774 Te
1103 712 1322 775 deum.

113 815 164 882 y
221 797 572 877 Dispersit.
938 799 1026 861 In
1055 799 1184 862 lau.
1215 808 1322 863 aii.

267 885 605 947 aurentius
651 885 982 966 ingressus
1018 895 1120 950 est
1151 907 1324 949 mar·-

267 981 417 1052 tyr:
464 981 533 1035 et
577 972 915 1037 consessus
945 983 1046 1037 est
1077 995 1322 1038 nomen

111 1060 384 1125 domini
416 1061 575 1141 Jesu
603 1061 864 1125 Christi.
926 1071 1026 1144 ps.
1083 1063 1322 1126 Domi-

113 1148 290 1210 nus¹
325 1147 637 1229 regnavit.
711 1150 846 1212 Αῆ.
925 1151 1322 1215 Laurentius

111 1236 382 1300 bonum
441 1255 608 1318 opus
656 1246 970 1318 operatus
1021 1247 1160 1302 est:
1205 1238 1320 1321 qui

111 1344 244 1406 per
275 1325 538 1404 signum
573 1325 780 1387 crucis
810 1344 999 1389 cecos
1037 1325 1321 1389 illumin-

111 1412 286 1475 avit.
368 1421 460 1493 ps.
551 1412 860 1493 Jubilate.
949 1414 1080 1478 Αῆ.
1174 1414 1321 1478 Ad-

107 1500 304 1562 hesit
333 1500 588 1562 anima²
617 1509 770 1581 post
818 1510 924 1564 te:
971 1502 1128 1583 quia
1167 1521 1322 1564 caro

111 1607 282 1649 mea
347 1588 498 1668 igne
557 1597 852 1652 cremata
909 1599 1011 1653 est
1072 1610 1192 1670 pro
1253 1599 1320 1653 te

109 1676 294 1738 deus
369 1695 572 1738 meuS.
689 1684 791 1756 ps.
915 1677 1098 1741 Deus
1157 1677 1322 1740 deus

114 1783 336 1826 meus.
427 1764 558 1837 Αῆ.
655 1763 843 1827 Misit
895 1765 1059 1828 deus
1120 1785 1321 1847 ange—

113 1851 266 1914 lum
319 1871 556 1914 suum:
610 1861 678 1914 et
731 1852 1030 1916 liberavit
1079 1873 1186 1916 me
1235 1855 1319 1917 de

70 2011 78 2018 ,
115 1939 352 2001 medio
401 1938 571 2020 ignis
599 1959 614 2002 :
661 1948 730 2001 et
760 1960 892 2003 non
921 1960 1070 2003 sum
1103 1951 1316 2004 estua-

111 2037 250 2090 tus,
319 2035 413 2107 ps'.
493 2027 890 2092 Benedicite.
955 2029 1090 2091 Αἰῐ.
1154 2029 1319 2092 Bea-

111 2123 234 2177 tus
303 2113 661 2177 laurentius
735 2115 970 2180 orabat
1043 2117 1318 2181 dicens:

64 2203 372 2313 gratias
433 2203 552 2266 tibi
615 2223 745 2284 ago
795 2204 1107 2268 domine:
1162 2205 1320 2286 quia

46 2292 360 2373 “januas
407 2300 556 2353 tuas
605 2291 860 2372 ingredi
913 2293 1136 2356 merui.
1215 2302 1318 2373 ps.

115 2378 452 2442 Laudate.
520 2377 665 2459 Cap.
729 2379 862 2460 Qui
895 2400 1091 2461 parce
1122 2382 1320 2443 semi-

114 2476 262 2529 nat.
352 2466 663 2545 Hymnus
735 2467 994 2549 Martyr
1053 2468 1176 2532 dei.
1271 2485 1319 2554 y

113 2555 358 2636 Justus
405 2563 479 2616 ut
528 2554 766 2635 palma.
855 2556 941 2618 In
993 2556 1320 2637 evangelio

115 2641 494 2722 antiphona.
571 2642 650 2704 In
675 2643 988 2705 craticula
1019 2653 1086 2706 te
1114 2645 1313 2706 deum

118 2749 260 2793 non
297 2729 572 2811 negavi:
617 2740 684 2792 et
715 2732 801 2793 ad
833 2731 1056 2811 ignem
1106 2731 1316 2814 appli-

116 2827 314 2880 catus
345 2826 414 2879 te
439 2817 736 2881 Christe⁸
757 2818 1094 2881 consessus
1125 2840 1270 2882 sum
1302 2841 1316 2883 ε

118 2905 418 2988 probasti
468 2925 580 2968 cor
632 2925 893 2970 meum:
939 2917 1006 2969 et
1038 2907 1316 2970 visitasti

117 3003 364 3056 nocte:
411 2994 562 3074 igne
609 3013 715 3056 me
760 2995 1202 3058 examinasti:
1249 3003 1318 3058 et

119 3101 256 3144 non
291 3090 393 3143 est
424 3082 690 3144 inventa
723 3082 788 3144 in
831 3102 938 3145 me
985 3083 1316 3164 iniquitaS.

1067 3170 1314 3234 Oratio,

157 3190 211 3231 s.

99 3177 320 3387 Ἔα
365 3257 556 3319 nobis
605 3276 964 3338 quesumus
1009 3258 1316 3339 omnipo-

280 3353 426 3407 tens
456 3345 664 3409 deus:
707 3345 1016 3408 vitiorum
1063 3355 1319 3408 nostro-

121 3451 270 3495 rum
331 3430 635 3495 flammas
695 3433 1130 3514 extinguere:
1198 3434 1310 3515 qui

303 3168 718 3232 Benedictus,

1425 467 1603 512 num.
1677 457 1780 530 ps.
1874 447 2129 528 Legem
2183 464 2375 527 pone.
2472 444 2620 528 Cap.

1425 535 1560 618 Qui
1592 555 1806 617 parce.
1852 534 1965 598 Re.
2016 533 2243 598 Gloria
2260 542 2330 597 et
2352 534 2619 598 honore.

1421 623 1548 686 Ad
1568 623 1741 685 alias
1768 622 1962 686 leoras
2004 621 2347 702 antiphone
2370 622 2449 684 de
2476 621 2621 684 lau-

1421 710 1627 774 dibus.
1702 709 2003 793 Capitula
2030 720 2093 771 et
2120 709 2517 792 responsoria
2544 710 2625 773 de

1421 798 1747 861 communi
1762 821 1786 860 .·
1830 819 1973 860 cum
1995 797 2283 860 oratione
2298 797 2407 860 Da
2427 798 2619 860 nobis

1421 905 1799 967 quesumus.
1888 886 2015 948 Ad
2050 895 2343 966 vesperas
2376 895 2510 949 ane.
2542 887 2623 948 de

1420 973 1727 1037 laudibus
1753 995 1897 1036 cum
1925 973 2213 1056 psalmis
2242 973 2615 1054 ferialibus.

1427 1061 1573 1143 Cap.
1648 1061 1781 1144 Qui
1812 1081 2025 1144 parce.
2100 1061 2407 1142 Hymnus
2436 1061 2617 1124 Mar-

1421 1159 1530 1230 tyr
1559 1151 1683 1214 dei.
1753 1167 1797 1236 y
1844 1150 2189 1230 Dispersit.
2256 1149 2340 1211 In
2359 1170 2613 1230 evange.

1419 1245 1526 1300 an'.
1557 1238 1730 1301 Veni
1764 1238 2175 1301 desiderator
2200 1236 2393 1300 boni⁴
2425 1238 2615 1301 veni:

1421 1326 1785 1406 suscipiant
1833 1334 1903 1389 te
1956 1323 2183 1406 angeli
2228 1324 2403 1388 mei:
2449 1345 2613 1406 quo-

1422 1413 1602 1476 niam
1658 1422 1917 1476 assatus
1970 1432 2103 1474 non
2159 1413 2414 1494 negasti
2466 1431 2613 1477 me:

1420 1500 1741 1582 probatus
1789 1499 2127 1563 confessus
2187 1519 2257 1562 es
2311 1520 2435 1564 me.
2508 1508 2612 1580 ps.

1423 1587 1827 1669 Magnificat.
1926 1587 2170 1652 Oratio.
2264 1587 2374 1650 Da
2420 1588 2615 1650 nobis

1420 1697 1795 1759 quesumus.
1896 1675 2227 1738 Memoria
2271 1675 2353 1738 de
2397 1685 2615 1738 sancto

1420 1763 1715 1844 tyburtio.
1788 1772 1893 1828 ati.
1988 1763 2287 1844 Inclytus
2362 1773 2615 1845 martyr

1418 1852 1753 1933 tyburtius
1824 1871 1974 1915 cum
2040 1851 2305 1914 nudatis
2366 1850 2613 1933 plantis

1417 1959 1619 2020 super
1634 1960 1879 2022 prunas
1897 1940 2223 2002 ferventes
2248 1939 2578 2003 incederet
2596 1960 2611 2002 :

1418 2026 1687 2091 fabiano
1738 2027 2030 2110 prefecto
2090 2027 2307 2091 dixit:
2353 2027 2613 2091 videtur

1421 2115 1581 2178 mihi
1642 2117 1822 2198 quod
1883 2136 2080 2198 super
2138 2135 2359 2178 roseos
2420 2114 2612 2179 flores

1419 2203 1725 2267 incedam
1758 2205 1824 2266 in
1871 2205 2139 2268 nomine
2184 2203 2432 2290 domini
2480 2203 2609 2266 mei

1415 2291 1575 2372 Jesu
1612 2291 1871 2356 Christi.
1942 2309 1986 2378 γ
2033 2290 2261 2355 Gloria
2292 2301 2377 2355 et.
2461 2293 2609 2356 Oro.

1417 2380 1695 2510 Beati
1728 2379 2003 2462 tyburtii
2047 2399 2167 2442 nos
2213 2379 2479 2442 domine
2513 2378 2613 2440 fo-

1561 2477 1761 2532 veant
1835 2467 2185 2531 continua⁶
2272 2467 2610 2569 presidia:

1418 2555 1577 2635 quia
1630 2575 1759 2618 non
1815 2556 2063 2618 desinis
2122 2556 2453 2637 propicius
2515 2555 2613 2616 in-

1418 2644 1625 2707 tueri:
1673 2664 1839 2724 quos
1871 2643 2115 2706 talibus
2160 2643 2424 2705 auxiliis
2456 2662 2612 2704 con-

1416 2731 1689 2792 cesseris
1720 2730 2035 2811 adjuvari.
2098 2750 2216 2812 per
2246 2729 2609 2793 dominum.

1421 2822 1484 2894 π
1536 2817 1836 2896 Quotidie
1869 2829 1993 2900 per
2040 2828 2297 2880 octavas
2348 2817 2485 2879 nisi
2541 2817 2613 2878 in

1415 2905 1523 2968 die
1547 2907 2010 2987 assumptionis
2027 2906 2168 2988 fiat
2194 2905 2507 2967 memoria
2535 2905 2616 2967 de

1414 3003 1633 3056 sancto
1660 2993 1981 3056 laurentio
2000 3017 2025 3056 .·
2069 3013 2211 3055 cum
2241 2993 2613 3072 antzpleomte

1415 3081 1494 3143 de
1538 3081 1847 3144 laudibus
1896 3081 2040 3144 suis
2088 3079 2445 3143 ordinatim
2498 3080 2611 3143 ite-

1418 3169 1603 3232 ratis.
1694 3169 1852 3252 quia
1903 3189 2029 3231 non
2079 3168 2376 3231 dicentur
2419 3178 2613 3249 super

1405 3257 1695 3338 psalmos
1724 3257 1794 3320 in
1826 3255 2101 3356 vesperis
2128 3256 2247 3318 sed
2284 3276 2347 3317 st
2340 3253 2389 3292 ⁶
2424 3256 2505 3318 de
2544 3277 2613 3318 eo

1416 3345 1635 3426 aliquo
1655 3345 1762 3407 dte
1771 3346 1867 3428 fit
1892 3344 2277 3408 servitium:
2306 3343 2615 3406 dicantur

1419 3432 1488 3495 in
1549 3433 1826 3514 vesperis
1874 3432 2217 3514 antiphone
2262 3442 2326 3495 et
2360 3431 2616 3514 psalmi

121 3521 324 3583 beato
357 3519 679 3583 laurentio
710 3520 996 3584 tribuisti
1029 3530 1316 3584 tormen·
1399 3519 1695 3600 feriales.
1757 3519 1902 3603 Cap.
1958 3521 2091 3604 Qui
2123 3540 2337 3602 parce.
2402 3520 2613 3600 Hym-

122 3618 344 3671 torum
367 3627 636 3670 suorum
661 3609 968 3671 incendia
991 3629 1314 3689 superare.

119 3715 241 3778 per
269 3696 632 3760 dominum.
723 3695 848 3759 Ad
853 3695 1151 3778 primam
1181 3697 1314 3761 Ανῖ.

125 3783 521 3847 Laurentius
553 3784 900 3866 ingressus
962 3793 1064 3867 ps'.
1131 3784 1316 3848 Deus

124 3873 192 3934 in
226 3873 490 3934 nomine
525 3880 639 3934 tuo
669 3871 947 3935 salvum.
1013 3882 1116 3935 etc.
1181 3873 1314 3936 Αῆ.

121 3959 385 4022 Gratias
416 3960 538 4022 tibi
570 3960 752 4023 deus,
827 3968 928 4041 ps'.
1021 3959 1316 4042 Quicun-

122 4065 252 4128 que
309 4047 452 4109 vult
511 4047 732 4110 salvus
791 4067 953 4112 esse.
1035 4057 1315 4111 etcetera.

121 4135 246 4198 Ad
268 4135 526 4198 tertiam
570 4143 675 4199 αὴ.
769 4135 1167 4200 Laurentius
1197 4131 1315 4199 bo-

227 4297 239 4326 ¹
279 4297 530 4346 Domine:
569 4297 632 4346 N.

227 4364 248 4393 ²
283 4363 610 4412 ‘mea'addt
647 4363 848 4414 R.N.S.

225 4431 244 4459 ⁸
277 4428 528 4478 Christum
555 4447 568 4478 ε
605 4429 654 4479 S.
853 4432 870 4460 ⁴
905 4428 1032 4478 bone
1059 4447 1070 4478 ε
1109 4429 1310 4478 R.N.S.

1417 3629 1556 3672 nus.
1650 3607 1911 3690 Martyr
1950 3610 2076 3672 dei.
2169 3625 2217 3694 y
2262 3607 2607 3689 Dispersit.

1413 3706 1479 3759 et
1519 3707 1712 3779 super
1740 3695 2067 3779 psalmos⁷
2118 3695 2509 3778 Magnificat
2552 3705 2616 3757 et

1418 3785 1817 3848 Benedictus
1845 3783 2119 3848 secunda
2154 3783 2507 3864 antiphona
2534 3783 2614 3845 de

1406 3872 1624 3953 primo
1683 3882 1986 3934 nocturno
2041 3882 2105 3935 et
2162 3871 2353 3934 tertia
2404 3880 2467 3932 et
2520 3871 2617 3932 sic

1415 3959 1699 4040 deinceps
1716 3982 1741 4023 .·
1785 3959 1851 4022 si
1894 3970 2048 4040 opus
2084 3957 2320 4040 fiterit.
2410 3957 2513 4019 Et
2542 3958 2613 4020 in

1416 4047 1721 4110 laudibus
1739 4057 1893 4129 post
1918 4047 2229 4127 hymnum
2261 4044 2617 4107 versiculus

1414 4135 1645 4216 Justus
1694 4143 1769 4199 ut
1818 4135 2057 4217 palma.
2149 4133 2233 4196 In
2286 4130 2615 4196 memoriis

1652 4298 1672 4325 ⁸
1705 4293 2028 4344 continuata:
2066 4291 2130 4341 N.

1652 4365 1671 4392 ⁸
1694 4369 1790 4424 pro
1818 4366 1831 4388 ⁸
1846 4361 1929 4408 sed
1946 4361 2019 4407 si'
2044 4360 2176 4408 nisi:
2212 4359 2354 4408 RN.

1653 4431 1669 4456 ⁷
1711 4425 1970 4490 ‘psalmos'
2007 4441 2100 4476 om.
2126 4439 2143 4473 .·
2176 4425 2246 4474 Ν.
