3117 4959
1230 217 1290 271 S.
1342 217 1397 270 A
1410 215 1677 270 [ΒΑΝ]
1719 215 1908 270 MAR
1919 215 1968 268 T
1972 215 2022 268 Υ
2022 215 2173 270 RJS.

983 324 1139 389 325,

450 431 563 494 illa
595 429 818 494 lumen
853 430 1115 513 recepit.
1210 431 1407 494 Plura
1430 431 1653 494 omisi-

454 540 601 582 mus
632 540 762 601 que
782 519 867 582 ad
902 519 1289 583 memoriam
1309 519 1453 600 ejus
1478 519 1654 582 facta

454 607 823 670 referuntur
896 626 981 670 ne
1042 608 1209 670 sorte
1280 608 1654 689 legentibus

452 695 792 758 fastidium
851 697 1274 777 gigneretur:
1322 697 1437 758 sed
1494 697 1655 759 deus

455 783 881 864 omnipotens
914 784 1048 846 suis
1072 784 1656 847 intercessionibus

457 872 651 934 nobis
684 881 971 952 prestet:
1004 881 1079 934 ut
1102 871 1457 934 coheredes
1484 872 1656 934 illius

458 959 524 1022 in
558 959 987 1022 retributione
1013 959 1341 1040 justorum
1368 961 1660 1022 existere

458 1066 845 1111 mereamur.
918 1068 1037 1130 per
1065 1068 1217 1110 eum
1252 1048 1362 1129 qui
1396 1049 1558 1111 vivit
1591 1057 1659 1111 et

461 1145 696 1216 regnat
716 1136 783 1197 in
802 1136 1024 1198 secula
1047 1135 1415 1199 seculorum
1441 1154 1658 1200 amen.

466 1223 688 1289 Cetera
715 1222 797 1286 de
819 1225 1147 1287 communi
1188 1224 1387 1286 unius
1420 1245 1527 1286 con
1516 1225 1659 1306 fis·-

459 1311 629 1373 soris
702 1331 829 1374 non
900 1322 1030 1392 pon
1038 1311 1243 1394 tzficiS.
1370 1311 1457 1375 Si
1513 1332 1662 1375 vero

444 1398 702 1481 festum
731 1399 945 1462 sancti
981 1401 1209 1462 albani
1238 1400 1306 1463 in
1336 1399 1660 1462 dominica

446 1489 759 1570 proxima
818 1497 969 1568 post
1031 1497 1324 1550 octavam
1383 1487 1664 1570 corporis

468 1575 721 1642 Christi
758 1577 1043 1638 evenerit
1060 1599 1084 1639 .·
1130 1577 1518 1657 anticipetur
1544 1586 1664 1638 aut

446 1665 587 1747 fiat
636 1664 715 1726 de
757 1685 827 1726 eo
868 1663 975 1726 die
1019 1664 1275 1727 sabbati
1306 1663 1668 1745 precedenti

464 1752 701 1833 absque
716 1751 947 1815 mediis
963 1751 1332 1815 lectionibus
1348 1751 1429 1814 de
1446 1762 1665 1815 sancto

464 1839 748 1920 leufrido
779 1861 805 1902 .·
861 1850 923 1902 et
981 1842 1114 1921 ipso
1173 1840 1277 1903 die
1348 1841 1665 1903 dominico

468 1927 821 2009 ina-piatur
848 1928 1151 2008 hystoria.
1237 1929 1421 1992 Deus
1452 1929 1666 1992 omni-

470 2036 583 2078 um
613 2025 719 2079 etc.

472 2107 537 2180 ΙΙ
588 2102 821 2166 Sancti
841 2103 1067 2168 albani
1084 2106 1412 2187 martyris.
1454 2105 1670 2170 Lectio

471 2194 621 2323 ln
654 2191 767 2254 illo
784 2202 1123 2274 tempore:
1158 2195 1363 2258 Sanc·
1392 2193 1666 2278 [prima.

579 2288 685 2341 tus
746 2280 1025 2343 albanus
1089 2303 1390 2365 paganus
1450 2283 1668 2346 adhuc

469 2387 624 2430 cum
656 2367 1054 2450 perfidorum
1075 2371 1445 2454 principum
1480 2392 1667 2435 man-

472 2455 635 2518 data
680 2458 1029 2521 adversum
1079 2459 1468 2523 christianos
1502 2461 1670 2523 sevi-

476 2553 665 2608 rent:
734 2546 1041 2609 clericum
1091 2547 1359 2611 nomine
1411 2548 1670 2630 amplu-

474 2633 699 2695 balum
762 2644 1211 2715 persecutores
1263 2637 1670 2718 fugientem:

474 2720 737 2802 recipit¹
800 2722 1105 2806 hospitio,
1226 2723 1445 2806 Quem
1507 2725 1670 2787 dum

471 2809 881 2874 orationibus
933 2812 1263 2875 continuis
1308 2833 1385 2876 ac
1430 2812 1672 2894 vigiliis

472 2899 583 2962 die
659 2909 991 2981 noctuque
1073 2902 1336 2964 studere
1413 2901 1673 2983 conspi-

473 2996 693 3050 ceret:
757 2989 979 3052 subito
1027 2990 1247 3053 divina
1306 2991 1514 3070 gratia
1575 3010 1678 3067 re-¹

472 3083 740 3156 spectus
790 3077 1176 3159 exemplum
1210 3075 1362 3140 fidei
1411 3097 1488 3140 ac
1535 3078 1672 3159 pie-

472 3162 632 3225 tatis
692 3163 909 3229 illius:
978 3167 1153 3248 cepit
1214 3165 1528 3229 emulari:
1593 3186 1673 3228 ac

472 3249 871 3314 salutaribus
908 3251 1051 3333 ejus
1096 3253 1674 3317 exhortationibus

474 3338 789 3402 edoctus:
838 3340 1077 3403 relictis
1123 3340 1453 3421 ydolatrie
1489 3351 1676 3404 tene-

476 3425 624 3488 bris,
746 3427 1141 3492 christianus
1234 3429 1493 3508 integro
1584 3451 1674 3492 ex

472 3514 671 3576 corde
704 3513 914 3577 sactus
948 3526 1063 3579 est.
1354 3517 1572 3580 Lectio
1603 3519 1674 3600 ij.

472 3603 575 3734 l
577 3602 755 3682 gitur
815 3621 967 3666 cum
1038 3603 1333 3686 prefatus
1403 3605 1676 3668 clericus

578 3689 832 3770 aliquot
864 3690 1098 3755 diebus
1132 3693 1307 3774 apud
1353 3692 1674 3757 albanum

472 3777 963 3859 hospitaretur:
1011 3782 1309 3861 pervenit
1356 3781 1440 3844 ad
1484 3803 1675 3845 aures

473 3865 811 3948 nephandi
864 3868 1178 3951 principis
1228 3869 1672 3934 consessorem

474 3954 721 4020 Christi
770 3955 873 4020 cui
920 3958 1203 4020 necdum
1238 3957 1451 4022 suerat
1491 3959 1675 4022 locus

476 4045 775 4126 martyrii
806 4047 1166 4128 deputatus
1194 4069 1208 4110 :
1256 4067 1460 4129 penes
1494 4048 1675 4111 alba-

473 4154 632 4196 num
681 4133 901 4199 latere.
979 4135 1157 4198 unde
1201 4137 1430 4199 statim
1481 4136 1678 4218 jussit

474 4221 720 4285 milites
789 4242 943 4286 eum
1005 4223 1389 4306 diligentius
1462 4225 1674 4306 inqui-

574 4377 586 4406 ¹
624 4375 845 4438 recepit:
882 4375 1018 4426 ΚΝ.

574 4444 595 4474 ⁴
634 4441 767 4491 ‘ira'
790 4443 927 4492 add:
966 4443 1102 4494 ΚΝ.

1439 4379 1460 4410 ²
1492 4379 1742 4428 debebant
1769 4396 1782 4426 ε
1818 4377 1869 4428 S.

1444 4449 1463 4476 ⁸
1498 4447 1790 4496 duceretur:
1829 4445 1887 4495 R.
1901 4445 1964 4494 N.
1977 4445 2026 4494 S.

2271 322 2428 379 326

1759 450 1917 494 rere.
2021 429 2194 492 Mox
2241 438 2514 493 sanctus
2560 427 2845 494 albanus
2893 449 2960 494 se

1761 539 1881 600 pro
1955 516 2224 598 hospite
2295 539 2372 580 ac
2447 519 2771 599 magistro
2844 540 2963 582 suo

1760 607 1965 689 ipsius
2007 605 2240 668 habitu
2275 606 2340 668 id
2375 616 2476 668 est
2507 606 2838 669 caracalla
2871 609 2966 670 in·-

1761 695 1960 758 dutus
1996 693 2316 756 militibus
2357 693 2714 758 exhibuit:
2764 705 2968 777 atque

1761 782 1847 845 ad
1919 783 2214 864 judicem
2284 782 2545 845 vinctus
2603 783 2970 864 perductus

1762 880 1876 933 est.

1761 959 2055 1091 Mox
2089 977 2248 1040 ergo
2279 966 2354 1021 ut
2393 957 2608 1040 judex
2647 959 2972 1022 albanum

1960 1045 2127 1110 vidit
2163 1067 2178 1110 ε

1763 1135 1969 1197 nimia
1999 1134 2181 1215 quod
2226 1154 2299 1196 se
2345 1134 2519 1197 ultro
2553 1153 2676 1216 pro
2707 1135 2976 1218 hospite

1763 1243 1962 1303 quem
1986 1231 2324 1304 receperat
2345 1222 2667 1285 militibus
2687 1223 2974 1288 offerret.

1766 1311 2095 1392 Dixitque
2145 1311 2230 1372 ad
2285 1330 2458 1374 eum.
2551 1311 2979 1394 Quecunque

1763 1399 1857 1461 illi
1920 1398 2380 1461 debebantur²
2439 1399 2772 1482 supplicia
2809 1421 2825 1463 :
2901 1410 2978 1464 tu

1764 1486 2018 1549 solvere
2051 1486 2294 1550 habes:
2341 1487 2398 1550 si
2429 1489 2557 1550 diis
2597 1487 2980 1552 sacrificare

1764 1574 2097 1638 nolueris,3
2225 1573 2534 1639 Albanus
2627 1577 2982 1658 respondit

2271 1047 2366 1108 ira
2441 1067 2804 1110 succensus
2871 1057 2973 1112 est
3070 1067 3073 1098 1

1767 1663 2166 1744 Quicunque
2197 1663 2324 1726 hiis
2368 1665 2744 1728 simulacris
2779 1666 2983 1728 sacri·
3070 1663 3073 1688 ¹

1766 1751 2102 1815 ficaverit:
2157 1760 2416 1815 eternas
2466 1752 2703 1815 inferni
2769 1773 2978 1835 penas

2871 1841 2973 1854 ...Ο

1766 1930 2105 2104 Judex
2181 1948 2340 2010 ergo
2423 1929 2671 1991 auditis
2757 1929 2979 1992 verbis
3070 1905 3072 1912 Ι

1925 2017 2136 2080 sancti
2161 2016 2422 2080 albani⁴
2454 2016 2750 2099 repletus
2779 2039 2796 2082 :
2831 2037 2980 2098 pre-

1767 2106 1946 2187 cepit
2022 2113 2095 2168 ut
2171 2104 2521 2169 tormentis
2602 2105 2982 2168 afficeretur

1769 2194 2118 2257 acerrimis,
2209 2191 2310 2256 At
2360 2192 2471 2256 ubi
2517 2193 2738 2275 judex
2789 2193 2978 2257 illum

1770 2282 2118 2346 tormentis
2191 2283 2486 2363 superari
2563 2302 2698 2344 non
2783 2302 2980 2364 posse

1771 2371 2093 2452 persensit
2129 2389 2144 2433 ε
2237 2371 2457 2452 capite
2539 2391 2694 2434 eum
2777 2371 2978 2452 plecti

1765 2458 1979 2539 jussit.
2073 2459 2355 2539 Cunque
2401 2458 2486 2522 ad
2535 2469 2822 2522 mortem
2853 2461 2983 2522 du·

1773 2547 2034 2611 cetur⁵z
2100 2545 2396 2609 carnifex
2447 2547 2561 2629 qui
2613 2567 2771 2609 eum
2827 2568 2984 2629 per-

1772 2655 2078 2699 cussurus
2107 2643 2249 2698 erat
2277 2657 2292 2699 :
2340 2636 2566 2698 divino
2590 2636 2984 2698 admonitus

1775 2723 2105 2787 instinctu.
2227 2723 2662 2806 projectoque
2766 2744 2984 2787 ense:

1773 2813 2056 2894 pedibus
2087 2811 2229 2893 ejus
2275 2812 2668 2876 advolvitur.
2759 2813 2986 2875 desid-

1775 2919 2004 2962 erans:
2071 2910 2144 2963 ut
2203 2919 2355 2962 cum
2419 2911 2713 2981 martyre
2775 2920 2981 2982 quem

1774 2999 2116 3070 percutere
2141 2989 2542 3070 jubebatur:
2589 2989 2732 3071 ipse
2757 2989 2986 3070 potius

1775 3077 2027 3159 percuti
2061 3087 2434 3140 mereretur.
2666 3077 2897 3140 Lectio
2927 3099 2986 3140 v.

1787 3165 2018 3296 Cum
2095 3185 2254 3246 ergo
2326 3164 2626 3228 carnifex
2689 3163 2806 3228 ille
2867 3165 2986 3247 qui

1904 3262 2212 3316 sanctum
2267 3252 2584 3316 albanum
2634 3272 2988 3334 percussu·

1776 3360 1885 3403 rus
1916 3351 2058 3405 erat
2090 3341 2303 3403 sactus
2345 3350 2518 3404 esset
2550 3360 2640 3403 ex
2673 3361 2990 3423 persecu-

1775 3437 1920 3492 tore
1951 3429 2208 3511 collega
2238 3429 2534 3492 veritatis
2559 3438 2627 3492 et
2652 3429 2812 3492 fidei
2843 3451 2860 3494 ε
2907 3449 2988 3494 ac

1769 3517 2034 3599 jacente
2055 3518 2226 3580 ferro
2250 3525 2426 3580 esset
2449 3517 2621 3580 inter
2637 3518 2988 3582 carnifices

1771 3605 1952 3687 justa
1981 3605 2350 3669 cunctatio⁶
2381 3614 2652 3668 sanctus
2699 3606 2987 3670 albanus

1779 3702 2074 3757 montem
2129 3694 2472 3758 ascendit:
2527 3692 2808 3776 darique
2861 3695 2984 3759 sibi

1777 3803 1818 3846 a
1863 3783 1992 3846 deo
2041 3803 2283 3863 aquam
2332 3783 2606 3863 rogavit.
2702 3783 2988 3849 Statim-

1777 3893 1906 3953 que
1961 3871 2215 3934 incluso
2277 3880 2502 3934 meatu
2565 3880 2723 3934 ante
2777 3875 2986 3954 pedes

1776 3959 1918 4042 ejus
1951 3959 2097 4022 sons
2129 3959 2483 4042 perhennis
2529 3971 2812 4023 exortus
2845 3971 2986 4026 est:

1777 4057 1851 4110 ut
1884 4069 2114 4111 omnes
2147 4057 2580 4130 agnoscerent
2612 4047 2822 4111 etiam
2857 4059 2986 4113 tor-

1778 4145 2034 4199 rentem
2070 4137 2341 4218 martyri
2367 4136 2768 4218 obsequium
2794 4141 2986 4203 detu-

1779 4224 1948 4288 lisse.
2647 4224 2874 4291 Lectio
2902 4228 2982 4312 ψ’.

2257 4378 2276 4407 ³
2310 4375 2605 4426 nolueritis:
2643 4377 2695 4428 S.

2255 4446 2276 4474 ⁸
2309 4443 2578 4493 cuncitatio
2604 4461 2617 4493 ε
2656 4445 2724 4496 N.

2613 870 2840 942 Lectio
2873 872 2970 954 iij.
3071 921 3073 926 .
