3117 4959
850 256 911 312 S.
950 249 1481 312 MARCELLINI
1524 255 1644 312 ET
1689 255 1958 312 PETRI.

730 361 867 420 291

188 468 479 602 Comes
530 465 729 552 igitur
776 470 1021 534 flaccus
1051 469 1235 534 venit
1265 471 1349 534 ad

304 557 719 638 petronillam
759 560 936 640 quia·
964 560 1161 621 nimis
1208 577 1355 640 spe-

175 644 340 707 ciosa
368 654 546 708 erat:
597 655 669 708 ut
714 665 864 708 eam
914 648 1241 728 acciperet
1286 647 1353 709 in

178 751 457 795 uxorem.
550 733 674 796 Cui
724 731 835 796 illa
888 733 1227 815 respondit
1282 733 1355 799 Si

174 839 439 882 uxorem
472 837 583 882 me
614 819 855 883 habere
898 821 1035 883 vis:
1082 821 1183 884 fac
1216 837 1355 884 ma-

175 915 385 969 tronas
429 916 498 969 et
542 907 827 989 virgines
857 907 1173 970 honestas
1205 919 1355 990 post

174 1001 297 1056 tres
326 995 465 1057 dies
492 997 719 1058 venire
762 995 850 1058 ad
898 1015 1049 1058 me:
1098 1006 1171 1058 ut
1202 1015 1353 1058 cum

174 1082 321 1162 ipsis
370 1083 633 1144 veniam
683 1083 769 1144 ad
820 1085 1097 1146 domum
1150 1091 1353 1147 tuam.

174 1169 347 1252 Quas
404 1189 557 1232 cum
620 1169 729 1232 ille
790 1181 1093 1251 pararet:
1171 1172 1357 1252 virgo

174 1265 389 1320 sancta
458 1256 731 1338 jejuniis
805 1267 873 1320 et
948 1259 1356 1321 orationibus

174 1344 503 1408 insistebat
534 1354 603 1407 et
636 1365 875 1426 corpus
918 1346 1172 1408 domini
1214 1367 1355 1408 sus-

172 1432 401 1513 cipiens
433 1451 509 1494 ac
543 1433 611 1494 in
644 1432 818 1496 lecto
848 1432 1173 1495 reclinans
1204 1442 1358 1514 post

174 1519 443 1582 triduum
500 1519 812 1600 migravit
856 1520 941 1582 ad
986 1521 1353 1584 dominum.

173 1606 515 1669 Venientes
546 1627 709 1688 ergo
755 1618 1055 1670 matrone
1110 1617 1179 1670 et
1229 1609 1354 1671 vir-

172 1695 343 1774 gines
394 1715 435 1756 a
488 1693 699 1757 flacco
748 1695 989 1758 misse:
1034 1697 1357 1777 exequias

172 1781 350 1844 beate
398 1781 675 1862 virbinis
726 1781 1221 1845 celebraverunt
1266 1784 1353 1846 ad

173 1868 419 1931 laudem
522 1869 781 1932 domini
886 1870 1090 1933 nostri
1193 1871 1351 1951 Jesu

174 1955 417 2020 Christi.
590 1956 812 2022 Cetera
882 1958 963 2020 de
1032 1958 1357 2020 communi

172 2044 354 2106 κακίω·
381 2043 675 2126 virg-imis·
702 2064 827 2107 non
858 2047 1187 2125 martynlr.

172 2135 229 2206 (
276 2132 508 2194 Sancti
564 2131 957 2194 m'cltomedtk
1015 2133 1353 2211 martyris.

170 2220 423 2348 Deus
484 2219 603 2301 qui
666 2239 788 2282 nos
848 2219 1027 2283 beati
1076 2219 1351 2302 [Oratim

312 2306 723 2369 nichomedis
748 2309 1055 2389 martyris
1085 2308 1182 2369 tui
1216 2327 1353 2370 me-

172 2392 297 2455 ritis
368 2403 436 2457 et
512 2395 983 2457 intercessione
1060 2392 1352 2457 letificas

171 2483 441 2544 concede
494 2484 867 2564 propitius:
914 2490 990 2546 ut
1035 2482 1150 2563 qui
1210 2483 1353 2564 ejus

170 2567 473 2632 beneficia
494 2571 837 2651 poscimus
854 2570 1035 2633 dono
1063 2578 1177 2632 tue
1207 2590 1355 2651 gra-

168 2656 249 2717 tie
276 2675 779 2739 consequamur.
826 2677 945 2739 per
987 2656 1353 2720 dominum.

170 2743 514 2876 Sanctus
548 2744 797 2809 Christi
830 2753 1083 2826 martyr
1115 2744 1277 2828 [Lec.
1289 2745 1351 2826 j.

282 2832 728 2896 nichomedis¹
751 2832 1115 2915 intrepidus
1134 2833 1354 2896 hausit

171 2918 423 2983 calicem
474 2919 807 3002 passionis
873 2922 940 2982 in
1000 2921 1235 2984 terris:
1280 2928 1356 2984 ut

172 3007 450 3071 convivio
480 3008 699 3071 eterni
726 3007 952 3090 gaudii
983 3008 1358 3072 reficeretur

174 3093 229 3155 in
275 3095 441 3158 celis.
558 3094 693 3177 Qui
750 3096 951 3159 etiam
1006 3105 1079 3158 ut
1128 3095 1355 3159 diade-

174 3190 333 3245 mate
406 3183 734 3265 perhenni
803 3193 1228 3247 coronaretur
1286 3185 1352 3247 in

172 3269 462 3335 excelsis:
495 3271 795 3352 corporis
827 3272 1151 3334 cruciatus
1183 3270 1355 3334 letus

174 3358 460 3422 sustinuit
506 3360 581 3421 in
637 3359 839 3421 terris,
932 3358 1355 3439 Contempsit

173 3439 408 3508 hostem
432 3466 448 3508 :
479 3447 889 3528 contempsit
906 3447 1011 3509 et²
1039 3455 1353 3509 mortem:

175 3531 270 3592 et⁸
298 3533 701 3614 perhennem
734 3533 857 3596 sibi
892 3533 1177 3597 lucratus
1208 3542 1310 3596 est
1328 3533 1351 3571 ⁴

174 3617 377 3684 vitam.
1032 3621 1251 3684 Lectio
1283 3621 1351 3702 ij.

174 3706 400 3835 Erat
450 3708 635 3772 enim
692 3717 945 3788 martyr
988 3707 1113 3771 iste
1148 3707 1353 3771 seculi

304 3805 759 3876 contemptor:
797 3794 903 3859 dei
934 3805 1195 3858 amator
1224 3795 1353 3859 fide

174 3878 383 3958 plenus
456 3884 647 3947 viciis
719 3903 983 3947 vacuus,
1100 3883 1351 3947 Verum

174 3969 313 4047 quia
369 3973 433 4033 in
512 3992 634 4053 spe
706 3971 962 4034 sortiter
1027 3969 1354 4034 laboravit

174 4051 423 4121 feliciter
452 4079 607 4122 cum
651 4059 876 4141 palma
923 4059 1217 4139 martyrii
1248 4077 1353 4121 ce-

172 4139 259 4203 los
286 4147 669 4226 penetravit.
729 4146 1055 4210 Fervebat
1086 4155 1353 4210 sanctus

322 4305 334 4332 ¹
371 4305 728 4356 nichomedes:
764 4305 905 4356 RN.

319 4371 337 4398 ²
374 4374 451 4419 ‘et
476 4371 606 4419 'om.
641 4391 653 4420 :
689 4370 756 4420 N.

318 4435 337 4464 ⁸
377 4439 453 4485 ‘et
481 4436 657 4487 'om.:
696 4438 758 4486 R.

1973 363 2130 420 292

1454 470 1580 534 iste
1610 470 1696 534 ad
1729 471 1968 553 prelia:
1998 471 2356 534 festinabat
2390 470 2474 534 ad
2513 491 2659 552 pre-

1454 560 1606 622 mia.
1669 559 1870 623 Fudit
1893 577 2225 621 cruorem:
2258 560 2510 622 invenit
2540 559 2659 622 ho·-

1454 667 1702 710 norem.
1771 646 1862 710 Et
1891 647 2048 728 quia
2077 647 2286 709 vitam
2326 655 2658 728 tempora-

1454 732 1586 797 lem
1609 733 1900 798 studuit⁶
1923 743 2425 816 contempnere:
2451 735 2656 797 celes-

1454 829 1590 884 tem
1625 822 1862 884 meruit
1895 823 2201 884 invenire.
2313 821 2526 884 Lectio
2556 822 2658 903 iij.

1465 909 1894 1043 Gaudebat
1924 909 2030 972 hic
2063 909 2254 972 miles
2295 909 2402 971 dei
2435 919 2504 972 et
2533 929 2654 990 op-

1603 995 1792 1059 tabat
1839 1017 1912 1059 se
1961 1017 2156 1078 posse
2215 997 2474 1060 occidi:
2535 996 2654 1059 sed

1455 1101 1588 1146 non
1620 1083 1809 1147 vinci.
1904 1084 2220 1167 Quicum
2268 1085 2354 1146 de
2399 1084 2656 1146 mundo

1453 1172 1916 1252 egrediebatur
1971 1193 1986 1235 :
2061 1171 2308 1235 sanctis
2397 1171 2654 1252 angelis

1452 1258 1844 1322 sociabatur.
1938 1260 2146 1322 Letus
2212 1279 2333 1321 sua
2393 1259 2652 1322 deridet

1453 1347 1725 1410 vulnera
1749 1347 1906 1427 quia
1929 1367 2050 1428 pro
2068 1347 2164 1409 eis
2187 1355 2414 1410 eterna
2437 1347 2656 1427 exigit

1454 1454 1495 1496 a
1542 1433 1672 1496 deo
1719 1453 2006 1498 munera.
2103 1434 2203 1497 Ibi
2254 1434 2431 1496 enim
2482 1434 2656 1496 stola

1454 1521 1664 1601 glorie
1697 1521 1966 1583 indutus
2009 1520 2266 1584 vultum
2299 1521 2404 1583 dei
2440 1521 2652 1583 intue-

1452 1617 1561 1671 tur
1635 1607 2083 1672 exhilaratus:
2159 1608 2524 1688 triumphat
2585 1608 2652 1670 in

1453 1695 1678 1758 celesti
1724 1697 1939 1777 patria
1984 1697 2096 1777 qui
2159 1695 2440 1758 fideliter
2488 1716 2655 1777 pug-

1452 1785 1638 1845 navit
1697 1784 1761 1845 in
1823 1783 1947 1847 hac
2007 1784 2200 1846 vita:
2247 1803 2366 1865 per
2423 1784 2650 1864 Jesum

1454 1869 1792 1933 Christum
1825 1872 1928 1934 cui
1959 1878 2062 1933 est
2090 1870 2299 1952 gloria
2331 1871 2398 1932 in
2429 1870 2656 1933 secula

1452 1957 1826 2020 seculorum
1925 1977 2138 2020 amen.
2281 1956 2500 2023 Cetera
2573 1957 2658 2020 de

1450 2046 1776 2107 communi
1803 2046 2002 2108 unius
2029 2046 2362 2124 martyri-5.

1456 2137 1517 2209 ΕΙ
1571 2132 1957 2195 Sanctorum
2033 2142 2397 2214 martyrum
2475 2153 2652 2194 mar-

1450 2219 1672 2282 cellini
1694 2228 1759 2283 et
1767 2220 1958 2301 petri.
2404 2219 2654 2284 Oratim

1451 2311 1726 2438 Deus
1757 2308 1870 2389 qui
1903 2327 2024 2370 nos
2056 2327 2277 2371 annua
2297 2307 2647 2371 beatorum

1610 2404 1972 2477 martyrum
2005 2405 2268 2458 tuorum
2290 2394 2651 2458 marcellini

1452 2491 1522 2545 et
1598 2484 1765 2563 petri
1840 2483 2237 2546 solennitate
2322 2481 2596 2545 letificas
2633 2503 2648 2546 :

1453 2579 1677 2651 presta
1689 2589 2078 2652 quesumus:
2100 2581 2172 2634 ut
2192 2591 2473 2652 quorum
2487 2589 2650 2651 gau-

1452 2658 1690 2720 demus
1743 2658 1992 2722 meritis
2051 2678 2486 2739 provocemur
2529 2679 2651 2720 ex-

1453 2745 1704 2826 emplis
1739 2766 1857 2827 per
1885 2746 2250 2808 dominum.
2363 2745 2574 2808 Lectio
2586 2746 2650 2827 j.

1451 2833 1550 2964 I
1567 2852 1608 2894 n
1670 2833 1903 2896 diebus
1953 2832 2122 2896 illis:
2173 2833 2401 2894 Petrus
2453 2853 2654 2894 exor-

1559 2921 1722 2982 ciste
1796 2920 2084 2984 officium
2144 2939 2380 3001 gerens
2455 2919 2654 2982 idolis

1454 3006 1820 3070 sacrificare
1895 3006 2262 3089 respuebat.
2417 3005 2654 3070 Multis

1452 3114 1613 3176 ergo
1643 3094 1896 3158 vicibus
1943 3113 2129 3156 cesus
2183 3094 2420 3157 missus
2451 3102 2551 3156 est
2584 3095 2652 3157 in

1454 3202 1782 3247 carcerem
1801 3181 2076 3244 vinculis
2096 3180 2319 3245 ferreis
2337 3181 2652 3244 constric-

1453 3279 1578 3334 tuS.
1627 3270 1869 3334 Custos
1888 3289 2044 3333 vero
2075 3269 2352 3333 carceris
2383 3270 2656 3333 nomine

1453 3357 1816 3421 arthemius
1847 3356 2138 3420 habebat
2157 3358 2418 3419 unicam
2441 3356 2650 3421 filiam

1453 3444 1723 3507 nomine
1735 3444 2072 3527 paulinam
2090 3467 2105 3508 :
2129 3465 2258 3525 que
2278 3465 2319 3507 a
2335 3444 2654 3508 demonio

1450 3531 1838 3596 vexabatur.
1931 3532 2258 3613 Dixitque
2333 3533 2418 3596 ad
2495 3553 2648 3596 eum

1451 3630 1678 3702 petrus
1709 3620 2057 3684 exorcista.
2152 3619 2366 3685 Crede
2413 3621 2480 3683 in
2528 3621 2646 3683 do-

1454 3708 1708 3771 minum
1739 3709 1970 3789 Jesum
2028 3707 2408 3772 Christum:
2455 3729 2651 3771 mox-

1452 3815 1584 3876 que
1631 3796 1995 3859 salvabitur
2029 3795 2164 3859 filia
2195 3804 2325 3858 tua.
2421 3794 2650 3860 Credi-

1453 3883 1553 3946 dit
1585 3883 1726 3964 ipse
1755 3902 1906 3946 cum
1941 3903 2151 3946 uxore
2197 3902 2318 3946 sua
2363 3884 2650 3946 candida

1452 3972 1813 4052 statimque
1863 3969 1998 4034 filia
2047 3990 2276 4033 eorum
2324 3991 2367 4032 a
2415 3971 2648 4051 spiritu

1452 4059 1799 4121 immundo
1829 4067 1932 4121 est
1962 4067 2244 4140 purgata
2279 4077 2294 4120 z
2341 4065 2408 4119 et
2440 4057 2506 4118 in
2538 4056 2649 4120 illa

1452 4146 1561 4208 die
1614 4144 1900 4228 amplius
1952 4164 2154 4226 quam
2209 4153 2650 4208 trecentorum

1546 4308 1564 4336 ⁴
1603 4311 1617 4334 ⁸
1634 4305 1734 4354 est’
1759 4304 1836 4352 bis
1863 4322 1874 4352 :
1912 4305 1965 4352 S.

1546 4373 1566 4400 ³
1599 4370 1766 4418 Verba
1787 4385 1816 4417 a
1847 4374 1861 4396 ⁸
1879 4369 2066 4418 studuit
2084 4368 2095 4390 ’
2112 4369 2175 4418 ad
2202 4374 2215 4395 ‘
2235 4369 2454 4420 invenire
2473 4370 2486 4394 ’
2507 4387 2608 4421 om.
2641 4390 2654 4421 ε

1450 4435 1500 4485 S.
1527 4455 1539 4484 z
1575 4445 1624 4485 et
1648 4435 1700 4484 in
1724 4450 1894 4484 eorum
1914 4435 2020 4485 vice
2042 4434 2183 4486 addit
2204 4441 2216 4464 ‘
2235 4437 2412 4487 meruit
2427 4437 2651 4490 invenit.’
