3117 4959
961 256 1025 312 S.
1074 255 1129 310 Α
1140 254 1247 312 GA
1260 253 1435 310 THE
1493 255 1871 314 VIRGINIS.

702 364 827 421 191

189 474 341 557 ejus,
430 474 523 537 Et
569 481 721 556 post
764 471 887 536 hec
932 469 1132 552 jussit
1172 468 1365 553 quin-

190 565 401 626 tianus
497 563 731 625 iterum
848 569 1147 624 sanctam
1239 558 1368 620 vir-

186 652 401 734 ginem
452 660 607 722 ante
653 646 941 711 tribunal
995 657 1255 711 astare:
1302 653 1371 708 et

178 741 359 802 dixit
408 740 467 800 ei
526 736 811 800 Immola
858 737 1001 799 diis.
1091 731 1371 816 Agatha

192 827 537 909 respondit.
655 825 903 891 Omnia
978 823 1182 886 verba
1255 832 1373 885 tua

192 924 339 978 sunt
396 933 583 977 vana.
707 914 799 976 Et
858 913 1006 994 quis
1079 910 1225 974 vult
1284 908 1371 972 ad

192 1002 505 1066 auxilium
567 1020 758 1064 suurn
836 999 1127 1082 lapidem
1190 999 1377 1061 invo-

192 1111 367 1154 care:
412 1099 479 1153 et
511 1109 644 1151 non
691 1089 891 1152 deum
938 1107 1275 1150 summum
1306 1093 1377 1148 et

190 1198 449 1241 verum:
496 1179 612 1260 qui
656 1197 763 1240 me
812 1176 1125 1258 dignatus
1157 1184 1258 1237 est
1290 1174 1376 1237 ab

190 1266 363 1329 omni
422 1265 621 1346 plaga
682 1284 926 1328 curare.
1019 1264 1133 1326 Re.
1226 1263 1376 1343 Ego

188 1364 403 1416 autem
450 1354 769 1434 adjuvata
816 1373 857 1416 a
905 1352 1179 1415 domino
1231 1370 1381 1432 per·-

190 1443 497 1505 severabo
572 1443 641 1503 in
716 1439 1128 1504 confessione
1216 1439 1377 1519 ejuS.

192 1529 316 1611 Qui
364 1550 469 1592 me
513 1529 769 1592 salvam
802 1528 1000 1592 fecit:
1048 1537 1116 1590 et
1146 1546 1379 1590 conso-

190 1617 353 1680 latus
376 1627 477 1681 est
502 1636 631 1681 me.
722 1634 769 1703 y
815 1617 1083 1681 Gratias
1104 1616 1225 1679 tibi
1250 1634 1379 1695 ago

190 1707 449 1768 domine
479 1706 643 1787 Jesu
665 1705 965 1772 Christe:
1008 1704 1121 1785 qui
1144 1702 1379 1766 misisti

190 1794 269 1857 ad
328 1814 437 1856 me
488 1793 871 1876 apostolum
925 1801 1133 1855 tuum.
1226 1789 1377 1872 Qui.

191 1881 407 1944 Gloria
430 1883 625 1964 patri.
704 1880 837 1963 Qui
864 1880 1011 1944 me.¹
1086 1879 1170 1941 In
1196 1877 1382 1940 tertio

186 1979 479 2032 nocturno
500 1979 613 2032 αῆ.
686 1969 757 2034 Si
783 1971 1003 2050 ignem
1026 1966 1343 2030 adhibeas
1366 1985 1379 2028 :

185 2077 390 2120 rorem
454 2057 623 2121 mihi
684 2056 1049 2120 salvificum
1102 2057 1187 2118 de
1237 2053 1379 2116 celo

186 2145 393 2226 angeli
442 2146 935 2208 ministrabunt.
1010 2151 1111 2225 pf.
1204 2141 1381 2206 Can-

184 2241 316 2296 tate
356 2233 493 2316 (j.).
590 2234 723 2296 Αῆ.
815 2231 1062 2296 Vidisti
1110 2231 1381 2294 domine

183 2340 461 2402 agonem
513 2341 784 2384 meum:
830 2320 1170 2401 quomodo
1214 2336 1381 2399 pug-

184 2409 329 2472 navi
377 2411 445 2473 in
500 2411 769 2474 stadio:
818 2408 935 2471 sed
991 2407 1147 2488 quia
1200 2405 1381 2469 nolui

183 2497 447 2560 obedire
461 2497 801 2560 mandatis
812 2496 1183 2578 principum
1198 2493 1383 2575 jussa

182 2605 325 2648 sum
363 2586 429 2649 in
478 2583 854 2648 mammilla
899 2583 1205 2665 torqueri.
1282 2589 1380 2662 psr‘.

187 2672 513 2736 Dominus
546 2674 851 2754 regnavit
878 2672 1155 2734 exultet.
1244 2669 1383 2732 Αῆ.

187 2761 457 2843 Propter
518 2761 729 2824 fidem
804 2760 1127 2824 castitatis
1197 2757 1385 2839 jussa

182 2869 325 2912 sum
368 2849 695 2931 suspendi
727 2849 792 2910 in
824 2847 1097 2911 eculeo:
1144 2845 1384 2926 adjuva

187 2957 287 3000 me
317 2935 599 3000 domine
630 2938 795 2998 deus
826 2956 1013 2999 meus
1060 2936 1125 2997 in
1171 2943 1381 2997 tortu-

188 3045 256 3088 ra
314 3025 839 3088 mammillarum
901 3041 1217 3086 mearum.
1280 3029 1379 3102 psi.

188 3112 486 3176 Cantate.
594 3110 732 3194 (ist).
869 3128 916 3197 y
990 3109 1381 3192 Adjuvabit.

184 3201 534 3282 ExpositiO.
650 3199 884 3265 Simile
944 3212 1045 3263 est
1106 3217 1381 3280 regnum

188 3289 471 3353 celorum
498 3289 737 3352 decem
756 3288 1133 3370 virginibus,
1198 3289 1383 3350 Ome-

190 3375 279 3439 lia
318 3387 393 3440 ut
438 3377 509 3440 in
556 3376 895 3440 communi.
971 3376 1088 3438 Re.
1171 3375 1386 3437 Medi-

190 3464 399 3528 cinam
477 3463 816 3528 carnalem
897 3463 1155 3546 corpori
1236 3483 1387 3524 meo

190 3572 531 3635 nunquam
586 3551 938 3616 exhibui2:
1007 3551 1125 3614 sed
1172 3550 1387 3613 habeo

189 3641 535 3704 dominum
568 3639 799 3720 Jesum
825 3639 1183 3704 Christum.
1254 3637 1389 3720 Qui

188 3729 387 3793 verbo
407 3739 601 3794 curat
624 3731 864 3792 omnia.
942 3744 989 3813 y
1038 3727 1187 3809 Ego
1211 3727 1389 3789 enim

189 3816 399 3880 habeo
432 3815 840 3880 mammillas
887 3815 1177 3898 integras
1214 3815 1393 3877 intus

188 3905 253 3966 in
314 3906 545 3968 anima
622 3923 815 3968 mea:
892 3924 1057 3986 quas
1117 3903 1392 3967 domino

190 3992 589 4056 consecravi.
638 3991 769 4074 Qui
802 3991 1019 4056 verbo,
1081 3992 1219 4056 Lec.
1252 3991 1391 4072 viij.

322 4081 666 4144 uintianus
740 4099 898 4144 vero
989 4080 1181 4144 dixit.
1303 4079 1395 4142 Et

322 4171 476 4250 quis
538 4178 685 4232 est:
760 4169 873 4250 qui
951 4176 1019 4232 te
1093 4167 1392 4230 curavit:

190 4255 472 4338 Agatha
582 4257 940 4338 respondit.
1090 4255 1393 4322 Christus

528 4392 543 4422 ¹
586 4391 725 4442 ‘me'
750 4406 849 4443 om.
879 4409 891 4442 :
927 4391 991 4442 G.

529 4459 551 4489 ²
582 4457 789 4508 adhibui
818 4497 829 4508 .
865 4459 929 4509 G.

1995 365 2140 421 192

1466 468 1640 534 filius
1671 469 1780 535 dei
1812 469 1960 538 vivi.
2052 472 2247 535 Tunc
2287 470 2670 554 quintianus

1468 559 1566 622 ira
1620 568 2036 624 commotus:
2099 559 2378 624 testulas
2440 570 2670 624 acutas

1463 647 1663 729 jussit
1721 649 1940 731 spargi
1978 669 1994 710 :
2069 656 2139 711 et
2213 648 2336 711 sub
2413 649 2671 712 testulis

1469 735 1656 798 vivos
1680 735 1948 799 immitti
1971 735 2292 798 carbones
2321 757 2335 800 :
2381 747 2451 799 et
2481 757 2672 800 sanc·

1470 831 1614 886 tam
1645 825 1968 904 virginem
1990 825 2054 887 in
2077 825 2172 886 eis
2196 825 2378 888 nudo
2397 845 2672 906 corpore

1471 913 1774 976 volutari.
1895 912 2176 995 Cunque
2250 910 2377 976 hoc
2445 912 2670 976 fieret:

1472 1000 1696 1064 subito
1755 1001 1938 1063 locus
2013 1001 2078 1062 in
2155 1020 2289 1081 quo
2364 1011 2670 1064 sanctum

1474 1107 1714 1170 corpus
1787 1087 2216 1152 volutabatur
2295 1099 2672 1152 commotus

1474 1187 1622 1240 est:
1700 1184 1767 1239 et
1834 1196 1988 1257 pars
2062 1176 2330 1258 parietis
2390 1177 2674 1240 cecidit:

1474 1274 1543 1328 et
1597 1265 1928 1346 oppressit
1987 1264 2430 1327 consiliarium
2488 1265 2676 1328 ducis

1478 1353 1747 1415 nomine
1821 1352 2170 1416 silvinum:
2247 1360 2316 1416 et
2385 1353 2674 1416 amicum

1478 1440 1624 1521 ejus
1677 1440 1944 1502 nomine
1975 1439 2326 1503 falconum.
2421 1441 2558 1504 Sed
2608 1451 2676 1504 et

1478 1528 1698 1592 omnis
1771 1528 2004 1590 civitas
2076 1527 2576 1591 cathanensium
2637 1549 2678 1590 a

1479 1625 1842 1680 terremotu
1890 1617 2236 1696 exagitata
2265 1624 2384 1680 est.
2476 1615 2676 1698 Quod

1479 1704 1714 1767 videns
1733 1704 2156 1786 quintianus:
2194 1703 2400 1784 sugit:
2438 1702 2680 1784 jubens

1479 1803 1781 1855 sanctam
1842 1793 2166 1873 virginem
2229 1792 2294 1853 in
2351 1811 2678 1876 carcerem

1482 1880 1675 1944 mitti.
1778 1879 1894 1943 Re.
2005 1878 2138 1961 Qui
2200 1899 2307 1942 me
2369 1881 2680 1961 dignatus

1480 1977 1584 2032 est
1644 1969 1730 2032 ab
1791 1967 1972 2030 omni
2050 1967 2251 2049 plaga
2325 1987 2552 2030 curare
2613 1979 2682 2030 et

1481 2055 1917 2120 mammillam
1971 2075 2188 2118 meam
2235 2075 2384 2117 meo
2431 2057 2680 2138 pectori

1480 2146 1840 2207 restituere.
1935 2143 2166 2224 Ipsum
2208 2144 2445 2206 invoco
2475 2145 2676 2206 deum

1479 2233 1720 2296 vivum.
1815 2248 1862 2317 y
1910 2230 2316 2320 Medicinam
2347 2231 2680 2294 carnalem

1481 2319 1738 2402 corpori
1760 2339 1914 2382 meo
1937 2339 2278 2400 nunquam
2312 2318 2585 2382 exhibui
2612 2319 2636 2357 ²
2663 2340 2678 2382 :

1481 2409 1598 2471 sed
1697 2408 1916 2470 habeo
2010 2407 2356 2470 dominum
2457 2427 2678 2469 meum

1480 2496 1710 2577 Jesum
1746 2495 2100 2561 Christum.
2181 2496 2412 2576 Ipsum
2447 2497 2680 2557 invoco

1482 2583 1702 2648 deum.
2252 2582 2465 2646 Lectio
2497 2603 2680 2646 nona.

1480 2675 1808 2805 Sancta
1847 2671 2035 2753 virgo
2065 2669 2344 2753 Agatha
2386 2672 2682 2752 ingressa

1610 2780 1940 2824 carcerem
2031 2759 2360 2840 expandit
2443 2779 2678 2821 manus

1480 2869 1634 2912 suas
1667 2849 1752 2910 ad
1785 2849 2024 2911 deum:
2057 2856 2125 2910 et
2147 2847 2341 2910 dixit.
2390 2847 2680 2908 Domine

1481 2936 1595 3018 qui
1631 2956 1736 3000 me
1776 2935 1990 2998 fecisti
2042 2935 2302 2997 vincere
2349 2943 2684 2996 tormenta

1482 3022 1844 3087 carnificis:
1878 3025 2140 3103 ignem:
2172 3021 2414 3084 ferrum
2447 3032 2514 3085 et
2538 3022 2680 3083 vin·

1481 3111 1671 3175 cula:
1717 3121 1785 3174 te
1845 3111 2204 3192 deprecor:
2269 3120 2343 3173 ut
2395 3110 2681 3191 accipias

1483 3200 1786 3282 spiritum
1823 3219 2044 3260 meum
2067 3198 2267 3260 modo
2293 3219 2306 3262 :
2339 3199 2495 3280 quia
2515 3207 2684 3261 tem·

1484 3309 1612 3370 pus
1642 3297 1745 3353 est
1774 3297 1847 3350 ut
1881 3307 1988 3348 me
2025 3286 2260 3368 jubeas
2292 3286 2468 3349 istud
2500 3305 2685 3349 secu-

1486 3378 1624 3439 lum
1676 3376 2176 3458 derelinquere:
2240 3383 2308 3437 et
2360 3375 2444 3437 ad
2496 3384 2682 3439 tuam

1488 3464 2004 3528 misericordiam
2065 3462 2421 3544 pervenire.
2538 3463 2687 3526 Hec

1485 3573 1641 3615 cum
1674 3553 1993 3616 dixisset:
2026 3571 2246 3614 coram
2273 3551 2454 3614 omni
2477 3571 2686 3633 popu-

1490 3641 1557 3706 lo
1588 3640 1806 3704 emisit
1839 3640 2160 3721 spiritum.
2224 3638 2424 3724 Quod
2459 3639 2688 3703 fideles

1491 3730 1720 3812 populi
1771 3729 2159 3792 audientes:
2206 3727 2498 3790 tulerunt
2547 3747 2690 3789 cor-

1493 3839 1618 3900 pus
1665 3816 1846 3897 ejus:
1893 3825 1961 3879 et
2006 3825 2365 3898 posuerunt
2413 3814 2573 3878 illud
2624 3816 2690 3877 in

1492 3903 1884 3987 sarcofago³
1917 3923 2090 3968 novo
2140 3903 2223 3966 ad
2276 3903 2542 3966 laudem
2573 3903 2694 3964 do-

1495 3995 1657 4057 mini
1690 3993 1897 4056 nostri
1927 3992 2085 4072 Jesu
2120 3991 2365 4055 Christi
2394 4011 2408 4054 :
2450 3991 2555 4053 cui
2586 3999 2688 4053 est

1494 4080 1710 4145 honor
1753 4089 1820 4143 et
1850 4081 2060 4161 gloria
2109 4080 2174 4141 in
2223 4077 2447 4142 secula
2475 4098 2691 4142 amen.

1495 4170 1613 4232 Re.
1697 4168 1908 4231 Beata
1988 4166 2263 4248 agathes
2287 4167 2310 4204 ⁴
2401 4167 2698 4248 ingressa

1500 4277 1828 4324 carcerem
1881 4255 2207 4337 expandit
2259 4275 2494 4318 manus
2541 4275 2698 4320 suas

1693 4392 1714 4421 ⁸
1736 4389 2077 4454 sarcophago:
2113 4389 2176 4440 G.
2249 4387 2536 4440 sarcofaco:
2575 4389 2626 4440 S.

1595 4531 1608 4542 ·
1703 4461 1722 4490 ⁴
1758 4457 1938 4520 agatha
1968 4473 1977 4485 ·
2013 4456 2077 4508 G.
