3117 4959
1467 231 1530 286 S.
1590 231 1690 287 OS
1700 231 1991 289 WALDI

999 342 1155 395 449

469 459 853 523 confitendo
919 459 1255 523 Christum
1320 458 1669 522 dominum

467 550 599 612 vivi
633 549 739 611 dei
784 568 926 610 esse
965 547 1212 612 filium:
1260 547 1667 609 validissima

471 639 849 717 invictaque
911 636 1103 698 nobis
1156 635 1465 698 credendi
1517 634 1669 696 fun-

471 726 789 787 damenta
821 725 1179 787 constituit.
1361 724 1573 785 Lectio
1598 723 1667 805 ᾔ.

470 815 763 944 Nam
837 821 1312 893 percunctante
1395 811 1671 874 domino

654 900 802 982 quis
839 920 982 962 esse
1027 898 1116 962 ab
1161 900 1538 962 hominibus
1573 899 1673 961 di-

473 997 766 1052 ceretur:
815 989 1168 1069 respondit.
1219 989 1324 1050 Tu
1349 1008 1420 1050 es
1449 986 1673 1051 Chris-

472 1086 621 1139 tus:
669 1076 840 1138 filius
886 1076 994 1138 dei
1039 1077 1170 1139 vivi
1218 1076 1281 1137 id
1313 1085 1416 1138 est
1445 1085 1519 1138 tu
1551 1075 1675 1137 do-

475 1165 653 1228 mine
684 1165 769 1226 de
803 1184 996 1227 carne
1039 1165 1310 1244 virginis
1341 1164 1555 1227 factus
1600 1184 1673 1225 es

476 1252 822 1317 Christus:
869 1253 982 1334 qui
1036 1253 1166 1314 vivi
1215 1253 1324 1315 dei
1379 1273 1450 1314 es
1498 1251 1673 1315 filius

473 1342 929 1422 sempiternus
1052 1341 1157 1403 Tu
1224 1341 1493 1403 domine
1554 1338 1674 1402 ho-

477 1431 765 1492 minibus
807 1438 1002 1492 natus
1032 1450 1106 1492 es
1135 1431 1376 1493 homo:
1424 1429 1536 1510 qui
1572 1429 1675 1490 in-

478 1517 813 1599 cogitabili
849 1517 1196 1599 majestate
1219 1519 1386 1581 deus
1403 1537 1474 1580 es
1493 1516 1673 1598 apud

478 1607 696 1670 deum.
760 1606 865 1669 Tu
899 1627 970 1669 es
1005 1607 1346 1670 Christus:
1393 1605 1540 1688 qui¹
1576 1626 1676 1668 re-

479 1694 866 1776 demptione
913 1705 1138 1758 nostra
1180 1694 1262 1757 ad
1297 1695 1674 1776 passionem

479 1784 751 1846 veniens
823 1782 1247 1864 impassibilis
1325 1801 1677 1864 permanes

481 1871 662 1953 apud
697 1882 970 1952 patrem.
1335 1870 1548 1932 Lectio
1580 1869 1673 1952 iij.

621 1960 717 2021 uis
751 1959 950 2042 igitur
979 1979 1270 2040 unquam
1305 1959 1372 2021 in
1414 1968 1676 2021 tantum

618 2047 741 2109 hoc
804 2046 1348 2128 incomprehense
1409 2046 1677 2110 deitatis

482 2133 843 2197 archanum
893 2135 1164 2196 humani
1203 2154 1435 2197 sensus
1478 2134 1679 2198 attol-

485 2223 616 2284 lere
661 2224 988 2304 potuisset
1034 2223 1385 2286 obtutum:
1422 2224 1557 2285 ‘nisi
1590 2223 1679 2286 ab

483 2331 596 2372 ore
657 2311 824 2392 petri
892 2310 1198 2373 salutaris
1266 2310 1460 2392 hujus
1522 2311 1678 2375 fidei

481 2399 724 2462 veritas
785 2399 1162 2462 radiasset?
1255 2399 1422 2481 Quis
1484 2400 1680 2462 meri-

483 2499 702 2550 torum
782 2488 925 2569 ejus
1003 2486 1284 2568 gloriam
1375 2488 1679 2568 quamvis

485 2595 733 2656 magno
793 2577 1183 2658 equiparare
1244 2586 1468 2658 posset
1539 2575 1681 2638 elo-

483 2665 642 2745 quio
690 2684 730 2726 a
776 2684 910 2745 quo
959 2663 1150 2727 nobis
1196 2665 1532 2727 adorande
1582 2665 1675 2727 di-

485 2753 779 2815 vinitatis
828 2751 992 2815 fides
1041 2764 1109 2816 et
1169 2754 1344 2834 cepit
1405 2762 1473 2815 et
1533 2773 1679 2834 per-

489 2849 732 2904 manet.

496 2929 736 3095 Quid
798 2937 990 3010 tanto
1047 2928 1441 3011 gloriosius²
1500 2931 1681 2994 viro:

623 3019 736 3099 qui
758 3017 958 3081 fidem
991 3021 1220 3081 secreti
1245 3017 1684 3081 inscrutabilis

487 3106 824 3187 loquendo
842 3107 1084 3171 edidit:
1111 3107 1396 3169 vivendo
1416 3107 1643 3169 docuit
1666 3127 1681 3170 :

487 3195 805 3276 patiendo
867 3195 1171 3260 firmavit.
1285 3195 1380 3260 Ut
1455 3205 1683 3258 autem

484 3283 916 3346 confessionis
969 3283 1166 3363 hujus
1213 3290 1464 3366 quanta
1509 3291 1684 3346 esset

489 3371 884 3450 magnitudo
929 3370 1220 3434 salvator
1261 3373 1685 3436 ostenderet:

487 3461 583 3521 ait
607 3459 666 3520 ei
692 3479 706 3520 :
744 3459 987 3520 Beatus
1010 3479 1082 3520 es
1105 3478 1344 3538 symon
1369 3458 1686 3539 barjona:

489 3547 645 3628 quia
677 3566 831 3608 caro
863 3556 932 3608 et
962 3547 1232 3626 sanguis
1276 3566 1408 3609 non
1441 3547 1687 3610 revela-

485 3635 582 3698 vit
613 3633 774 3697 tibi:
822 3634 938 3696 sed
987 3644 1179 3715 pater
1223 3655 1410 3697 meus
1439 3635 1550 3716 qui
1586 3645 1689 3698 est

491 3723 557 3784 in
591 3719 763 3785 celis,
1384 3723 1596 3786 Lectio
1627 3744 1688 3787 v.

491 3811 681 3943 H
682 3811 739 3873 ic
769 3817 872 3872 est
901 3818 1166 3891 petrus:
1207 3827 1406 3893 quem
1443 3812 1687 3876 Christi

678 3918 822 3961 esse
853 3898 1491 3964 confidentissimum
1533 3900 1689 3964 sub-

483 3989 664 4070 jecta
708 3988 1005 4069 vestigiis
1037 3986 1179 4068 ejus
1212 3991 1420 4052 maria
1451 3990 1691 4071 proba-

487 4085 746 4141 verunt.
840 4077 1017 4139 Nam
1051 4097 1090 4140 a
1122 4078 1398 4140 domino
1420 4099 1541 4141 suo
1572 4098 1689 4141 no-

488 4187 606 4229 vos
627 4165 750 4228 sibi
773 4165 914 4228 dari
938 4165 1003 4227 in
1031 4163 1338 4228 fluctibus
1359 4167 1693 4248 egressus³

487 4264 563 4317 ut
596 4253 808 4317 fidelis
839 4255 1143 4336 poposcit
1169 4275 1183 4318 :
1225 4265 1293 4318 et
1317 4263 1390 4318 ut
1410 4255 1691 4318 dilectus

553 4389 568 4420 ¹
611 4388 768 4454 ‘pro'
791 4388 939 4438 add:
975 4387 1028 4439 S.
1201 4391 1222 4420 ²
1255 4389 1542 4454 gloriosus:
1581 4392 1643 4440 R.

751 4457 774 4484 ⁸
809 4455 1043 4503 turbari:
1082 4455 1220 4505 R.N.

1610 4461 1631 4486 ⁸
1663 4457 1869 4508 diffusus
1893 4475 1907 4508 ε
1942 4459 1994 4508 S.

2281 341 2443 397 450

2188 461 2328 544 Qui
2388 460 2479 523 ob
2551 457 2681 522 hoc
2758 457 2989 522 solum

1771 550 2139 632 trepidasse
2166 551 2347 612 visus
2370 557 2513 612 est:
2558 557 2629 611 ut
2652 547 2993 628 fragilitas

1770 636 2065 700 humana
2154 644 2640 720 cognosceret:
2720 645 2995 718 quanta

1770 735 1947 789 esset
1980 727 2151 789 inter
2179 726 2527 789 dominum
2574 743 2993 805 servumque

1772 813 2137 878 distantia:
2189 815 2351 877 dum
2408 822 2781 894 aggravata
2838 833 2994 894 pec-

1774 903 1940 965 catis
1972 922 2126 964 caro
2158 903 2515 984 mergitur:
2562 909 2631 963 et
2655 901 2995 963 immacu-

1774 989 1891 1052 lati
1925 991 2133 1052 nescit
2156 990 2389 1072 planta
2412 990 2759 1052 desidere.⁴
2798 989 2885 1051 L.
2908 989 2996 1070 ψ’.

1790 1080 2049 1210 Vere
2080 1078 2260 1141 beati
2294 1078 2462 1160 petri
2487 1087 2555 1140 et
2577 1078 2741 1140 dum
2780 1080 2997 1159 trepi-

1940 1166 2060 1230 dat
2122 1167 2443 1230 mirabilis
2502 1165 2707 1228 fides:
2774 1185 2995 1247 quam

1775 1274 1897 1317 nec
1951 1255 2362 1338 perurgentis
2424 1255 2696 1336 periculi
2758 1254 2997 1336 potuit

1772 1342 2075 1406 turbare⁵
2157 1343 2458 1406 formido,
2599 1342 2998 1407 Clamando

1775 1432 1952 1494 enim
2030 1431 2191 1494 dum
2270 1431 2627 1513 mergitur:
2704 1430 2995 1492 domine

1776 1519 1982 1583 libera
2032 1539 2180 1582 me:
2244 1519 2332 1582 de
2380 1540 2453 1582 se
2506 1518 2805 1581 diffisus⁶
2850 1527 2993 1582 aet:

1777 1627 1911 1670 non
1959 1608 2046 1670 de
2098 1609 2374 1671 domino
2422 1607 2775 1670 dubitavit.
2888 1607 2993 1670 Ne

1771 451 2070 526 emeruit.

1776 1697 1925 1777 quis
1957 1715 2115 1777 ergo
2160 1698 2469 1759 timorem
2516 1695 2690 1758 hunc
2734 1695 2992 1777 glorio-

1776 1785 2017 1847 sissimi
2072 1785 2241 1866 petri
2304 1785 2507 1847 ducat
2559 1784 2625 1846 in
2687 1785 2993 1846 vitium:

1778 1873 2095 1954 quoniam
2127 1873 2327 1935 timor
2356 1872 2480 1935 iste
2509 1872 2827 1953 quamvis
2860 1873 2993 1954 pri·

1781 1981 1959 2023 mam
2036 1971 2190 2042 post
2263 1961 2648 2024 turbaverat
2722 1959 2940 2022 fidem
2973 1980 2989 2023 :

1778 2048 2250 2112 confidentiam
2282 2058 2507 2112 tamen
2556 2048 2623 2111 in
2670 2069 2753 2111 eo
2796 2069 2986 2130 repa-

1782 2135 1958 2200 rate⁷
1990 2137 2399 2201 credulitatis
2443 2135 2719 2200 ornavit.
2834 2137 2991 2199 Tres

1780 2225 2011 2288 ultime
2094 2225 2383 2288 lectiones
2453 2225 2534 2288 de
2602 2225 2989 2306 offo-titione

1778 2313 2110 2394 evangelii.
2179 2313 2385 2377 Venit
2414 2314 2626 2395 Jesus.
2684 2333 2889 2394 quere
2916 2313 2989 2374 in

1780 2402 2084 2465 cathedra
2140 2401 2439 2484 cjusdem.
2550 2401 2987 2482 Responsoria

1780 2499 1841 2552 et
1866 2500 2067 2552 cetera
2097 2491 2265 2552 sicut
2307 2491 2377 2554 in
2421 2487 2577 2552 die.-
2614 2498 2849 2570 preter
2874 2510 2987 2552 an-

1780 2578 2109 2659 tiphonam
2156 2589 2351 2661 super
2382 2578 2717 2660 psalmum
2768 2577 2985 2640 Bene-

1781 2666 2016 2730 dictus.
2104 2687 2223 2748 que
2246 2666 2377 2729 erit
2408 2687 2541 2729 una
2571 2666 2652 2728 de
2676 2677 2995 2746 quattuor

1782 2755 2153 2835 antiphonis
2177 2765 2379 2836 supra
2409 2755 2663 2817 notatis.

1786 2847 1849 2921 (1
1901 2842 2138 2906 Sancti
2173 2843 2477 2908 Oswaldi
2514 2844 2685 2926 regis
2714 2851 2776 2904 et
2808 2863 2992 2906 mar-

1784 2933 1963 3012 tyri-5.

1784 3019 1907 3082 Ad
1960 3029 2251 3100 vesperas
2294 3028 2399 3082 αῆ.
2472 3019 2706 3082 Petrus
2754 3027 2831 3082 et
2890 3019 2995 3102 jo-

1784 3107 2057 3172 hannes,
2144 3118 2209 3171 et
2260 3118 2455 3171 cetere
2502 3105 2859 3188 antiphone
2904 3127 2995 3170 se-

1785 3205 2040 3277 quentes
2058 3217 2083 3258 .·
2122 3216 2265 3258 cum
2282 3196 2568 3278 psalmis
2586 3196 2665 3258 de:
2684 3195 2995 3276 apostolis

1787 3283 1923 3347 nisi
1946 3284 2279 3366 contingat
2310 3285 2565 3365 festum
2608 3285 2829 3348 sancti
2872 3295 2995 3348 ste-

1772 3371 1990 3455 phani
2014 3372 2291 3454 differri.
2359 3382 2423 3436 et
2452 3382 2605 3436 tunc
2629 3373 2995 3454 antiphona

1790 3461 2175 3542 Regressus,
2292 3471 2355 3524 et
2411 3471 2605 3524 cetere
2665 3472 2995 3542 sequentes

1787 3569 1931 3612 cum
1962 3549 2246 3630 psalmis
2270 3549 2633 3630 ferialibus
2676 3569 2886 3631 usque
2910 3548 3003 3612 ad

1787 3637 2155 3719 capitulum.
2239 3637 2387 3718 Cap.
2470 3639 2713 3700 Beatus
2744 3639 2851 3700 vir
2881 3637 2992 3721 qui

1788 3726 2033 3790 suffert.
2144 3725 2244 3788 Et
2290 3737 2493 3788 cetera
2537 3725 2619 3788 de
2666 3725 2997 3789 communi

1790 3814 1988 3877 unius
2038 3813 2355 3895 martyris
2376 3837 2401 3878 .·
2460 3834 2608 3878 cum
2659 3813 2793 3876 ista
2844 3835 2993 3878 ora-

1789 3903 1972 3968 tione.
2741 3901 2989 3966 Oratio.

1803 3991 2306 4125 Omnipotens
2350 3989 2753 4071 sempiterne
2782 3991 2988 4054 deus:

1926 4080 2040 4162 qui
2130 4078 2328 4162 hujus
2406 4078 2538 4142 diei
2620 4078 2984 4160 jocundam

1794 4179 2227 4250 sanctamque
2294 4167 2585 4230 leticiam
2649 4168 2716 4229 in
2778 4165 2983 4230 sancti

1798 4257 1969 4320 servi
2043 4257 2140 4319 tui
2230 4255 2503 4320 oswaldi
2588 4254 2984 4319 solennitate

1814 4393 1835 4421 ⁸
1866 4407 2095 4456 gressus:
2130 4392 2301 4489 R.N.,
2334 4391 2730 4523 regquideff:
2768 4393 2909 4443 R.N.
