3117 4959
870 248 1158 308 INDEX
1198 252 1979 314 RESPONSORIORUM'.

731 359 871 414 877

220 463 289 524 Ne
307 473 483 520 evertas
504 461 675 515 faeiem
696 469 853 542 tuem,
881 475 981 528 349

219 537 289 587 Ne
310 534 472 601 perdas
484 546 593 580 cum
606 530 789 594 impiis,
816 539 917 593 350

218 604 288 652 Νι
305 599 543 651 recorderis
558 602 747 660 peccata
770 611 877 645 mea
898 595 1011 656 dne,
1037 593 1136 659 663

216 665 495 731 Nequissimo
509 661 635 728 jude
645 659 897 726 proditori
914 661 1226 723 dilectricem,
1252 673 1353 726 402

218 729 431 782 Nesciens
452 735 605 777 meter
626 727 768 791 virgo
789 727 969 788 virum,
1003 737 1095 792 157

214 797 367 848 Nimis
384 793 607 843 honorati
624 800 746 842 sunt
760 794 930 854 amici,
963 806 1026 843 10

212 861 383 912 Nobilis·
400 867 443 908 et
452 858 663 924 pulchra
674 859 917 922 prudent,
946 870 1047 920 720

214 926 311 976 Noe
329 926 397 974 vir
412 925 569 988 justus
589 932 740 988 atque
762 923 1026 989 perfectus,
1052 936 1151 986 249

212 992 317 1042 Noli
337 1007 435 1040 esse
456 989 577 1039 mihi
598 990 803 1038 domine
824 989 1032 1050 alienus,
1062 991 1159 1054 363

208 1058 319 1106 Noli
336 1072 405 1106 me
422 1054 751 1120 derelinquere
761 1062 927 1120 pater,
954 1056 1052 1119 463

208 1123 313 1171 Non
331 1121 567 1171 auferetur
588 1129 854 1185 sceptrum,
881 1121 949 1170 60

209 1187 251 1237 N
254 1203 311 1236 on
331 1187 640 1236 conturbetur
662 1200 749 1236 cor
770 1193 1005 1248 vestrum,
1033 1195 1133 1249 479

206 1253 311 1302 Non
328 1251 622 1301 discedimus
645 1267 677 1301 a
696 1259 765 1312 te,
793 1253 859 1300 62

206 1316 308 1366 Non
327 1316 595 1382 relinquam
618 1333 709 1366 vos
732 1317 1001 1382 orphanos,
1026 1329 1122 1380 491

203 1384 301 1432 Nos
318 1382 461 1432 alium
482 1383 633 1432 deum
656 1382 919 1444 nescimus,
951 1382 1046 1446 593

202 1447 345 1497 Notas
365 1447 485 1496 mihi
507 1445 671 1498 fecisti
694 1449 916 1510 domine,
946 1459 1045 1511 203

201 1511 551 1563 Nunciaverunt
569 1513 723 1577 jacob
746 1512 987 1574 dicentes,
1014 1513 1113 1576 316

197 1578 456 1644 Nunquam
477 1579 791 1643 inquinatur
810 1587 999 1644 corpus,
1030 1591 1125 1629 120

198 1840 236 1890 0
253 1839 381 1890 beata
400 1841 567 1893 cecilia
580 1855 599 1890 :
632 1857 729 1906 que
748 1842 887 1902 duos,
916 1849 1013 1903 707

199 1907 235 1955 0
248 1907 427 1956 beatum
449 1909 705 1973 presulem
726 1908 1053 1967 cuthbertum,
1081 1905 1179 1956 228

196 1971 235 2020 0
250 1972 431 2022 beatum
450 1974 627 2022 virum
653 1974 711 2022 in
734 1974 877 2037 cujus
898 1973 1141 2032 traomtu,
1168 1969 1269 2022 686

195 2037 231 2085 0
249 2038 431 2088 beatum
452 2041 635 2090 virum
660 2039 957 2098 martinum,
982 2037 1081 2101 683

195 2103 233 2151 0
249 2103 363 2152 bona
384 2119 513 2152 cmx
528 2120 547 2154 .·
580 2121 681 2169 que
699 2100 929 2163 decorem,
956 2103 1023 2153 88

192 2168 515 2218 Ocomtann‘a
540 2177 833 2232 martyrum
852 2163 1140 2229 laudabilis,
1168 2181 1250 2234 33,
1277 2164 1375 2232 653

97 2289 99 2294 ,
190 2232 545 2300 Ocruaefidelzlr
569 2236 711 2286 inter
739 2251 921 2295 omnes,
950 2244 1045 2298 557

190 2299 227 2346 0
244 2299 377 2349 decus
395 2301 721 2366 vab-ginitatis
740 2301 899 2366 virgo,
924 2301 1025 2363 496

188 2364 227 2412 0
242 2365 451 2430 dilthem
478 2367 751 2416 Christum
774 2373 822 2416 et
840 2383 873 2416 a
902 2367 1115 2426 Chris-to,
1142 2378 1245 2427 404

187 2429 225 2479 0
227 2431 358 2494 felix
362 2433 533 2496 filie-125
554 2433 739 2482 meriti
758 2433 939 2491 mana,
967 2441 1063 2495 405

187 2495 223 2543 0
242 2497 446 2561 hypolite
466 2497 518 2547 si
536 2497 809 2548 credideris·
832 2499 891 2547 in
912 2499 1054 2558 dnm,
1079 2506 1180 2558 472

180 2559 223 2610 O
238 2561 355 2625 juda
376 2563 464 2628 qui
488 2563 827 2628 dereliquisti,
860 2562 951 2625 381

179 2626 221 2676 O
239 2644 470 2693 magnum
504 2629 823 2694 mysterium,
849 2627 917 2678 80

184 2693 222 2741 0
238 2702 392 2743 mater
410 2702 589 2744 nostra
612 2701 694 2745 ter
710 2701 881 2744 sancta
902 2699 1184 2759 quaterque,
1213 2691 1277 2757 65

180 2758 219 2807 0
226 2767 397 2824 pas-tor
414 2761 697 2825 apostolice,
726 2773 826 2810 220

182 2824 218 2872 0
234 2827 569 2890 quamselices
581 2835 687 2891 per
704 2833 752 2875 te
771 2826 1105 2884 sanctissima,
1134 2835 1231 2885 722

95 2913 97 2920 =
177 2888 219 2938 O
236 2907 399 2956 regem
420 2893 524 2942 celi
547 2892 635 2942 cui
659 2891 798 2952 talia,
830 2898 925 2954 130

174 2955 213 3005 0
234 2973 319 3006 vos
340 2973 525 3008 omnes
548 2958 641 3023 qui
666 2957 903 3017 transitis»,
932 2954 1031 3019 398

173 3021 381 3072 Obsecro
403 3025 641 3084 domine,
678 3035 737 3086 13

176 3087 463 3138 Obtulemmt
474 3097 579 3154 pro
600 3105 657 3138 eo
677 3088 875 3138 domino
895 3087 1034 3146 all’a‚
1068 3086 1159 3146 184

95 3181 97 3186 ·
170 3151 557 3204 Octavndecima
581 3155 689 3213 die,
719 3163 782 3217 59

173 3217 324 3268 Oculis
344 3237 404 3269 ac
428 3221 681 3270 manibus
702 3221 760 3268 in
782 3220 954 3278 celum,
981 3217 1082 3278 684

172 3283 461 3348 offerentur.
542 3287 619 3334 In
644 3285 809 3334 leticia
830 3290 877 3334 et
898 3283 1217 3340 exultatione,
1247 3289 1309 3346 75

169 3349 447 3413 offerentur
470 3351 585 3416 regi
604 3351 833 3414 virgines
856 3350 973 3398 Post
992 3365 1118 3408 eam,
1147 3358 1209 3411 75

95 3415 97 3422 ’
165 3413 341 3466 Omnes
364 3417 523 3467 amici
551 3417 659 3466 mei
682 3415 1069 3480 dereliquerunt,
1098 3414 1197 3477 389

164 3479 341 3532 Omnes
364 3485 435 3533 de
458 3483 596 3532 saba
620 3483 825 3532 venient
848 3484 939 3543 (1),
975 3481 1069 3543 163

160 3545 339 3598 Omnes
362 3550 430 3599 de
454 3550 593 3599 saba
616 3548 821 3597 venient
844 3549 936 3609 (2),
971 3556 1066 3608 170

160 3611 340 3664 Omnes
362 3623 555 3680 gentes
574 3628 901 3679 quascunque
922 3611 1102 3670 fecisti,
1135 3621 1229 3674 170

162 3679 476 3746 Omnipotens
500 3681 765 3729 adorande
784 3679 985 3737 colende,
1016 3686 1108 3738 147

157 3745 325 3796 Omnis
348 3745 699 3812 pulchritudo
720 3744 931 3802 domini,
958 3753 1058 3805 479

155 3810 299 3862 Omni
324 3821 575 3877 tempore
600 3809 817 3860 benedic
840 3810 1007 3869 deum,
1038 3819 1129 3872 591

158 3877 326 3928 Omnis·
348 3886 501 3930 terra
526 3878 708 3926 adoret
728 3883 775 3924 te
795 3876 931 3934 deus,
961 3885 1055 3938 275

157 3943 385 4008 Operibus
408 3944 617 3994 sanctie
640 3942 899 3991 nicholaus
921 3941 1194 3998 humiliter,
1229 3951 1315 3987 101

154 4009 334 4061 Orante
359 4011 668 4060 beaticsimo
688 4009 759 4057 ad
774 4008 1047 4065 dominum,
1079 4003 1187 4055 218·

152 4074 335 4127 Omnte
353 4083 545 4126 sancto
568 4075 803 4124 clemente
819 4087 839 4121 .·
872 4071 1125 4138 apparuit,
1158 4080 1254 4132 714

145 4141 312 4193 omit
333 4142 505 4206 jacob
530 4147 590 4191 et
618 4138 761 4199 dixit,
791 4149 885 4201 301

96 4247 98 4254 .
148 4207 325 4257 Omvit
343 4210 572 4258 scine-tm
596 4207 813 4254 andreas
833 4204 974 4264 dum,
1001 4214 1070 4266 90

142 4274 351 4325 orem
371 4287 563 4324 omnes
587 4271 855 4322 dominnm
874 4270 1028 4330 dixit,
1057 4278 1155 4330 714

138 4337 338 4391 Orietur
360 4340 531 4390 stella
554 4353 625 4387 ex
655 4337 823 4401 jacob,
850 4334 917 4396 48

138 4404 463 4458 ornaverunt
490 4403 689 4455 faciem
712 4401 889 4468 templi
912 4400 1125 4461 coronis,
1153 4399 1250 4449 602

1977 364 2121 421 878

1476 465 1703 517 Ostende
1725 467 1870 518 nobis
1891 468 1992 518 dhe
2013 468 2416 532 misericordiam,
2451 481 2527 536 17,
2555 471 2653 533 678

1476 531 1714 582 Ostendit
1736 533 1860 584 mihi
1883 534 2089 600 angelus
2111 535 2318 596 fontem,
2342 550 2443 601 432

1477 728 1691 779 Pacifice
1714 729 2042 795 loquebantur
2063 725 2204 792 mihi,
2233 743 2333 796 350

1478 795 1667 844 Panem
1691 795 1786 844 celi
1809 793 1948 846 dedit
1971 798 2042 846 eis
2064 797 2180 847 all’a
2203 799 2333 859 all’a‚
2365 797 2463 862 538

1476 860 1629 909 Panis
1650 875 1798 925 quem
1822 877 1916 926 ego
1939 863 2074 912 dabo
2095 879 2226 922 cam,
2259 873 2356 927 534

1477 925 1702 974 Paradisi
1719 935 1886 990 portas
1908 928 2118 992 aperuit,
2149 939 2244 992 275

1477 991 1710 1040 Paratum
1731 1007 1817 1042 cor
1838 1008 2020 1054 meum,
2049 1005 2148 1056 209

1477 1057 1685 1106 Paratus
1709 1065 1817 1107 esto
1842 1059 2011 1119 Israel,
2043 1067 2105 1123 55

1435 1153 1442 1158 ·
1472 1121 1776 1172 Parentibus
1797 1130 1964 1173 autem
1986 1126 2091 1189 ejus
2113 1127 2173 1173 in
2183 1133 2318 1189 pace,
2348 1136 2444 1189 527

1480 1186 1782 1251 Participem
1804 1203 1886 1237 me
1909 1189 1986 1238 fac
2009 1191 2146 1250 deus,
2177 1189 2278 1240 280

1476 1253 1776 1304 Paschasius
1797 1255 1932 1304 dixit
1944 1270 1963 1304 .·
1994 1256 2261 1316 cessabunt,
2296 1269 2390 1305 120

1478 1317 1628 1367 Pater
1649 1319 1852 1383 peccavi
1875 1320 1926 1369 in
1950 1321 2127 1380 celum,
2158 1333 2258 1382 310

1476 1383 1766 1434 Patriarche
1787 1386 1950 1434 nostri
1966 1385 2148 1435 abrahe
2167 1401 2298 1434 exem
2349 1403 2391 1448 o,
2421 1400 2520 1450 224

1478 1448 1707 1499 Ρειιιείῐειε
1730 1447 1920 1499 dierum
1944 1466 2183 1510 meorum,
2214 1461 2241 1514 5

1476 1515 1760 1564 Peccantem
1783 1531 1858 1564 me
1875 1517 2088 1579 quotidie
2108 1524 2156 1566 et
2173 1531 2290 1576 non,
2319 1517 2415 1581 665

1476 1581 1579 1629 Per
1598 1596 1783 1629 crucem
1805 1587 1944 1630 tuam
1967 1581 2108 1630 salva
2129 1597 2216 1631 nos
2241 1583 2446 1644 Chr-itte,
2478 1582 2574 1647 558

1477 1646 1580 1694 Per
1599 1647 1758 1709 ipsam
1781 1652 1826 1694 te
1844 1648 2068 1710 deprecor
2088 1653 2258 1707 mater,
2293 1660 2313 1695 1
2327 1647 2387 1696 18

1476 1710 1575 1759 Per
1595 1711 1944 1775 memetipsum
1962 1712 2122 1775 juravi
2146 1713 2267 1763 dicit
2289 1713 2400 1773 diis,
2430 1726 2528 1777 249

1477 1777 1580 1825 Per
1599 1783 1740 1824 tuam
1762 1793 1952 1826 crucem
1984 1779 2125 1826 salva
2146 1793 2247 1837 nos,
2277 1789 2375 1842 273

1478 1839 1696 1890 Peractis
1717 1849 1917 1890 centum
1939 1842 2314 1907 quinquaginta,
2343 1853 2439 1906 247

1475 1907 1716 1956 Percussa
1731 1907 1906 1970 gladio
1923 1909 2014 1957 dat
2030 1909 2108 1957 lac
2119 1917 2233 1973 pro,
2263 1918 2359 1973 725

1478 1971 1604 2021 Peto
1625 1971 1830 2022 domine
1852 1981 1906 2022 ut
1927 1973 1994 2022 de
2015 1974 2230 2035 vinculO,
2261 1985 2353 2039 591

1475 2038 1622 2087 Petre
1642 2054 1782 2086 amas·
1803 2055 1878 2088 me
1899 2046 1956 2088 tu
1977 2041 2082 2100 scis,
2111 2040 2262 2100 206n,
2292 2051 2391 2104 354

1474 2101 1670 2152 ΡΙιεύω
1690 2111 1738 2153 et
1751 2105 1995 2154 cornelius
2013 2105 2262 2170 dclv-cipuli,
2295 2116 2389 2168 717

1477 2169 1666 2233 Plange
1687 2169 1828 2233 quasi
1851 2170 1991 2234 virgo
2048 2171 2154 2220 lebs
2176 2187 2304 2231 mea,
2333 2181 2428 2235 397

1477 2235 1796 2284 Plantaverat
1817 2244 1984 2285 autem
2005 2187 2100 2285 gns
2119 2237 2420 2301 paradisum,
2449 2249 2549 2302 234

1478 2295 1677 2349 Planxit
1701 2308 1868 2350 autem
1891 2300 2043 2350 david
2059 2303 2280 2367 planctu,
2311 2304 2405 2367 565

1479 2366 1652 2416 Platee
1676 2373 1758 2416 tue
1777 2367 2072 2416 hieru-«mem
2097 2375 2388 2429 sternentur,
2417 2381 2516 2432 432

1478 2431 1630 2481 Plebs
1653 2431 1864 2481 occurrit
1889 2432 2072 2498 presuli
2095 2434 2244 2494 cadit,
2280 2434 2410 2497 183n

1475 2498 1616 2547 Plebs
1637 2499 1850 2546 occum't
1858 2499 2054 2563 presuli
2069 2513 2086 2546 .·
2107 2500 2241 2548 cadit
2248 2507 2393 2564 pons,
2421 2511 2516 2564 301

1478 2562 1671 2611 Ponam
1693 2578 1894 2613 aureum
1917 2579 2083 2613 meum
2107 2565 2160 2614 in
2183 2565 2412 2624 nubibus,
2443 2578 2541 2627 249

1478 2628 1630 2677 Ponis
1651 2629 1834 2678 nubem
1856 2643 2129 2690 ascensum,
2157 2629 2258 2691 484

1478 2695 1671 2758 Popule
1693 2710 1832 2743 meus
1854 2693 1971 2757 quid
1997 2694 2107 2753 feci,
2137 2706 2234 2756 334

1476 2761 1597 2808 Post
1605 2766 1816 2823 partum
1838 2760 1980 2822 virgo
2001 2761 2271 2818 Inviolata,
2304 2772 2325 2809 1
2339 2759 2450 2820 16n,
2481 2771 2580 2825 543

1475 2825 1595 2874 Post
1603 2826 1880 2890 passionem
1901 2825 1998 2873 dni
2012 2825 2071 2874 in
2093 2825 2355 2887 universis,
2382 2826 2482 2887 604

1479 2890 1599 2939 Post
1621 2891 1902 2954 passionem
1925 2905 2064 2939 suam
2087 2905 2192 2966 per,
2218 2891 2319 2952 478

1479 2956 1598 3004 Post
1622 2971 1705 3004 sex
1729 2971 1886 3004 annos
1907 2955 2036 3004 redit
2058 2971 2150 3014 vir,
2185 2967 2276 3018 123

1477 3022 1636 3073 Posui
1653 3021 1963 3084 adjutorium
1983 3029 2132 3085 super
2139 3028 2399 3085 potentem,
2427 3035 2487 3084 41

1476 3088 1703 3136 Posuisti
1714 3087 1909 3135 domine
1929 3093 2077 3150 super
2097 3095 2258 3149 caput,
2287 3088 2352 3137 26

1475 3153 1703 3202 Preciosa
1725 3153 1784 3201 in
1805 3159 2047 3215 conspectu
2077 3152 2175 3201 dm·
2192 3153 2314 3202 all’a
2337 3169 2354 3202 .·
2390 3153 2543 3214 Mors,
2570 3163 2672 3217 250

1479 3218 1741 3267 Precursor
1763 3232 1854 3282 pro
1876 3217 2020 3266 nobis
2041 3217 2330 3281 ingreditur,
2361 3228 2422 3282 52

1477 3283 1745 3348 Preparate
1767 3282 1916 3331 corda
1937 3289 2098 3332 vestra
2120 3284 2240 3343 dfio,
2271 3284 2366 3347 564

1480 3348 1728 3398 Prevaluit
1751 3348 1904 3396 david
1925 3348 1978 3396 in
2001 3348 2304 3412 philisteum,
2335 3349 2429 3413 562

1476 3415 1714 3477 Princeps
1734 3421 1896 3462 sancte
1915 3414 2096 3463 celestis
2117 3416 2302 3474 militie,
2333 3414 2426 3478 585

1478 3479 1735 3543 Principes
1757 3479 2001 3542 persecuti
2026 3487 2138 3529 sunt
2161 3495 2243 3529 me
2265 3481 2434 3544 gratis,
2464 3490 2559 3544 353

1474 3545 1784 3608 Priusquam
1807 3552 1852 3593 te
1859 3545 2140 3608 formarem
2161 3547 2218 3594 in
2241 3554 2391 3605 utero,
2421 3547 2520 3609 336

1480 3611 1674 3660 Prodiit
1694 3611 1924 3674 extemplo
1944 3611 2204 3675 quoddam,
2233 3613 2330 3675 526

1477 3677 1641 3740 Prope
1663 3683 1736 3724 est
1761 3683 1814 3726 ut
1836 3675 2022 3736 veniat,
2050 3689 2111 3738 41

1472 3743 1684 3806 Propter
1701 3742 2044 3791 intollerabiles
2066 3759 2252 3800 mum,
2281 3743 2379 3792 216

1476 3809 1685 3872 Propter
1703 3808 1958 3856 veritatem
1978 3815 2026 3857 et
2046 3823 2238 3856 mansu.
2251 3811 2488 3868 tudimm,
2517 3809 2582 3858 62

1474 3875 1746 3922 Pmdentes
1767 3874 2000 3936 virgines.
2062 3875 2112 3922 A
2105 3881 2242 3938 ptate
2262 3875 2524 3939 lampades,
2553 3884 2614 3937 75

1472 3939 1644 3988 Puelle
1665 3939 1878 3987 saltanti
1899 3939 2164 4002 imperavit
2183 3946 2358 4000 mater,
2385 3950 2412 4004 5
2425 3950 2481 4001 17

1475 4005 1604 4054 Puer
1626 4013 1772 4053 natus
1793 4013 1868 4053 est
1891 4001 2052 4062 nobis,
2079 4015 2148 4067 90

1474 4071 1698 4120 Pulchra
1705 4069 1842 4134 jacie
1857 4069 1944 4119 sed
1948 4069 2224 4134 pulchrior,
2261 4081 2350 4133 147

1479 4267 1708 4330 Quadam
1728 4266 1808 4315 die
1825 4272 2092 4331 tempoetate
2111 4267 2380 4329 sealt-sima,
2414 4277 2500 4318 101

1474 4333 1818 4397 Quadraginta
1839 4331 1948 4382 dies
1963 4337 2014 4381 et
2037 4339 2225 4393 noctcS,
2255 4345 2350 4397 245

1478 4399 1643 4464 Quam
1667 4413 1849 4462 magna
1871 4397 2156 4460 multitudo,
2187 4409 2284 4460 207
