<?xml version="1.0" encoding="UTF-8"?>
<!DOCTYPE html PUBLIC "-//W3C//DTD XHTML 1.0 Transitional//EN"
    "http://www.w3.org/TR/xhtml1/DTD/xhtml1-transitional.dtd">
<html xmlns="http://www.w3.org/1999/xhtml" xml:lang="en" lang="en">
 <head>
  <title>
</title>
<meta http-equiv="Content-Type" content="text/html;charset=utf-8" />
  <meta name='ocr-system' content='tesseract 3.04.00' />
  <meta name='ocr-capabilities' content='ocr_page ocr_carea ocr_par ocr_line ocrx_word'/>
</head>
<body>
  <div class='ocr_page' id='page_1' title='image "breviariumadusu03yorkgoog_0393.png"; bbox 0 0 3117 4959; ppageno 0'>
   <div class='ocr_carea' id='block_1_1' title="bbox 1434 233 1850 288">
    <p class='ocr_par' dir='ltr' id='par_1_1' title="bbox 1434 233 1850 288">
     <span class='ocr_line' id='line_1_1' title="bbox 1434 233 1850 288; baseline 0 0"><span class='ocrx_word' id='word_1_1' title='bbox 1434 233 1542 288; x_wconf 90' lang='lat' dir='ltr'>IN</span> <span class='ocrx_word' id='word_1_2' title='bbox 1579 233 1850 288; x_wconf 85' lang='lat' dir='ltr'><em>FESTO</em></span> 
     </span>
    </p>
   </div>
   <div class='ocr_carea' id='block_1_2' title="bbox 384 442 1609 3600">
    <p class='ocr_par' dir='ltr' id='par_1_2' title="bbox 384 442 1609 3600">
     <span class='ocr_line' id='line_1_2' title="bbox 396 442 1596 526; baseline -0.004 -18"><span class='ocrx_word' id='word_1_3' title='bbox 396 445 659 526; x_wconf 83' lang='lat' dir='ltr'>vesperis</span> <span class='ocrx_word' id='word_1_4' title='bbox 724 443 1202 506; x_wconf 79' lang='lat' dir='ltr'>annunciationis</span> <span class='ocrx_word' id='word_1_5' title='bbox 1270 442 1596 522; x_wconf 85' lang='lat' dir='ltr'>Incipiatur</span> 
     </span>
     <span class='ocr_line' id='line_1_3' title="bbox 396 523 1596 605; baseline -0.003 -18"><span class='ocrx_word' id='word_1_6' title='bbox 396 528 478 587; x_wconf 88' lang='lat' dir='ltr'>ad</span> <span class='ocrx_word' id='word_1_7' title='bbox 505 526 829 605; x_wconf 87' lang='lat' dir='ltr'>capitulum</span> <span class='ocrx_word' id='word_1_8' title='bbox 863 526 942 586; x_wconf 91' lang='lat' dir='ltr'>de</span> <span class='ocrx_word' id='word_1_9' title='bbox 982 523 1315 586; x_wconf 88' lang='lat' dir='ltr'>visitatione</span> <span class='ocrx_word' id='word_1_10' title='bbox 1342 534 1409 584; x_wconf 91' lang='lat' dir='ltr'>ut</span> <span class='ocrx_word' id='word_1_11' title='bbox 1433 523 1596 602; x_wconf 90' lang='lat' dir='ltr'>prius</span> 
     </span>
     <span class='ocr_line' id='line_1_4' title="bbox 401 605 791 667; baseline -0.005 -1"><span class='ocrx_word' id='word_1_12' title='bbox 401 606 631 667; x_wconf 89' lang='lat' dir='ltr'>dictum</span> <span class='ocrx_word' id='word_1_13' title='bbox 660 605 791 665; x_wconf 88' lang='lat' dir='ltr'>est.¹</span> 
     </span>
     <span class='ocr_line' id='line_1_5' title="bbox 396 681 1604 762; baseline -0.003 -17"><span class='ocrx_word' id='word_1_14' title='bbox 396 688 478 745; x_wconf 79' lang='lat' dir='ltr'>In</span> <span class='ocrx_word' id='word_1_15' title='bbox 506 685 660 762; x_wconf 86' lang='lat' dir='ltr'>festo</span> <span class='ocrx_word' id='word_1_16' title='bbox 703 681 1051 742; x_wconf 72' lang='lat' dir='ltr'>visitattom’s</span> <span class='ocrx_word' id='word_1_17' title='bbox 1076 683 1257 742; x_wconf 82' lang='lat' dir='ltr'>Beate</span> <span class='ocrx_word' id='word_1_18' title='bbox 1291 681 1479 742; x_wconf 77' lang='lat' dir='ltr'>marie</span> <span class='ocrx_word' id='word_1_19' title='bbox 1515 681 1604 741; x_wconf 83' lang='lat' dir='ltr'>ad</span> 
     </span>
     <span class='ocr_line' id='line_1_6' title="bbox 384 762 1598 840; baseline -0.003 -17"><span class='ocrx_word' id='word_1_20' title='bbox 384 766 620 840; x_wconf 82' lang='lat' dir='ltr'>primas</span> <span class='ocrx_word' id='word_1_21' title='bbox 684 771 941 840; x_wconf 87' lang='lat' dir='ltr'>vesperas</span> <span class='ocrx_word' id='word_1_22' title='bbox 1004 763 1324 839; x_wconf 78' lang='lat' dir='ltr'>antiphona</span> <span class='ocrx_word' id='word_1_23' title='bbox 1389 762 1598 838; x_wconf 76' lang='lat' dir='ltr'>prima</span> 
     </span>
     <span class='ocr_line' id='line_1_7' title="bbox 396 839 1597 919; baseline -0.002 -17"><span class='ocrx_word' id='word_1_24' title='bbox 396 853 569 919; x_wconf 81' lang='lat' dir='ltr'>super</span> <span class='ocrx_word' id='word_1_25' title='bbox 600 844 901 919; x_wconf 83' lang='lat' dir='ltr'>psalmum</span> <span class='ocrx_word' id='word_1_26' title='bbox 958 840 1164 900; x_wconf 89' lang='lat' dir='ltr'>Eterni</span> <span class='ocrx_word' id='word_1_27' title='bbox 1215 839 1397 917; x_wconf 86' lang='lat' dir='ltr'>patris</span> <span class='ocrx_word' id='word_1_28' title='bbox 1444 839 1597 899; x_wconf 87' lang='lat' dir='ltr'>filius</span> 
     </span>
     <span class='ocr_line' id='line_1_8' title="bbox 398 918 1598 996; baseline -0.003 -16"><span class='ocrx_word' id='word_1_29' title='bbox 398 920 643 981; x_wconf 87' lang='lat' dir='ltr'>mariam</span> <span class='ocrx_word' id='word_1_30' title='bbox 708 918 1049 996; x_wconf 91' lang='lat' dir='ltr'>concupivit</span> <span class='ocrx_word' id='word_1_31' title='bbox 1120 921 1199 980; x_wconf 95' lang='lat' dir='ltr'>de</span> <span class='ocrx_word' id='word_1_32' title='bbox 1258 928 1598 979; x_wconf 86' lang='lat' dir='ltr'>sanctorum</span> 
     </span>
     <span class='ocr_line' id='line_1_9' title="bbox 398 997 1593 1077; baseline -0.003 -17"><span class='ocrx_word' id='word_1_33' title='bbox 398 998 813 1077; x_wconf 89' lang='lat' dir='ltr'>splendoribus</span> <span class='ocrx_word' id='word_1_34' title='bbox 882 999 943 1058; x_wconf 90' lang='lat' dir='ltr'>in</span> <span class='ocrx_word' id='word_1_35' title='bbox 1011 1008 1259 1058; x_wconf 89' lang='lat' dir='ltr'>matrem</span> <span class='ocrx_word' id='word_1_36' title='bbox 1317 997 1593 1058; x_wconf 86' lang='lat' dir='ltr'>introivit.</span> 
     </span>
     <span class='ocr_line' id='line_1_10' title="bbox 397 1075 1597 1166; baseline -0.003 -29"><span class='ocrx_word' id='word_1_37' title='bbox 397 1081 479 1138; x_wconf 86' lang='lat' dir='ltr'>In</span> <span class='ocrx_word' id='word_1_38' title='bbox 518 1084 759 1166; x_wconf 87' lang='lat' dir='ltr'>tempore</span> <span class='ocrx_word' id='word_1_39' title='bbox 770 1076 1025 1154; x_wconf 70' lang='lat' dir='ltr'>pasche.²</span> <span class='ocrx_word' id='word_1_40' title='bbox 1105 1075 1423 1154; x_wconf 81' lang='lat' dir='ltr'>Alleluya⁸</span> <span class='ocrx_word' id='word_1_41' title='bbox 1500 1075 1597 1152; x_wconf 87' lang='lat' dir='ltr'>ps.</span> 
     </span>
     <span class='ocr_line' id='line_1_11' title="bbox 402 1155 1598 1218; baseline -0.003 -1"><span class='ocrx_word' id='word_1_42' title='bbox 402 1157 569 1218; x_wconf 87' lang='lat' dir='ltr'>Dixit</span> <span class='ocrx_word' id='word_1_43' title='bbox 596 1155 886 1216; x_wconf 78' lang='lat' dir='ltr'>dominus,</span> <span class='ocrx_word' id='word_1_44' title='bbox 928 1159 1025 1216; x_wconf 69' lang='grc' dir='ltr'><strong>αἶα.</strong></span> <span class='ocrx_word' id='word_1_45' title='bbox 1114 1155 1333 1216; x_wconf 91' lang='lat' dir='ltr'>Lilium</span> <span class='ocrx_word' id='word_1_46' title='bbox 1360 1155 1598 1216; x_wconf 89' lang='lat' dir='ltr'>conval-</span> 
     </span>
     <span class='ocr_line' id='line_1_12' title="bbox 398 1234 1601 1296; baseline -0.003 0"><span class='ocrx_word' id='word_1_47' title='bbox 398 1236 544 1296; x_wconf 89' lang='lat' dir='ltr'>lium</span> <span class='ocrx_word' id='word_1_48' title='bbox 587 1237 637 1294; x_wconf 82' lang='lat' dir='ltr'>fr</span> <span class='ocrx_word' id='word_1_49' title='bbox 816 1255 845 1295; x_wconf 92' lang='lat' dir='ltr'>s</span> <span class='ocrx_word' id='word_1_50' title='bbox 886 1234 950 1294; x_wconf 90' lang='lat' dir='ltr'>in</span> <span class='ocrx_word' id='word_1_51' title='bbox 993 1236 1241 1296; x_wconf 89' lang='lat' dir='ltr'>odorem</span> <span class='ocrx_word' id='word_1_52' title='bbox 1280 1235 1390 1294; x_wconf 91' lang='lat' dir='ltr'>iter</span> <span class='ocrx_word' id='word_1_53' title='bbox 1429 1244 1601 1294; x_wconf 88' lang='lat' dir='ltr'>ornat</span> 
     </span>
     <span class='ocr_line' id='line_1_13' title="bbox 400 1313 1600 1375; baseline -0.003 -1"><span class='ocrx_word' id='word_1_54' title='bbox 400 1314 695 1375; x_wconf 89' lang='lat' dir='ltr'>montium</span> <span class='ocrx_word' id='word_1_55' title='bbox 761 1316 953 1374; x_wconf 81' lang='lat' dir='ltr'>ferens</span> <span class='ocrx_word' id='word_1_56' title='bbox 1019 1313 1132 1374; x_wconf 89' lang='lat' dir='ltr'>celi</span> <span class='ocrx_word' id='word_1_57' title='bbox 1196 1314 1420 1374; x_wconf 88' lang='lat' dir='ltr'>florem</span> <span class='ocrx_word' id='word_1_58' title='bbox 1518 1314 1600 1371; x_wconf 78' lang='lat' dir='ltr'>In</span> 
     </span>
     <span class='ocr_line' id='line_1_14' title="bbox 400 1393 1600 1484; baseline 0 -32"><span class='ocrx_word' id='word_1_59' title='bbox 400 1401 642 1470; x_wconf 84' lang='lat' dir='ltr'>tempore</span> <span class='ocrx_word' id='word_1_60' title='bbox 674 1395 889 1483; x_wconf 82' lang='lat' dir='ltr'>pasche</span> <span class='ocrx_word' id='word_1_61' title='bbox 934 1394 1219 1484; x_wconf 81' lang='lat' dir='ltr'>Alleluya.</span> <span class='ocrx_word' id='word_1_62' title='bbox 1292 1395 1381 1468; x_wconf 90' lang='lat' dir='ltr'>ps.</span> <span class='ocrx_word' id='word_1_63' title='bbox 1442 1393 1600 1452; x_wconf 88' lang='lat' dir='ltr'>Lau·</span> 
     </span>
     <span class='ocr_line' id='line_1_15' title="bbox 398 1469 1600 1549; baseline -0.004 -15"><span class='ocrx_word' id='word_1_64' title='bbox 398 1473 539 1534; x_wconf 88' lang='lat' dir='ltr'>date</span> <span class='ocrx_word' id='word_1_65' title='bbox 578 1470 747 1549; x_wconf 90' lang='lat' dir='ltr'>pueri</span> <span class='ocrx_word' id='word_1_66' title='bbox 784 1470 1108 1532; x_wconf 87' lang='lat' dir='ltr'>dominum.</span> <span class='ocrx_word' id='word_1_67' title='bbox 1194 1472 1317 1530; x_wconf 84' lang='lat' dir='ltr'>An.</span> <span class='ocrx_word' id='word_1_68' title='bbox 1361 1469 1600 1530; x_wconf 87' lang='lat' dir='ltr'>Paradi-</span> 
     </span>
     <span class='ocr_line' id='line_1_16' title="bbox 400 1548 1600 1627; baseline -0.003 -15"><span class='ocrx_word' id='word_1_69' title='bbox 400 1571 501 1612; x_wconf 88' lang='lat' dir='ltr'>sus</span> <span class='ocrx_word' id='word_1_70' title='bbox 518 1551 767 1612; x_wconf 90' lang='lat' dir='ltr'>celicum</span> <span class='ocrx_word' id='word_1_71' title='bbox 788 1553 1041 1610; x_wconf 88' lang='lat' dir='ltr'>fructum</span> <span class='ocrx_word' id='word_1_72' title='bbox 1061 1551 1341 1610; x_wconf 88' lang='lat' dir='ltr'>afferebat</span> <span class='ocrx_word' id='word_1_73' title='bbox 1360 1548 1600 1627; x_wconf 80' lang='lat' dir='ltr'>gravide</span> 
     </span>
     <span class='ocr_line' id='line_1_17' title="bbox 402 1628 1600 1708; baseline -0.003 -18"><span class='ocrx_word' id='word_1_74' title='bbox 402 1629 503 1707; x_wconf 92' lang='lat' dir='ltr'>qui</span> <span class='ocrx_word' id='word_1_75' title='bbox 523 1649 778 1708; x_wconf 91' lang='lat' dir='ltr'>puerum</span> <span class='ocrx_word' id='word_1_76' title='bbox 792 1629 1011 1708; x_wconf 88' lang='lat' dir='ltr'>gaudio</span> <span class='ocrx_word' id='word_1_77' title='bbox 1032 1628 1323 1706; x_wconf 79' lang='lat' dir='ltr'>replevit⁴</span> <span class='ocrx_word' id='word_1_78' title='bbox 1366 1631 1445 1688; x_wconf 87' lang='lat' dir='ltr'>In</span> <span class='ocrx_word' id='word_1_79' title='bbox 1466 1635 1600 1687; x_wconf 84' lang='lat' dir='ltr'>tem-</span> 
     </span>
     <span class='ocr_line' id='line_1_18' title="bbox 387 1709 1599 1798; baseline -0.002 -29"><span class='ocrx_word' id='word_1_80' title='bbox 387 1719 534 1786; x_wconf 82' lang='lat' dir='ltr'>pore</span> <span class='ocrx_word' id='word_1_81' title='bbox 570 1711 789 1786; x_wconf 81' lang='lat' dir='ltr'><em>pasche</em></span> <span class='ocrx_word' id='word_1_82' title='bbox 830 1710 1117 1786; x_wconf 85' lang='lat' dir='ltr'>Alleluya.</span> <span class='ocrx_word' id='word_1_83' title='bbox 1213 1709 1307 1798; x_wconf 55' lang='lat' dir='ltr'>ps.</span> <span class='ocrx_word' id='word_1_84' title='bbox 1354 1709 1599 1768; x_wconf 88' lang='lat' dir='ltr'>Letatus</span> 
     </span>
     <span class='ocr_line' id='line_1_19' title="bbox 402 1785 1598 1848; baseline -0.003 0"><span class='ocrx_word' id='word_1_85' title='bbox 402 1807 549 1848; x_wconf 89' lang='lat' dir='ltr'>sum.</span> <span class='ocrx_word' id='word_1_86' title='bbox 620 1806 719 1848; x_wconf 85' lang='lat' dir='ltr'>an.</span> <span class='ocrx_word' id='word_1_87' title='bbox 795 1789 1129 1848; x_wconf 82' lang='lat' dir='ltr'>Lucernam</span> <span class='ocrx_word' id='word_1_88' title='bbox 1183 1786 1307 1848; x_wconf 91' lang='lat' dir='ltr'>veri</span> <span class='ocrx_word' id='word_1_89' title='bbox 1360 1785 1598 1846; x_wconf 88' lang='lat' dir='ltr'>luminis</span> 
     </span>
     <span class='ocr_line' id='line_1_20' title="bbox 401 1865 1600 1943; baseline -0.003 -15"><span class='ocrx_word' id='word_1_90' title='bbox 401 1866 681 1928; x_wconf 88' lang='lat' dir='ltr'>dominus</span> <span class='ocrx_word' id='word_1_91' title='bbox 697 1865 971 1929; x_wconf 80' lang='lat' dir='ltr'>accendit</span> <span class='ocrx_word' id='word_1_92' title='bbox 994 1885 1117 1943; x_wconf 91' lang='lat' dir='ltr'>quo</span> <span class='ocrx_word' id='word_1_93' title='bbox 1344 1885 1441 1926; x_wconf 91' lang='lat' dir='ltr'>am</span> <span class='ocrx_word' id='word_1_94' title='bbox 1460 1883 1600 1926; x_wconf 88' lang='lat' dir='ltr'>nos-</span> 
     </span>
     <span class='ocr_line' id='line_1_21' title="bbox 404 1944 1600 2023; baseline -0.001 -18"><span class='ocrx_word' id='word_1_95' title='bbox 404 1945 602 2006; x_wconf 80' lang='lat' dir='ltr'>trum¹¹</span> <span class='ocrx_word' id='word_1_96' title='bbox 630 1945 921 2022; x_wconf 80' lang='lat' dir='ltr'>perditam</span> <span class='ocrx_word' id='word_1_97' title='bbox 940 1945 1173 2006; x_wconf 85' lang='lat' dir='ltr'>salvans</span> <span class='ocrx_word' id='word_1_98' title='bbox 1190 1944 1600 2023; x_wconf 87' lang='lat' dir='ltr'>apprehendit.</span> 
     </span>
     <span class='ocr_line' id='line_1_22' title="bbox 402 2025 1599 2102; baseline 0 -18"><span class='ocrx_word' id='word_1_99' title='bbox 402 2027 484 2084; x_wconf 78' lang='lat' dir='ltr'>In</span> <span class='ocrx_word' id='word_1_100' title='bbox 551 2032 792 2100; x_wconf 86' lang='lat' dir='ltr'>tempore</span> <span class='ocrx_word' id='word_1_101' title='bbox 840 2025 1055 2101; x_wconf 78' lang='lat' dir='ltr'>pasche</span> <span class='ocrx_word' id='word_1_102' title='bbox 1116 2026 1405 2102; x_wconf 90' lang='lat' dir='ltr'>Alleluya.</span> <span class='ocrx_word' id='word_1_103' title='bbox 1500 2027 1599 2100; x_wconf 66' lang='lat' dir='ltr'>pi.</span> 
     </span>
     <span class='ocr_line' id='line_1_23' title="bbox 404 2102 1604 2164; baseline -0.002 0"><span class='ocrx_word' id='word_1_104' title='bbox 404 2102 539 2164; x_wconf 90' lang='lat' dir='ltr'>Nisi</span> <span class='ocrx_word' id='word_1_105' title='bbox 567 2103 863 2164; x_wconf 73' lang='lat' dir='ltr'>dominus</span> <span class='ocrx_word' id='word_1_106' title='bbox 933 2104 994 2161; x_wconf 88' lang='lat' dir='ltr'><em>A</em></span> <span class='ocrx_word' id='word_1_107' title='bbox 1000 2106 1054 2164; x_wconf 72' lang='grc' dir='ltr'><strong>ἦ.</strong></span> <span class='ocrx_word' id='word_1_108' title='bbox 1101 2104 1389 2164; x_wconf 80' lang='lat' dir='ltr'>Consorta</span> <span class='ocrx_word' id='word_1_109' title='bbox 1414 2114 1604 2164; x_wconf 89' lang='lat' dir='ltr'>mater</span> 
     </span>
     <span class='ocr_line' id='line_1_24' title="bbox 402 2181 1604 2244; baseline 0 -2"><span class='ocrx_word' id='word_1_110' title='bbox 402 2181 555 2242; x_wconf 86' lang='lat' dir='ltr'>filios</span> <span class='ocrx_word' id='word_1_111' title='bbox 596 2181 770 2241; x_wconf 90' lang='lat' dir='ltr'>simul</span> <span class='ocrx_word' id='word_1_112' title='bbox 810 2193 871 2244; x_wconf 92' lang='lat' dir='ltr'>et</span> <span class='ocrx_word' id='word_1_113' title='bbox 910 2199 1177 2243; x_wconf 84' lang='lat' dir='ltr'>veracem</span> <span class='ocrx_word' id='word_1_114' title='bbox 1206 2181 1387 2242; x_wconf 89' lang='lat' dir='ltr'>totius</span> <span class='ocrx_word' id='word_1_115' title='bbox 1414 2181 1604 2242; x_wconf 91' lang='lat' dir='ltr'>hieru·</span> 
     </span>
     <span class='ocr_line' id='line_1_25' title="bbox 404 2261 1604 2337; baseline -0.001 -17"><span class='ocrx_word' id='word_1_116' title='bbox 404 2261 589 2320; x_wconf 88' lang='lat' dir='ltr'>salem</span> <span class='ocrx_word' id='word_1_117' title='bbox 615 2278 848 2337; x_wconf 87' lang='lat' dir='ltr'>ponens</span> <span class='ocrx_word' id='word_1_118' title='bbox 875 2262 1023 2322; x_wconf 88' lang='lat' dir='ltr'>fines</span> <span class='ocrx_word' id='word_1_119' title='bbox 1050 2279 1275 2336; x_wconf 86' lang='lat' dir='ltr'>pacem.</span> <span class='ocrx_word' id='word_1_120' title='bbox 1358 2263 1439 2320; x_wconf 80' lang='lat' dir='ltr'>In</span> <span class='ocrx_word' id='word_1_121' title='bbox 1467 2267 1604 2320; x_wconf 81' lang='lat' dir='ltr'>tem-</span> 
     </span>
     <span class='ocr_line' id='line_1_26' title="bbox 390 2338 1606 2418; baseline 0.002 -21"><span class='ocrx_word' id='word_1_122' title='bbox 390 2348 538 2416; x_wconf 90' lang='lat' dir='ltr'>pore</span> <span class='ocrx_word' id='word_1_123' title='bbox 586 2341 799 2413; x_wconf 79' lang='lat' dir='ltr'>pasche</span> <span class='ocrx_word' id='word_1_124' title='bbox 860 2340 1151 2418; x_wconf 73' lang='lat' dir='ltr'>Alleluya„</span> <span class='ocrx_word' id='word_1_125' title='bbox 1246 2338 1341 2415; x_wconf 60' lang='lat' dir='ltr'>pi.</span> <span class='ocrx_word' id='word_1_126' title='bbox 1394 2341 1606 2400; x_wconf 89' lang='lat' dir='ltr'>Lauda</span> 
     </span>
     <span class='ocr_line' id='line_1_27' title="bbox 404 2417 1602 2493; baseline 0 -15"><span class='ocrx_word' id='word_1_127' title='bbox 404 2417 774 2478; x_wconf 88' lang='lat' dir='ltr'>hierusalem.</span> <span class='ocrx_word' id='word_1_128' title='bbox 1251 2419 1602 2493; x_wconf 82' lang='lat' dir='ltr'>Capitulum.</span> 
     </span>
     <span class='ocr_line' id='line_1_28' title="bbox 405 2495 1607 2604; baseline 0.004 -49"><span class='ocrx_word' id='word_1_129' title='bbox 405 2497 599 2604; x_wconf 84' lang='lat' dir='ltr'>Ego</span> <span class='ocrx_word' id='word_1_130' title='bbox 646 2506 833 2556; x_wconf 89' lang='lat' dir='ltr'>mater</span> <span class='ocrx_word' id='word_1_131' title='bbox 878 2497 1123 2586; x_wconf 88' lang='lat' dir='ltr'>pulchre</span> <span class='ocrx_word' id='word_1_132' title='bbox 1170 2495 1505 2558; x_wconf 89' lang='lat' dir='ltr'>dilectionis</span> <span class='ocrx_word' id='word_1_133' title='bbox 1545 2509 1607 2560; x_wconf 91' lang='lat' dir='ltr'>et</span> 
     </span>
     <span class='ocr_line' id='line_1_29' title="bbox 522 2573 1607 2667; baseline 0.003 -33"><span class='ocrx_word' id='word_1_134' title='bbox 522 2573 746 2635; x_wconf 83' lang='lat' dir='ltr'>timoris</span> <span class='ocrx_word' id='word_1_135' title='bbox 799 2585 860 2636; x_wconf 90' lang='lat' dir='ltr'>et</span> <span class='ocrx_word' id='word_1_136' title='bbox 912 2575 1228 2667; x_wconf 74' lang='lat' dir='ltr'>agnitionis</span> <span class='ocrx_word' id='word_1_137' title='bbox 1282 2586 1343 2666; x_wconf 81' lang='lat' dir='ltr'>et</span> <span class='ocrx_word' id='word_1_138' title='bbox 1402 2589 1607 2638; x_wconf 86' lang='lat' dir='ltr'>sancte</span> 
     </span>
     <span class='ocr_line' id='line_1_30' title="bbox 407 2652 1606 2732; baseline 0.002 -18"><span class='ocrx_word' id='word_1_139' title='bbox 407 2652 575 2731; x_wconf 90' lang='lat' dir='ltr'>spei.</span> <span class='ocrx_word' id='word_1_140' title='bbox 607 2653 667 2713; x_wconf 89' lang='lat' dir='ltr'>in</span> <span class='ocrx_word' id='word_1_141' title='bbox 694 2673 791 2715; x_wconf 88' lang='lat' dir='ltr'>me</span> <span class='ocrx_word' id='word_1_142' title='bbox 818 2673 1012 2715; x_wconf 89' lang='lat' dir='ltr'>omnis</span> <span class='ocrx_word' id='word_1_143' title='bbox 1038 2653 1225 2732; x_wconf 87' lang='lat' dir='ltr'>gratia</span> <span class='ocrx_word' id='word_1_144' title='bbox 1248 2654 1343 2716; x_wconf 92' lang='lat' dir='ltr'>vie</span> <span class='ocrx_word' id='word_1_145' title='bbox 1370 2665 1432 2716; x_wconf 90' lang='lat' dir='ltr'>et</span> <span class='ocrx_word' id='word_1_146' title='bbox 1457 2655 1606 2716; x_wconf 89' lang='lat' dir='ltr'>veri-</span> 
     </span>
     <span class='ocr_line' id='line_1_31' title="bbox 411 2732 1608 2811; baseline 0 -17"><span class='ocrx_word' id='word_1_147' title='bbox 411 2733 563 2794; x_wconf 77' lang='lat' dir='ltr'>tatis,</span> <span class='ocrx_word' id='word_1_148' title='bbox 598 2732 659 2793; x_wconf 89' lang='lat' dir='ltr'>in</span> <span class='ocrx_word' id='word_1_149' title='bbox 696 2753 795 2794; x_wconf 88' lang='lat' dir='ltr'>me</span> <span class='ocrx_word' id='word_1_150' title='bbox 829 2733 1025 2796; x_wconf 88' lang='lat' dir='ltr'>omnis</span> <span class='ocrx_word' id='word_1_151' title='bbox 1068 2753 1205 2811; x_wconf 88' lang='lat' dir='ltr'>spes</span> <span class='ocrx_word' id='word_1_152' title='bbox 1240 2733 1359 2796; x_wconf 90' lang='lat' dir='ltr'>vite</span> <span class='ocrx_word' id='word_1_153' title='bbox 1394 2745 1455 2795; x_wconf 93' lang='lat' dir='ltr'>et</span> <span class='ocrx_word' id='word_1_154' title='bbox 1490 2734 1608 2794; x_wconf 91' lang='lat' dir='ltr'>vir-</span> 
     </span>
     <span class='ocr_line' id='line_1_32' title="bbox 407 2811 1606 2890; baseline 0 -17"><span class='ocrx_word' id='word_1_155' title='bbox 407 2811 566 2873; x_wconf 89' lang='lat' dir='ltr'>tutis.</span> <span class='ocrx_word' id='word_1_156' title='bbox 649 2813 789 2872; x_wconf 88' lang='lat' dir='ltr'>Rm.</span> <span class='ocrx_word' id='word_1_157' title='bbox 836 2815 1077 2872; x_wconf 86' lang='lat' dir='ltr'>Exultat</span> <span class='ocrx_word' id='word_1_158' title='bbox 1128 2812 1321 2875; x_wconf 89' lang='lat' dir='ltr'>infans</span> <span class='ocrx_word' id='word_1_159' title='bbox 1373 2812 1606 2890; x_wconf 89' lang='lat' dir='ltr'>gaudiis</span> 
     </span>
     <span class='ocr_line' id='line_1_33' title="bbox 408 2890 1608 2982; baseline 0 -30"><span class='ocrx_word' id='word_1_160' title='bbox 408 2890 471 2952; x_wconf 91' lang='lat' dir='ltr'>in</span> <span class='ocrx_word' id='word_1_161' title='bbox 500 2890 705 2968; x_wconf 88' lang='lat' dir='ltr'>spiritu</span> <span class='ocrx_word' id='word_1_162' title='bbox 726 2893 899 2969; x_wconf 89' lang='lat' dir='ltr'>helye</span> <span class='ocrx_word' id='word_1_163' title='bbox 926 2893 1095 2982; x_wconf 75' lang='lat' dir='ltr'>cnjus</span> <span class='ocrx_word' id='word_1_164' title='bbox 1123 2901 1311 2952; x_wconf 90' lang='lat' dir='ltr'>mater</span> <span class='ocrx_word' id='word_1_165' title='bbox 1327 2891 1608 2952; x_wconf 86' lang='lat' dir='ltr'>mirabilis</span> 
     </span>
     <span class='ocr_line' id='line_1_34' title="bbox 407 2969 1606 3060; baseline 0.003 -30"><span class='ocrx_word' id='word_1_166' title='bbox 407 2971 475 3030; x_wconf 86' lang='lat' dir='ltr'>fit</span> <span class='ocrx_word' id='word_1_167' title='bbox 515 2989 767 3060; x_wconf 83' lang='lat' dir='ltr'>compos</span> <span class='ocrx_word' id='word_1_168' title='bbox 810 2970 1133 3060; x_wconf 89' lang='lat' dir='ltr'>prophetie.</span> <span class='ocrx_word' id='word_1_169' title='bbox 1220 2969 1353 3032; x_wconf 88' lang='lat' dir='ltr'>Celi</span> <span class='ocrx_word' id='word_1_170' title='bbox 1402 2982 1606 3033; x_wconf 89' lang='lat' dir='ltr'>manat</span> 
     </span>
     <span class='ocr_line' id='line_1_35' title="bbox 408 3047 1608 3127; baseline -0.001 -18"><span class='ocrx_word' id='word_1_171' title='bbox 408 3048 639 3109; x_wconf 90' lang='lat' dir='ltr'>deliciis</span> <span class='ocrx_word' id='word_1_172' title='bbox 667 3049 943 3109; x_wconf 89' lang='lat' dir='ltr'>introitus</span> <span class='ocrx_word' id='word_1_173' title='bbox 984 3047 1183 3109; x_wconf 88' lang='lat' dir='ltr'>marie.</span> <span class='ocrx_word' id='word_1_174' title='bbox 1267 3051 1318 3126; x_wconf 70' lang='grc' dir='ltr'><em>Ῠ</em></span> <span class='ocrx_word' id='word_1_175' title='bbox 1360 3051 1608 3127; x_wconf 85' lang='lat' dir='ltr'>Propter</span> 
     </span>
     <span class='ocr_line' id='line_1_36' title="bbox 407 3126 1604 3189; baseline 0.001 -1"><span class='ocrx_word' id='word_1_176' title='bbox 407 3128 647 3188; x_wconf 85' lang='lat' dir='ltr'>archam</span> <span class='ocrx_word' id='word_1_177' title='bbox 676 3127 903 3189; x_wconf 89' lang='lat' dir='ltr'>domini</span> <span class='ocrx_word' id='word_1_178' title='bbox 931 3126 1235 3188; x_wconf 82' lang='lat' dir='ltr'>benedixit</span> <span class='ocrx_word' id='word_1_179' title='bbox 1261 3128 1471 3189; x_wconf 89' lang='lat' dir='ltr'>domui</span> <span class='ocrx_word' id='word_1_180' title='bbox 1499 3129 1604 3189; x_wconf 87' lang='lat' dir='ltr'>de-</span> 
     </span>
     <span class='ocr_line' id='line_1_37' title="bbox 410 3207 1608 3269; baseline 0 -1"><span class='ocrx_word' id='word_1_181' title='bbox 410 3225 481 3268; x_wconf 91' lang='lat' dir='ltr'>us</span> <span class='ocrx_word' id='word_1_182' title='bbox 534 3207 815 3268; x_wconf 81' lang='lat' dir='ltr'>zacharie.</span> <span class='ocrx_word' id='word_1_183' title='bbox 902 3207 1034 3269; x_wconf 92' lang='lat' dir='ltr'>Celi</span> <span class='ocrx_word' id='word_1_184' title='bbox 1087 3217 1306 3267; x_wconf 85' lang='lat' dir='ltr'>manat.</span> <span class='ocrx_word' id='word_1_185' title='bbox 1400 3207 1608 3269; x_wconf 88' lang='lat' dir='ltr'>Gloria</span> 
     </span>
     <span class='ocr_line' id='line_1_38' title="bbox 408 3284 1608 3363; baseline 0.002 -17"><span class='ocrx_word' id='word_1_186' title='bbox 408 3285 561 3362; x_wconf 85' lang='lat' dir='ltr'>patri</span> <span class='ocrx_word' id='word_1_187' title='bbox 588 3296 649 3347; x_wconf 92' lang='lat' dir='ltr'>et</span> <span class='ocrx_word' id='word_1_188' title='bbox 676 3285 799 3346; x_wconf 89' lang='lat' dir='ltr'>filio</span> <span class='ocrx_word' id='word_1_189' title='bbox 827 3296 889 3347; x_wconf 91' lang='lat' dir='ltr'>et</span> <span class='ocrx_word' id='word_1_190' title='bbox 913 3284 1142 3363; x_wconf 90' lang='lat' dir='ltr'>spiritui</span> <span class='ocrx_word' id='word_1_191' title='bbox 1164 3296 1387 3348; x_wconf 77' lang='lat' dir='ltr'>sancto·</span> <span class='ocrx_word' id='word_1_192' title='bbox 1473 3286 1608 3350; x_wconf 88' lang='lat' dir='ltr'>Celi</span> 
     </span>
     <span class='ocr_line' id='line_1_39' title="bbox 408 3367 1601 3443; baseline 0.003 -19"><span class='ocrx_word' id='word_1_193' title='bbox 408 3374 627 3424; x_wconf 86' lang='lat' dir='ltr'>manat.</span> <span class='ocrx_word' id='word_1_194' title='bbox 1307 3367 1393 3426; x_wconf 77' lang='lat' dir='ltr'><em>H</em></span> <span class='ocrx_word' id='word_1_195' title='bbox 1368 3387 1601 3443; x_wconf 80' lang='lat' dir='ltr'>ymnus</span> 
     </span>
     <span class='ocr_line' id='line_1_40' title="bbox 410 3387 1609 3550; baseline 0.003 -47"><span class='ocrx_word' id='word_1_196' title='bbox 410 3443 737 3550; x_wconf 79' lang='lat' dir='ltr'>Festum</span> <span class='ocrx_word' id='word_1_197' title='bbox 800 3441 1021 3503; x_wconf 84' lang='lat' dir='ltr'>matris</span> <span class='ocrx_word' id='word_1_198' title='bbox 1102 3387 1415 3535; x_wconf 73' lang='lat' dir='ltr'>gloriosey</span> <span class='ocrx_word' id='word_1_199' title='bbox 1436 3446 1609 3536; x_wconf 87' lang='lat' dir='ltr'>plebs</span> 
     </span>
     <span class='ocr_line' id='line_1_41' title="bbox 545 3521 1608 3600; baseline 0.005 -20"><span class='ocrx_word' id='word_1_200' title='bbox 545 3531 751 3580; x_wconf 88' lang='lat' dir='ltr'>sancta</span> <span class='ocrx_word' id='word_1_201' title='bbox 776 3523 1153 3583; x_wconf 90' lang='lat' dir='ltr'>concelebret</span> <span class='ocrx_word' id='word_1_202' title='bbox 1170 3521 1405 3600; x_wconf 88' lang='lat' dir='ltr'>pietatis</span> <span class='ocrx_word' id='word_1_203' title='bbox 1420 3523 1608 3586; x_wconf 88' lang='lat' dir='ltr'>visce-</span> 
     </span>
    </p>
   </div>
   <div class='ocr_carea' id='block_1_3' title="bbox 2195 340 2347 397">
    <p class='ocr_par' dir='ltr' id='par_1_3' title="bbox 2195 340 2347 397">
     <span class='ocr_line' id='line_1_42' title="bbox 2195 340 2347 397; baseline 0.02 -2"><span class='ocrx_word' id='word_1_204' title='bbox 2195 340 2347 397; x_wconf 79' lang='lat'>738</span> 
     </span>
    </p>
   </div>
   <div class='ocr_carea' id='block_1_4' title="bbox 1693 442 2926 3601">
    <p class='ocr_par' dir='ltr' id='par_1_4' title="bbox 1693 442 2926 3601">
     <span class='ocr_line' id='line_1_43' title="bbox 1696 442 2874 534; baseline -0.001 -29"><span class='ocrx_word' id='word_1_205' title='bbox 1696 445 2050 505; x_wconf 79' lang='lat' dir='ltr'>Fecundare</span> <span class='ocrx_word' id='word_1_206' title='bbox 2065 443 2092 483; x_wconf 84' lang='lat'>⁷</span> <span class='ocrx_word' id='word_1_207' title='bbox 2135 442 2462 506; x_wconf 88' lang='lat' dir='ltr'>senectutis</span> <span class='ocrx_word' id='word_1_208' title='bbox 2501 443 2756 505; x_wconf 88' lang='lat' dir='ltr'>sterilem</span> <span class='ocrx_word' id='word_1_209' title='bbox 2791 463 2874 534; x_wconf 82' lang='lat' dir='ltr'>ag·</span> 
     </span>
     <span class='ocr_line' id='line_1_44' title="bbox 1696 522 2877 602; baseline -0.001 -18"><span class='ocrx_word' id='word_1_210' title='bbox 1696 523 1972 602; x_wconf 88' lang='lat' dir='ltr'>greditur.</span> <span class='ocrx_word' id='word_1_211' title='bbox 2035 543 2150 601; x_wconf 89' lang='lat' dir='ltr'>que</span> <span class='ocrx_word' id='word_1_212' title='bbox 2215 523 2417 584; x_wconf 91' lang='lat' dir='ltr'>divine</span> <span class='ocrx_word' id='word_1_213' title='bbox 2482 525 2610 600; x_wconf 84' lang='lat' dir='ltr'>jam</span> <span class='ocrx_word' id='word_1_214' title='bbox 2667 522 2877 583; x_wconf 81' lang='lat' dir='ltr'>virtutis</span> 
     </span>
     <span class='ocr_line' id='line_1_45' title="bbox 1699 601 2886 680; baseline -0.001 -18"><span class='ocrx_word' id='word_1_215' title='bbox 1699 613 1890 663; x_wconf 89' lang='lat' dir='ltr'>mater</span> <span class='ocrx_word' id='word_1_216' title='bbox 1913 605 2068 662; x_wconf 90' lang='lat' dir='ltr'>clam</span> <span class='ocrx_word' id='word_1_217' title='bbox 2095 601 2358 663; x_wconf 88' lang='lat' dir='ltr'>efficitur.</span> <span class='ocrx_word' id='word_1_218' title='bbox 2399 605 2724 680; x_wconf 87' lang='lat' dir='ltr'>gratulatur</span> <span class='ocrx_word' id='word_1_219' title='bbox 2759 621 2886 661; x_wconf 87' lang='lat' dir='ltr'>cum</span> 
     </span>
     <span class='ocr_line' id='line_1_46' title="bbox 1697 681 2889 757; baseline -0.001 -15"><span class='ocrx_word' id='word_1_220' title='bbox 1697 681 1906 742; x_wconf 87' lang='lat' dir='ltr'>solutis</span> <span class='ocrx_word' id='word_1_221' title='bbox 1927 681 1952 718; x_wconf 85' lang='lat'><strong>⁸</strong></span> <span class='ocrx_word' id='word_1_222' title='bbox 1977 693 2317 742; x_wconf 87' lang='lat' dir='ltr'>consortem</span> <span class='ocrx_word' id='word_1_223' title='bbox 2343 681 2683 757; x_wconf 91' lang='lat' dir='ltr'>alloquitur.</span> <span class='ocrx_word' id='word_1_224' title='bbox 2773 683 2889 741; x_wconf 82' lang='lat' dir='ltr'>Vox</span> 
     </span>
     <span class='ocr_line' id='line_1_47' title="bbox 1698 759 2894 838; baseline -0.001 -17"><span class='ocrx_word' id='word_1_225' title='bbox 1698 780 1826 821; x_wconf 88' lang='lat' dir='ltr'>non</span> <span class='ocrx_word' id='word_1_226' title='bbox 1853 762 2104 838; x_wconf 89' lang='lat' dir='ltr'>loquens</span> <span class='ocrx_word' id='word_1_227' title='bbox 2131 760 2412 821; x_wconf 81' lang='lat' dir='ltr'>exultavit</span> <span class='ocrx_word' id='word_1_228' title='bbox 2437 763 2518 820; x_wconf 87' lang='lat' dir='ltr'>ad</span> <span class='ocrx_word' id='word_1_229' title='bbox 2559 759 2726 820; x_wconf 88' lang='lat' dir='ltr'>verbi</span> <span class='ocrx_word' id='word_1_230' title='bbox 2771 779 2894 837; x_wconf 88' lang='lat' dir='ltr'>pre-</span> 
     </span>
     <span class='ocr_line' id='line_1_48' title="bbox 1697 838 2899 916; baseline -0.002 -16"><span class='ocrx_word' id='word_1_231' title='bbox 1697 840 1948 900; x_wconf 87' lang='lat' dir='ltr'>sentiam</span> <span class='ocrx_word' id='word_1_232' title='bbox 1981 863 1996 900; x_wconf 91' lang='lat'><strong>:</strong></span> <span class='ocrx_word' id='word_1_233' title='bbox 2037 841 2146 900; x_wconf 89' lang='lat' dir='ltr'>sed</span> <span class='ocrx_word' id='word_1_234' title='bbox 2189 841 2496 900; x_wconf 84' lang='lat' dir='ltr'>elezabeth</span> <span class='ocrx_word' id='word_1_235' title='bbox 2521 840 2642 900; x_wconf 90' lang='lat' dir='ltr'>hoc</span> <span class='ocrx_word' id='word_1_236' title='bbox 2667 838 2899 916; x_wconf 87' lang='lat' dir='ltr'>expavit</span> 
     </span>
     <span class='ocr_line' id='line_1_49' title="bbox 1700 918 2898 994; baseline 0 -16"><span class='ocrx_word' id='word_1_237' title='bbox 1700 919 1902 978; x_wconf 86' lang='lat' dir='ltr'>matris</span> <span class='ocrx_word' id='word_1_238' title='bbox 1929 918 2356 980; x_wconf 86' lang='lat' dir='ltr'>excellentiam.</span> <span class='ocrx_word' id='word_1_239' title='bbox 2403 918 2898 994; x_wconf 81' lang='lat' dir='ltr'>benedictamque</span> 
     </span>
     <span class='ocr_line' id='line_1_50' title="bbox 1700 997 2902 1059; baseline 0 -3"><span class='ocrx_word' id='word_1_240' title='bbox 1700 997 1978 1059; x_wconf 89' lang='lat' dir='ltr'>clamavit</span> <span class='ocrx_word' id='word_1_241' title='bbox 2005 1000 2224 1058; x_wconf 78' lang='lat' dir='ltr'>fructus</span> <span class='ocrx_word' id='word_1_242' title='bbox 2247 997 2627 1058; x_wconf 87' lang='lat' dir='ltr'>affluentiam.</span> <span class='ocrx_word' id='word_1_243' title='bbox 2727 999 2902 1058; x_wconf 84' lang='lat' dir='ltr'>Unde</span> 
     </span>
     <span class='ocr_line' id='line_1_51' title="bbox 1700 1074 2904 1154; baseline 0 -18"><span class='ocrx_word' id='word_1_244' title='bbox 1700 1074 1882 1138; x_wconf 88' lang='lat' dir='ltr'>michi</span> <span class='ocrx_word' id='word_1_245' title='bbox 1908 1076 2222 1154; x_wconf 89' lang='lat' dir='ltr'>quisquam</span> <span class='ocrx_word' id='word_1_246' title='bbox 2266 1088 2436 1153; x_wconf 91' lang='lat' dir='ltr'>putet</span> <span class='ocrx_word' id='word_1_247' title='bbox 2477 1078 2600 1136; x_wconf 90' lang='lat' dir='ltr'>hoc</span> <span class='ocrx_word' id='word_1_248' title='bbox 2647 1076 2736 1136; x_wconf 88' lang='lat' dir='ltr'>ait</span> <span class='ocrx_word' id='word_1_249' title='bbox 2775 1095 2904 1153; x_wconf 88' lang='lat' dir='ltr'>pre-</span> 
     </span>
     <span class='ocr_line' id='line_1_52' title="bbox 1700 1155 2904 1233; baseline -0.001 -17"><span class='ocrx_word' id='word_1_250' title='bbox 1700 1155 1929 1233; x_wconf 86' lang='lat' dir='ltr'>sagium</span> <span class='ocrx_word' id='word_1_251' title='bbox 1955 1179 1970 1216; x_wconf 87' lang='lat'><strong>:</strong></span> <span class='ocrx_word' id='word_1_252' title='bbox 2011 1168 2077 1215; x_wconf 93' lang='lat' dir='ltr'>ut</span> <span class='ocrx_word' id='word_1_253' title='bbox 2103 1157 2319 1216; x_wconf 89' lang='lat' dir='ltr'>devote</span> <span class='ocrx_word' id='word_1_254' title='bbox 2347 1175 2444 1215; x_wconf 89' lang='lat' dir='ltr'>me</span> <span class='ocrx_word' id='word_1_255' title='bbox 2471 1157 2692 1215; x_wconf 90' lang='lat' dir='ltr'>salutet</span> <span class='ocrx_word' id='word_1_256' title='bbox 2719 1169 2904 1215; x_wconf 83' lang='lat' dir='ltr'>mater</span> 
     </span>
     <span class='ocr_line' id='line_1_53' title="bbox 1700 1234 2904 1312; baseline -0.001 -18"><span class='ocrx_word' id='word_1_257' title='bbox 1700 1235 1852 1312; x_wconf 86' lang='lat' dir='ltr'>regis</span> <span class='ocrx_word' id='word_1_258' title='bbox 1891 1234 2174 1308; x_wconf 88' lang='lat' dir='ltr'>omnium,</span> <span class='ocrx_word' id='word_1_259' title='bbox 2219 1235 2436 1295; x_wconf 89' lang='lat' dir='ltr'>ventris</span> <span class='ocrx_word' id='word_1_260' title='bbox 2483 1235 2605 1294; x_wconf 87' lang='lat' dir='ltr'>mei</span> <span class='ocrx_word' id='word_1_261' title='bbox 2647 1236 2904 1294; x_wconf 80' lang='lat' dir='ltr'>fructum</span> 
     </span>
     <span class='ocr_line' id='line_1_54' title="bbox 1700 1313 2904 1390; baseline -0.002 -16"><span class='ocrx_word' id='word_1_262' title='bbox 1700 1324 1894 1374; x_wconf 89' lang='lat' dir='ltr'>mutet</span> <span class='ocrx_word' id='word_1_263' title='bbox 1935 1313 1998 1373; x_wconf 88' lang='lat' dir='ltr'>in</span> <span class='ocrx_word' id='word_1_264' title='bbox 2034 1333 2260 1373; x_wconf 90' lang='lat' dir='ltr'>novum</span> <span class='ocrx_word' id='word_1_265' title='bbox 2287 1313 2630 1390; x_wconf 87' lang='lat' dir='ltr'>tripudium.</span> <span class='ocrx_word' id='word_1_266' title='bbox 2723 1313 2904 1389; x_wconf 84' lang='lat' dir='ltr'>Virgo</span> 
     </span>
     <span class='ocr_line' id='line_1_55' title="bbox 1700 1391 2900 1454; baseline -0.001 -1"><span class='ocrx_word' id='word_1_267' title='bbox 1700 1394 1850 1454; x_wconf 91' lang='lat' dir='ltr'>dum</span> <span class='ocrx_word' id='word_1_268' title='bbox 1877 1392 1961 1452; x_wconf 92' lang='lat' dir='ltr'>sic</span> <span class='ocrx_word' id='word_1_269' title='bbox 1989 1394 2444 1452; x_wconf 87' lang='lat' dir='ltr'>commendatur</span> <span class='ocrx_word' id='word_1_270' title='bbox 2485 1391 2796 1452; x_wconf 79' lang='lat' dir='ltr'>canticum</span> <span class='ocrx_word' id='word_1_271' title='bbox 2825 1393 2900 1452; x_wconf 91' lang='lat' dir='ltr'>le-</span> 
     </span>
     <span class='ocr_line' id='line_1_56' title="bbox 1701 1470 2900 1548; baseline -0.003 -16"><span class='ocrx_word' id='word_1_272' title='bbox 1701 1471 1852 1532; x_wconf 88' lang='lat' dir='ltr'>ticie.</span> <span class='ocrx_word' id='word_1_273' title='bbox 1937 1473 2196 1548; x_wconf 88' lang='lat' dir='ltr'>psallens</span> <span class='ocrx_word' id='word_1_274' title='bbox 2261 1490 2410 1547; x_wconf 89' lang='lat' dir='ltr'>pure</span> <span class='ocrx_word' id='word_1_275' title='bbox 2495 1470 2782 1548; x_wconf 86' lang='lat' dir='ltr'>gloriatur</span> <span class='ocrx_word' id='word_1_276' title='bbox 2845 1471 2900 1529; x_wconf 86' lang='lat' dir='ltr'>in</span> 
     </span>
     <span class='ocr_line' id='line_1_57' title="bbox 1701 1550 2900 1628; baseline -0.002 -18"><span class='ocrx_word' id='word_1_277' title='bbox 1701 1569 1903 1612; x_wconf 87' lang='lat' dir='ltr'>amore</span> <span class='ocrx_word' id='word_1_278' title='bbox 1943 1551 2130 1628; x_wconf 79' lang='lat' dir='ltr'>gratie</span> <span class='ocrx_word' id='word_1_279' title='bbox 2172 1569 2296 1626; x_wconf 90' lang='lat' dir='ltr'>quo</span> <span class='ocrx_word' id='word_1_280' title='bbox 2341 1552 2522 1610; x_wconf 76' lang='lat' dir='ltr'>beata</span> <span class='ocrx_word' id='word_1_281' title='bbox 2563 1550 2900 1626; x_wconf 85' lang='lat' dir='ltr'>predicatur</span> 
     </span>
     <span class='ocr_line' id='line_1_58' title="bbox 1699 1628 2900 1707; baseline 0 -19"><span class='ocrx_word' id='word_1_282' title='bbox 1699 1628 1762 1688; x_wconf 91' lang='lat' dir='ltr'>in</span> <span class='ocrx_word' id='word_1_283' title='bbox 1831 1629 1997 1690; x_wconf 89' lang='lat' dir='ltr'>omni</span> <span class='ocrx_word' id='word_1_284' title='bbox 2065 1629 2359 1707; x_wconf 87' lang='lat' dir='ltr'>progenie.</span> <span class='ocrx_word' id='word_1_285' title='bbox 2463 1628 2693 1688; x_wconf 68' lang='grc' dir='ltr'>Τι-ιιιεε9</span> <span class='ocrx_word' id='word_1_286' title='bbox 2757 1630 2900 1690; x_wconf 85' lang='lat' dir='ltr'>deus</span> 
     </span>
     <span class='ocr_line' id='line_1_59' title="bbox 1701 1707 2904 1798; baseline 0 -30"><span class='ocrx_word' id='word_1_287' title='bbox 1701 1727 1931 1769; x_wconf 88' lang='lat' dir='ltr'>summe</span> <span class='ocrx_word' id='word_1_288' title='bbox 1957 1707 2055 1785; x_wconf 88' lang='lat' dir='ltr'>pie</span> <span class='ocrx_word' id='word_1_289' title='bbox 2082 1728 2334 1785; x_wconf 87' lang='lat' dir='ltr'>regnans</span> <span class='ocrx_word' id='word_1_290' title='bbox 2357 1707 2702 1768; x_wconf 86' lang='lat' dir='ltr'>eternaliter</span> <span class='ocrx_word' id='word_1_291' title='bbox 2733 1727 2904 1798; x_wconf 74' lang='lat' dir='ltr'>prece</span> 
     </span>
     <span class='ocr_line' id='line_1_60' title="bbox 1700 1786 2902 1866; baseline -0.002 -17"><span class='ocrx_word' id='word_1_292' title='bbox 1700 1786 1938 1866; x_wconf 86' lang='lat' dir='ltr'>virginis</span> <span class='ocrx_word' id='word_1_293' title='bbox 1965 1786 2150 1848; x_wconf 88' lang='lat' dir='ltr'>marie</span> <span class='ocrx_word' id='word_1_294' title='bbox 2179 1806 2300 1847; x_wconf 81' lang='lat' dir='ltr'>nos</span> <span class='ocrx_word' id='word_1_295' title='bbox 2337 1806 2632 1847; x_wconf 88' lang='lat' dir='ltr'>conserva</span> <span class='ocrx_word' id='word_1_296' title='bbox 2673 1787 2902 1864; x_wconf 86' lang='lat' dir='ltr'>jugiter.</span> 
     </span>
     <span class='ocr_line' id='line_1_61' title="bbox 1701 1864 2904 1956; baseline 0 -30"><span class='ocrx_word' id='word_1_297' title='bbox 1701 1879 1767 1926; x_wconf 88' lang='lat' dir='ltr'>ut</span> <span class='ocrx_word' id='word_1_298' title='bbox 1831 1878 1971 1944; x_wconf 91' lang='lat' dir='ltr'>post</span> <span class='ocrx_word' id='word_1_299' title='bbox 2022 1868 2206 1928; x_wconf 88' lang='lat' dir='ltr'>finem</span> <span class='ocrx_word' id='word_1_300' title='bbox 2258 1867 2435 1956; x_wconf 84' lang='lat' dir='ltr'>hujus</span> <span class='ocrx_word' id='word_1_301' title='bbox 2489 1864 2585 1927; x_wconf 88' lang='lat' dir='ltr'>vie</span> <span class='ocrx_word' id='word_1_302' title='bbox 2641 1866 2904 1926; x_wconf 85' lang='lat' dir='ltr'>vivamus</span> 
     </span>
     <span class='ocr_line' id='line_1_62' title="bbox 1701 1943 2900 2024; baseline 0 -20"><span class='ocrx_word' id='word_1_303' title='bbox 1701 1945 2052 2024; x_wconf 88' lang='lat' dir='ltr'>perenniter.</span> <span class='ocrx_word' id='word_1_304' title='bbox 2153 1947 2204 2022; x_wconf 69' lang='grc' dir='ltr'><em>Ῠ</em></span> <span class='ocrx_word' id='word_1_305' title='bbox 2266 1943 2502 2004; x_wconf 86' lang='lat' dir='ltr'>Diffusa</span> <span class='ocrx_word' id='word_1_306' title='bbox 2553 1954 2648 2004; x_wconf 90' lang='lat' dir='ltr'>est</span> <span class='ocrx_word' id='word_1_307' title='bbox 2702 1945 2900 2023; x_wconf 85' lang='lat' dir='ltr'>gratia</span> 
     </span>
     <span class='ocr_line' id='line_1_63' title="bbox 1701 2025 2906 2114; baseline -0.001 -30"><span class='ocrx_word' id='word_1_308' title='bbox 1701 2026 1780 2084; x_wconf 84' lang='lat' dir='ltr'>In</span> <span class='ocrx_word' id='word_1_309' title='bbox 1819 2031 2061 2114; x_wconf 83' lang='lat' dir='ltr'>tempore</span> <span class='ocrx_word' id='word_1_310' title='bbox 2081 2025 2304 2102; x_wconf 74' lang='lat' dir='ltr'>pasche.</span> <span class='ocrx_word' id='word_1_311' title='bbox 2390 2025 2686 2100; x_wconf 82' lang='lat' dir='ltr'>Alleluya.</span> <span class='ocrx_word' id='word_1_312' title='bbox 2769 2031 2906 2084; x_wconf 65' lang='lat' dir='ltr'>aaa.</span> 
     </span>
     <span class='ocr_line' id='line_1_64' title="bbox 1704 2101 2908 2193; baseline -0.001 -30"><span class='ocrx_word' id='word_1_313' title='bbox 1704 2106 1777 2163; x_wconf 88' lang='lat' dir='ltr'>In</span> <span class='ocrx_word' id='word_1_314' title='bbox 1805 2101 2080 2193; x_wconf 82' lang='lat' dir='ltr'>psalterio</span> <span class='ocrx_word' id='word_1_315' title='bbox 2108 2103 2490 2164; x_wconf 86' lang='lat' dir='ltr'>decachordo</span> <span class='ocrx_word' id='word_1_316' title='bbox 2509 2104 2728 2179; x_wconf 86' lang='lat' dir='ltr'>psallat</span> <span class='ocrx_word' id='word_1_317' title='bbox 2749 2103 2908 2193; x_wconf 88' lang='lat' dir='ltr'>virgo</span> 
     </span>
     <span class='ocr_line' id='line_1_65' title="bbox 1701 2180 2910 2260; baseline -0.001 -19"><span class='ocrx_word' id='word_1_318' title='bbox 1701 2183 1862 2260; x_wconf 87' lang='lat' dir='ltr'>regia</span> <span class='ocrx_word' id='word_1_319' title='bbox 1914 2181 2226 2243; x_wconf 89' lang='lat' dir='ltr'>dominum</span> <span class='ocrx_word' id='word_1_320' title='bbox 2295 2181 2743 2258; x_wconf 80' lang='lat' dir='ltr'>magnificando</span> <span class='ocrx_word' id='word_1_321' title='bbox 2811 2180 2910 2258; x_wconf 88' lang='lat' dir='ltr'>qui</span> 
     </span>
     <span class='ocr_line' id='line_1_66' title="bbox 1703 2261 2910 2355; baseline 0 -35"><span class='ocrx_word' id='word_1_322' title='bbox 1703 2261 1842 2322; x_wconf 81' lang='lat' dir='ltr'>fecit</span> <span class='ocrx_word' id='word_1_323' title='bbox 1889 2261 2186 2355; x_wconf 83' lang='lat' dir='ltr'>magnalia</span> <span class='ocrx_word' id='word_1_324' title='bbox 2227 2262 2460 2338; x_wconf 91' lang='lat' dir='ltr'>pellens</span> <span class='ocrx_word' id='word_1_325' title='bbox 2505 2271 2794 2336; x_wconf 63' lang='lat' dir='ltr'>potentes</span> <span class='ocrx_word' id='word_1_326' title='bbox 2833 2263 2910 2321; x_wconf 89' lang='lat' dir='ltr'>de</span> 
     </span>
     <span class='ocr_line' id='line_1_67' title="bbox 1707 2339 2912 2417; baseline -0.002 -15"><span class='ocrx_word' id='word_1_327' title='bbox 1707 2341 1850 2402; x_wconf 83' lang='lat' dir='ltr'>sede</span> <span class='ocrx_word' id='word_1_328' title='bbox 1893 2339 2099 2401; x_wconf 87' lang='lat' dir='ltr'>divina</span> <span class='ocrx_word' id='word_1_329' title='bbox 2135 2339 2375 2417; x_wconf 87' lang='lat' dir='ltr'>justicia</span> <span class='ocrx_word' id='word_1_330' title='bbox 2421 2359 2628 2400; x_wconf 89' lang='lat' dir='ltr'>servos</span> <span class='ocrx_word' id='word_1_331' title='bbox 2655 2339 2912 2400; x_wconf 84' lang='lat' dir='ltr'>humiles</span> 
     </span>
     <span class='ocr_line' id='line_1_68' title="bbox 1707 2417 2912 2481; baseline -0.003 -1"><span class='ocrx_word' id='word_1_332' title='bbox 1707 2421 1971 2480; x_wconf 87' lang='lat' dir='ltr'>exaltans</span> <span class='ocrx_word' id='word_1_333' title='bbox 2019 2439 2094 2481; x_wconf 87' lang='lat' dir='ltr'>ex</span> <span class='ocrx_word' id='word_1_334' title='bbox 2139 2417 2558 2479; x_wconf 87' lang='lat' dir='ltr'>misericordia.</span> <span class='ocrx_word' id='word_1_335' title='bbox 2651 2420 2734 2478; x_wconf 84' lang='lat' dir='ltr'>In</span> <span class='ocrx_word' id='word_1_336' title='bbox 2779 2429 2912 2478; x_wconf 68' lang='lat' dir='ltr'>tern-</span> 
     </span>
     <span class='ocr_line' id='line_1_69' title="bbox 1693 2497 2914 2578; baseline 0 -20"><span class='ocrx_word' id='word_1_337' title='bbox 1693 2507 1840 2574; x_wconf 87' lang='lat' dir='ltr'>pore</span> <span class='ocrx_word' id='word_1_338' title='bbox 1865 2501 2088 2578; x_wconf 77' lang='lat' dir='ltr'>pasche.</span> <span class='ocrx_word' id='word_1_339' title='bbox 2171 2500 2461 2576; x_wconf 86' lang='lat' dir='ltr'>Alleluya.</span> <span class='ocrx_word' id='word_1_340' title='bbox 2533 2500 2632 2574; x_wconf 88' lang='lat' dir='ltr'>ps.</span> <span class='ocrx_word' id='word_1_341' title='bbox 2679 2497 2914 2572; x_wconf 93' lang='lat' dir='ltr'>Magni-</span> 
     </span>
     <span class='ocr_line' id='line_1_70' title="bbox 1705 2578 2912 2637; baseline 0.001 -1"><span class='ocrx_word' id='word_1_342' title='bbox 1705 2579 1858 2637; x_wconf 87' lang='lat' dir='ltr'>ficat.</span> <span class='ocrx_word' id='word_1_343' title='bbox 2689 2578 2912 2637; x_wconf 80' lang='lat' dir='ltr'>Oratio.</span> 
     </span>
     <span class='ocr_line' id='line_1_71' title="bbox 1707 2653 2918 2762; baseline -0.001 -46"><span class='ocrx_word' id='word_1_344' title='bbox 1707 2659 1970 2762; x_wconf 44' lang='lat' dir='ltr'>Deus·</span> <span class='ocrx_word' id='word_1_345' title='bbox 1978 2655 2082 2732; x_wconf 91' lang='lat' dir='ltr'>qui</span> <span class='ocrx_word' id='word_1_346' title='bbox 2127 2653 2580 2716; x_wconf 86' lang='lat' dir='ltr'>sacratissimam</span> <span class='ocrx_word' id='word_1_347' title='bbox 2625 2654 2918 2732; x_wconf 87' lang='lat' dir='ltr'>virginem</span> 
     </span>
     <span class='ocr_line' id='line_1_72' title="bbox 1829 2733 2920 2812; baseline 0.001 -18"><span class='ocrx_word' id='word_1_348' title='bbox 1829 2734 2073 2794; x_wconf 88' lang='lat' dir='ltr'>mariam</span> <span class='ocrx_word' id='word_1_349' title='bbox 2141 2733 2429 2812; x_wconf 88' lang='lat' dir='ltr'>unigeniti</span> <span class='ocrx_word' id='word_1_350' title='bbox 2511 2735 2598 2794; x_wconf 93' lang='lat' dir='ltr'>tui</span> <span class='ocrx_word' id='word_1_351' title='bbox 2667 2745 2920 2795; x_wconf 84' lang='lat' dir='ltr'>matrem</span> 
     </span>
     <span class='ocr_line' id='line_1_73' title="bbox 1707 2813 2918 2889; baseline -0.002 -15"><span class='ocrx_word' id='word_1_352' title='bbox 1707 2825 1914 2874; x_wconf 87' lang='lat' dir='ltr'>mutue</span> <span class='ocrx_word' id='word_1_353' title='bbox 1967 2813 2394 2874; x_wconf 87' lang='lat' dir='ltr'>consolationis</span> <span class='ocrx_word' id='word_1_354' title='bbox 2437 2813 2624 2889; x_wconf 90' lang='lat' dir='ltr'>gratia</span> <span class='ocrx_word' id='word_1_355' title='bbox 2673 2815 2918 2874; x_wconf 85' lang='lat' dir='ltr'>beatam</span> 
     </span>
     <span class='ocr_line' id='line_1_74' title="bbox 1706 2891 2922 2954; baseline -0.001 0"><span class='ocrx_word' id='word_1_356' title='bbox 1706 2893 2014 2954; x_wconf 86' lang='lat' dir='ltr'>elezabeth</span> <span class='ocrx_word' id='word_1_357' title='bbox 2067 2893 2300 2954; x_wconf 87' lang='lat' dir='ltr'>visitare</span> <span class='ocrx_word' id='word_1_358' title='bbox 2367 2891 2560 2952; x_wconf 87' lang='lat' dir='ltr'>fecisti</span> <span class='ocrx_word' id='word_1_359' title='bbox 2643 2894 2922 2953; x_wconf 84' lang='lat' dir='ltr'>concede</span> 
     </span>
     <span class='ocr_line' id='line_1_75' title="bbox 1704 2970 2920 3049; baseline -0.001 -18"><span class='ocrx_word' id='word_1_360' title='bbox 1704 2971 2007 3049; x_wconf 85' lang='lat' dir='ltr'>propicius</span> <span class='ocrx_word' id='word_1_361' title='bbox 2051 2971 2228 3032; x_wconf 86' lang='lat' dir='ltr'>nobis</span> <span class='ocrx_word' id='word_1_362' title='bbox 2273 2970 2512 3031; x_wconf 79' lang='lat' dir='ltr'>famulis</span> <span class='ocrx_word' id='word_1_363' title='bbox 2554 2971 2675 3032; x_wconf 87' lang='lat' dir='ltr'>tuis</span> <span class='ocrx_word' id='word_1_364' title='bbox 2721 2983 2792 3031; x_wconf 91' lang='lat' dir='ltr'>ut</span> <span class='ocrx_word' id='word_1_365' title='bbox 2847 2991 2920 3032; x_wconf 82' lang='lat' dir='ltr'>ex</span> 
     </span>
     <span class='ocr_line' id='line_1_76' title="bbox 1706 3049 2920 3127; baseline -0.002 -15"><span class='ocrx_word' id='word_1_366' title='bbox 1706 3053 1834 3127; x_wconf 90' lang='lat' dir='ltr'>ejus</span> <span class='ocrx_word' id='word_1_367' title='bbox 1876 3050 2312 3111; x_wconf 89' lang='lat' dir='ltr'>visitationibus</span> <span class='ocrx_word' id='word_1_368' title='bbox 2357 3049 2596 3111; x_wconf 85' lang='lat' dir='ltr'>assidue</span> <span class='ocrx_word' id='word_1_369' title='bbox 2643 3052 2920 3111; x_wconf 87' lang='lat' dir='ltr'>console-</span> 
     </span>
     <span class='ocr_line' id='line_1_77' title="bbox 1709 3129 2922 3190; baseline 0 0"><span class='ocrx_word' id='word_1_370' title='bbox 1709 3149 1843 3190; x_wconf 88' lang='lat' dir='ltr'>mur</span> <span class='ocrx_word' id='word_1_371' title='bbox 1881 3141 1942 3190; x_wconf 90' lang='lat' dir='ltr'>et</span> <span class='ocrx_word' id='word_1_372' title='bbox 1981 3149 2020 3190; x_wconf 97' lang='lat' dir='ltr'>a</span> <span class='ocrx_word' id='word_1_373' title='bbox 2054 3129 2284 3190; x_wconf 90' lang='lat' dir='ltr'>cunctis</span> <span class='ocrx_word' id='word_1_374' title='bbox 2323 3129 2792 3190; x_wconf 86' lang='lat' dir='ltr'>adversitatibus</span> <span class='ocrx_word' id='word_1_375' title='bbox 2819 3141 2922 3190; x_wconf 90' lang='lat' dir='ltr'>tuo</span> 
     </span>
     <span class='ocr_line' id='line_1_78' title="bbox 1709 3207 2922 3286; baseline -0.001 -17"><span class='ocrx_word' id='word_1_376' title='bbox 1709 3207 2038 3270; x_wconf 89' lang='lat' dir='ltr'>munimine</span> <span class='ocrx_word' id='word_1_377' title='bbox 2065 3218 2455 3286; x_wconf 90' lang='lat' dir='ltr'>protegamur.</span> <span class='ocrx_word' id='word_1_378' title='bbox 2513 3211 2631 3270; x_wconf 91' lang='lat' dir='ltr'>Per</span> <span class='ocrx_word' id='word_1_379' title='bbox 2657 3210 2922 3270; x_wconf 81' lang='lat' dir='ltr'>eundem</span> 
     </span>
     <span class='ocr_line' id='line_1_79' title="bbox 1711 3287 2918 3363; baseline -0.002 -14"><span class='ocrx_word' id='word_1_380' title='bbox 1711 3287 2025 3349; x_wconf 84' lang='lat' dir='ltr'>dominum</span> <span class='ocrx_word' id='word_1_381' title='bbox 2057 3299 2328 3348; x_wconf 89' lang='lat' dir='ltr'>nostrum</span> <span class='ocrx_word' id='word_1_382' title='bbox 2355 3289 2564 3363; x_wconf 90' lang='lat' dir='ltr'>Jesum</span> <span class='ocrx_word' id='word_1_383' title='bbox 2591 3288 2918 3350; x_wconf 87' lang='lat' dir='ltr'>Christum.</span> 
     </span>
     <span class='ocr_line' id='line_1_80' title="bbox 1708 3367 2926 3444; baseline -0.002 -16"><span class='ocrx_word' id='word_1_384' title='bbox 1708 3375 1800 3428; x_wconf 88' lang='lat' dir='ltr'>etc.</span> <span class='ocrx_word' id='word_1_385' title='bbox 1846 3367 2138 3427; x_wconf 78' lang='lat' dir='ltr'>Memoria</span> <span class='ocrx_word' id='word_1_386' title='bbox 2149 3376 2268 3443; x_wconf 90' lang='lat' dir='ltr'>pro</span> <span class='ocrx_word' id='word_1_387' title='bbox 2281 3373 2524 3442; x_wconf 87' lang='lat' dir='ltr'>tempore</span> <span class='ocrx_word' id='word_1_388' title='bbox 2543 3375 2612 3426; x_wconf 83' lang='lat' dir='ltr'>ut</span> <span class='ocrx_word' id='word_1_389' title='bbox 2633 3369 2926 3444; x_wconf 43' lang='lat' dir='ltr'>contingat</span> 
     </span>
     <span class='ocr_line' id='line_1_81' title="bbox 1718 3444 2918 3538; baseline -0.003 -30"><span class='ocrx_word' id='word_1_390' title='bbox 1718 3447 2158 3538; x_wconf 80' lang='lat' dir='ltr'>Completorium</span> <span class='ocrx_word' id='word_1_391' title='bbox 2187 3444 2344 3505; x_wconf 85' lang='lat' dir='ltr'>non¹</span> <span class='ocrx_word' id='word_1_392' title='bbox 2351 3445 2678 3505; x_wconf 79' lang='lat' dir='ltr'>⁰mutatur</span> <span class='ocrx_word' id='word_1_393' title='bbox 2699 3448 2852 3522; x_wconf 72' lang='lat' dir='ltr'>qta&#39;n</span> <span class='ocrx_word' id='word_1_394' title='bbox 2874 3445 2918 3482; x_wconf 91' lang='lat'>¹¹</span> 
     </span>
     <span class='ocr_line' id='line_1_82' title="bbox 1709 3525 2924 3601; baseline -0.001 -16"><span class='ocrx_word' id='word_1_395' title='bbox 1709 3527 1941 3586; x_wconf 81' lang='lat' dir='ltr'>omnino</span> <span class='ocrx_word' id='word_1_396' title='bbox 1967 3527 2078 3600; x_wconf 87' lang='lat' dir='ltr'>fiet</span> <span class='ocrx_word' id='word_1_397' title='bbox 2119 3525 2192 3584; x_wconf 87' lang='lat' dir='ltr'>de</span> <span class='ocrx_word' id='word_1_398' title='bbox 2227 3525 2680 3601; x_wconf 66' lang='lat' dir='ltr'>quadrages-tm</span> <span class='ocrx_word' id='word_1_399' title='bbox 2703 3533 2835 3584; x_wconf 69' lang='lat' dir='ltr'>tan</span> <span class='ocrx_word' id='word_1_400' title='bbox 2860 3526 2924 3584; x_wconf 72' lang='lat' dir='ltr'>in</span> 
     </span>
    </p>
   </div>
   <div class='ocr_carea' id='block_1_5' title="bbox 414 3598 2918 3680">
    <p class='ocr_par' dir='ltr' id='par_1_5' title="bbox 414 3598 2918 3680">
     <span class='ocr_line' id='line_1_83' title="bbox 414 3598 2918 3680; baseline 0.002 -22"><span class='ocrx_word' id='word_1_401' title='bbox 414 3617 547 3659; x_wconf 87' lang='lat' dir='ltr'>rose</span> <span class='ocrx_word' id='word_1_402' title='bbox 572 3598 821 3675; x_wconf 85' lang='lat' dir='ltr'>gratiam</span> <span class='ocrx_word' id='word_1_403' title='bbox 848 3602 1197 3677; x_wconf 85' lang='lat' dir='ltr'>expostulet.</span> <span class='ocrx_word' id='word_1_404' title='bbox 1245 3621 1425 3677; x_wconf 85' lang='lat' dir='ltr'>quam</span> <span class='ocrx_word' id='word_1_405' title='bbox 1468 3622 1608 3680; x_wconf 89' lang='lat' dir='ltr'>cog-</span> <span class='ocrx_word' id='word_1_406' title='bbox 1691 3605 1847 3679; x_wconf 87' lang='lat' dir='ltr'>festo</span> <span class='ocrx_word' id='word_1_407' title='bbox 1865 3605 1973 3665; x_wconf 81' lang='lat' dir='ltr'>isto</span> <span class='ocrx_word' id='word_1_408' title='bbox 1990 3623 2164 3679; x_wconf 81' lang='lat' dir='ltr'>quam</span> <span class='ocrx_word' id='word_1_409' title='bbox 2185 3603 2412 3678; x_wconf 69' lang='lat' dir='ltr'>inferto</span> <span class='ocrx_word' id='word_1_410' title='bbox 2427 3605 2918 3663; x_wconf 68' lang='lat' dir='ltr'>annunciationis.</span> 
     </span>
    </p>
   </div>
   <div class='ocr_carea' id='block_1_6' title="bbox 410 3676 1610 3755">
    <p class='ocr_par' dir='ltr' id='par_1_6' title="bbox 410 3676 1610 3755">
     <span class='ocr_line' id='line_1_84' title="bbox 410 3676 1610 3755; baseline 0.005 -16"><span class='ocrx_word' id='word_1_411' title='bbox 410 3688 552 3740; x_wconf 86' lang='lat' dir='ltr'>nata</span> <span class='ocrx_word' id='word_1_412' title='bbox 592 3676 836 3755; x_wconf 92' lang='lat' dir='ltr'>copiose</span> <span class='ocrx_word' id='word_1_413' title='bbox 883 3678 1066 3740; x_wconf 88' lang='lat' dir='ltr'>sensit</span> <span class='ocrx_word' id='word_1_414' title='bbox 1108 3678 1208 3740; x_wconf 91' lang='lat' dir='ltr'>hic</span> <span class='ocrx_word' id='word_1_415' title='bbox 1258 3681 1610 3744; x_wconf 79' lang='lat' dir='ltr'>elezabeth.⁸</span> 
     </span>
    </p>
   </div>
   <div class='ocr_carea' id='block_1_7' title="bbox 415 3833 1621 4214">
    <p class='ocr_par' dir='ltr' id='par_1_7' title="bbox 415 3833 1621 4214">
     <span class='ocr_line' id='line_1_85' title="bbox 514 3833 1616 3898; baseline 0.002 -15"><span class='ocrx_word' id='word_1_416' title='bbox 514 3833 529 3864; x_wconf 87' lang='lat'>¹</span> <span class='ocrx_word' id='word_1_417' title='bbox 566 3833 711 3883; x_wconf 82' lang='lat' dir='ltr'>Haec</span> <span class='ocrx_word' id='word_1_418' title='bbox 733 3833 929 3884; x_wconf 86' lang='lat' dir='ltr'>rubrica</span> <span class='ocrx_word' id='word_1_419' title='bbox 950 3833 1085 3898; x_wconf 87' lang='lat' dir='ltr'>apud</span> <span class='ocrx_word' id='word_1_420' title='bbox 1108 3833 1179 3884; x_wconf 85' lang='grc'>82</span> <span class='ocrx_word' id='word_1_421' title='bbox 1212 3840 1321 3884; x_wconf 81' lang='lat' dir='ltr'>tota</span> <span class='ocrx_word' id='word_1_422' title='bbox 1352 3835 1616 3886; x_wconf 86' lang='lat' dir='ltr'>omittitur.</span> 
     </span>
     <span class='ocr_line' id='line_1_86' title="bbox 470 3899 1621 3978; baseline 0.003 -30"><span class='ocrx_word' id='word_1_423' title='bbox 470 3965 483 3978; x_wconf 88' lang='lat'>.</span> <span class='ocrx_word' id='word_1_424' title='bbox 512 3901 533 3930; x_wconf 83' lang='lat'>²</span> <span class='ocrx_word' id='word_1_425' title='bbox 564 3899 735 3949; x_wconf 87' lang='lat' dir='ltr'>Verba</span> <span class='ocrx_word' id='word_1_426' title='bbox 762 3905 777 3928; x_wconf 81' lang='lat'>⁸</span> <span class='ocrx_word' id='word_1_427' title='bbox 792 3901 860 3950; x_wconf 83' lang='lat' dir='ltr'>In</span> <span class='ocrx_word' id='word_1_428' title='bbox 893 3905 1036 3964; x_wconf 80' lang='lat' dir='ltr'>temp.</span> <span class='ocrx_word' id='word_1_429' title='bbox 1054 3900 1251 3965; x_wconf 71' lang='lat' dir='ltr'>pasche.</span> <span class='ocrx_word' id='word_1_430' title='bbox 1274 3899 1410 3950; x_wconf 85' lang='lat' dir='ltr'>All’a</span> <span class='ocrx_word' id='word_1_431' title='bbox 1430 3901 1443 3924; x_wconf 91' lang='lat'>’</span> <span class='ocrx_word' id='word_1_432' title='bbox 1465 3901 1549 3951; x_wconf 87' lang='lat' dir='ltr'>hic</span> <span class='ocrx_word' id='word_1_433' title='bbox 1571 3909 1621 3952; x_wconf 88' lang='lat' dir='ltr'>et</span> 
     </span>
     <span class='ocr_line' id='line_1_87' title="bbox 415 3965 1271 4096; baseline 0.002 -16"><span class='ocrx_word' id='word_1_434' title='bbox 415 3965 539 4062; x_wconf 57' lang='lat' dir='ltr'>&#39;nbi</span> <span class='ocrx_word' id='word_1_435' title='bbox 562 3965 985 4096; x_wconf 60' lang='lat' dir='ltr'>‘3¹2¹{1i223’21&#39;22ssim</span> <span class='ocrx_word' id='word_1_436' title='bbox 1008 4029 1148 4082; x_wconf 75' lang='lat' dir='ltr'>add:</span> <span class='ocrx_word' id='word_1_437' title='bbox 1184 4030 1271 4082; x_wconf 80' lang='lat' dir='ltr'>s2.</span> 
     </span>
     <span class='ocr_line' id='line_1_88' title="bbox 514 4095 1112 4161; baseline 0.003 -15"><span class='ocrx_word' id='word_1_438' title='bbox 514 4097 535 4129; x_wconf 83' lang='lat'>⁴</span> <span class='ocrx_word' id='word_1_439' title='bbox 566 4097 790 4161; x_wconf 83' lang='lat' dir='ltr'>replebat</span> <span class='ocrx_word' id='word_1_440' title='bbox 815 4115 828 4147; x_wconf 72' lang='grc' dir='ltr'>ι</span> <span class='ocrx_word' id='word_1_441' title='bbox 862 4096 922 4146; x_wconf 92' lang='lat' dir='ltr'>L.</span> <span class='ocrx_word' id='word_1_442' title='bbox 946 4095 1000 4146; x_wconf 90' lang='lat' dir='ltr'>Si</span> <span class='ocrx_word' id='word_1_443' title='bbox 1025 4097 1112 4148; x_wconf 84' lang='grc'><strong>82.</strong></span> 
     </span>
     <span class='ocr_line' id='line_1_89' title="bbox 518 4161 1045 4214; baseline 0.002 -3"><span class='ocrx_word' id='word_1_444' title='bbox 518 4165 539 4196; x_wconf 81' lang='lat'>⁸</span> <span class='ocrx_word' id='word_1_445' title='bbox 572 4171 828 4213; x_wconf 72' lang='lat' dir='ltr'>nostrami</span> <span class='ocrx_word' id='word_1_446' title='bbox 864 4162 928 4214; x_wconf 77' lang='lat' dir='ltr'>Si</span> <span class='ocrx_word' id='word_1_447' title='bbox 959 4161 1045 4213; x_wconf 89' lang='grc'><strong>82.</strong></span> 
     </span>
    </p>
   </div>
   <div class='ocr_carea' id='block_1_8' title="bbox 514 4227 1619 4479">
    <p class='ocr_par' dir='ltr' id='par_1_8' title="bbox 514 4227 1312 4292">
     <span class='ocr_line' id='line_1_90' title="bbox 514 4227 1312 4292; baseline 0.004 -15"><span class='ocrx_word' id='word_1_448' title='bbox 514 4231 536 4260; x_wconf 81' lang='grc'><em>·</em></span> <span class='ocrx_word' id='word_1_449' title='bbox 565 4227 847 4279; x_wconf 86' lang='lat' dir='ltr'>helizabeth</span> <span class='ocrx_word' id='word_1_450' title='bbox 874 4228 1121 4292; x_wconf 61' lang='lat' dir='ltr'>(passima</span> <span class='ocrx_word' id='word_1_451' title='bbox 1145 4227 1201 4279; x_wconf 89' lang='lat' dir='ltr'>Si</span> <span class='ocrx_word' id='word_1_452' title='bbox 1224 4227 1312 4280; x_wconf 86' lang='grc'><strong>82.</strong></span> 
     </span>
    </p>

    <p class='ocr_par' dir='ltr' id='par_1_9' title="bbox 517 4293 1071 4344">
     <span class='ocr_line' id='line_1_91' title="bbox 517 4293 1071 4344; baseline 0.004 -2"><span class='ocrx_word' id='word_1_453' title='bbox 517 4295 537 4322; x_wconf 75' lang='lat'><strong><em>⁹</em></strong></span> <span class='ocrx_word' id='word_1_454' title='bbox 568 4294 879 4344; x_wconf 84' lang='lat' dir='ltr'>Fecundate=</span> <span class='ocrx_word' id='word_1_455' title='bbox 906 4293 959 4344; x_wconf 89' lang='lat' dir='ltr'>Si</span> <span class='ocrx_word' id='word_1_456' title='bbox 986 4293 1071 4344; x_wconf 88' lang='grc'><strong>82.</strong></span> 
     </span>
    </p>

    <p class='ocr_par' dir='ltr' id='par_1_10' title="bbox 518 4359 956 4410">
     <span class='ocr_line' id='line_1_92' title="bbox 518 4359 956 4410; baseline 0 -2"><span class='ocrx_word' id='word_1_457' title='bbox 518 4360 539 4389; x_wconf 79' lang='lat'>⁸</span> <span class='ocrx_word' id='word_1_458' title='bbox 572 4359 763 4410; x_wconf 73' lang='lat' dir='ltr'>salutis:</span> <span class='ocrx_word' id='word_1_459' title='bbox 790 4360 844 4410; x_wconf 92' lang='lat' dir='ltr'>Si</span> <span class='ocrx_word' id='word_1_460' title='bbox 870 4359 956 4410; x_wconf 84' lang='grc'><strong>82.</strong></span> 
     </span>
    </p>

    <p class='ocr_par' dir='ltr' id='par_1_11' title="bbox 520 4423 1619 4479">
     <span class='ocr_line' id='line_1_93' title="bbox 520 4423 1619 4479; baseline 0.004 -7"><span class='ocrx_word' id='word_1_461' title='bbox 520 4424 541 4453; x_wconf 78' lang='lat'>⁸</span> <span class='ocrx_word' id='word_1_462' title='bbox 576 4423 730 4473; x_wconf 88' lang='lat' dir='ltr'>Hunc</span> <span class='ocrx_word' id='word_1_463' title='bbox 802 4439 997 4475; x_wconf 87' lang='lat' dir='ltr'>versum</span> <span class='ocrx_word' id='word_1_464' title='bbox 1042 4439 1140 4474; x_wconf 85' lang='lat' dir='ltr'>om.</span> <span class='ocrx_word' id='word_1_465' title='bbox 1226 4426 1309 4479; x_wconf 86' lang='grc'><strong>82.</strong></span> <span class='ocrx_word' id='word_1_466' title='bbox 1372 4434 1423 4478; x_wconf 88' lang='lat' dir='ltr'>et</span> <span class='ocrx_word' id='word_1_467' title='bbox 1479 4426 1619 4477; x_wconf 84' lang='lat' dir='ltr'>addit</span> 
     </span>
    </p>
   </div>
   <div class='ocr_carea' id='block_1_9' title="bbox 1713 3681 2926 3760">
    <p class='ocr_par' dir='ltr' id='par_1_12' title="bbox 1713 3681 2926 3760">
     <span class='ocr_line' id='line_1_94' title="bbox 1713 3681 2926 3760; baseline -0.002 -16"><span class='ocrx_word' id='word_1_468' title='bbox 1713 3683 1815 3744; x_wconf 88' lang='lat' dir='ltr'>Ita</span> <span class='ocrx_word' id='word_1_469' title='bbox 1858 3688 2048 3742; x_wconf 82' lang='lat' dir='ltr'>tamen</span> <span class='ocrx_word' id='word_1_470' title='bbox 2093 3683 2249 3759; x_wconf 81' lang='lat' dir='ltr'>quod</span> <span class='ocrx_word' id='word_1_471' title='bbox 2284 3681 2493 3743; x_wconf 90' lang='lat' dir='ltr'>Gloria</span> <span class='ocrx_word' id='word_1_472' title='bbox 2537 3681 2712 3760; x_wconf 85' lang='lat' dir='ltr'>patri.</span> <span class='ocrx_word' id='word_1_473' title='bbox 2755 3682 2926 3759; x_wconf 82' lang='lat' dir='ltr'>msra</span> 
     </span>
    </p>
   </div>
   <div class='ocr_carea' id='block_1_10' title="bbox 1721 3835 2932 4360">
    <p class='ocr_par' dir='ltr' id='par_1_13' title="bbox 1721 3835 2924 4082">
     <span class='ocr_line' id='line_1_95' title="bbox 1729 3835 2924 3901; baseline 0.001 -16.035"><span class='ocrx_word' id='word_1_474' title='bbox 1729 3835 2046 3897; x_wconf 86' lang='lat' dir='ltr'>‘Quesumus</span> <span class='ocrx_word' id='word_1_475' title='bbox 2079 3842 2253 3886; x_wconf 82' lang='lat' dir='ltr'>auctor</span> <span class='ocrx_word' id='word_1_476' title='bbox 2305 3835 2532 3885; x_wconf 86' lang='lat' dir='ltr'>omniurn</span> <span class='ocrx_word' id='word_1_477' title='bbox 2569 3835 2622 3886; x_wconf 89' lang='lat' dir='ltr'>in</span> <span class='ocrx_word' id='word_1_478' title='bbox 2667 3835 2770 3886; x_wconf 83' lang='lat' dir='ltr'>hoc</span> <span class='ocrx_word' id='word_1_479' title='bbox 2815 3852 2924 3901; x_wconf 78' lang='lat' dir='ltr'>pas</span> 
     </span>
     <span class='ocr_line' id='line_1_96' title="bbox 1721 3901 2924 3966; baseline 0 -15"><span class='ocrx_word' id='word_1_480' title='bbox 1721 3901 1853 3951; x_wconf 88' lang='lat' dir='ltr'>chali</span> <span class='ocrx_word' id='word_1_481' title='bbox 1875 3901 2059 3966; x_wconf 77' lang='lat' dir='ltr'>gaudio</span> <span class='ocrx_word' id='word_1_482' title='bbox 2082 3902 2148 3950; x_wconf 85' lang='lat' dir='ltr'>ab</span> <span class='ocrx_word' id='word_1_483' title='bbox 2183 3901 2320 3950; x_wconf 86' lang='lat' dir='ltr'>omni</span> <span class='ocrx_word' id='word_1_484' title='bbox 2357 3901 2532 3950; x_wconf 88' lang='lat' dir='ltr'>mortis</span> <span class='ocrx_word' id='word_1_485' title='bbox 2567 3901 2760 3965; x_wconf 87' lang='lat' dir='ltr'>impetu</span> <span class='ocrx_word' id='word_1_486' title='bbox 2785 3911 2924 3951; x_wconf 83' lang='lat' dir='ltr'>tuum</span> 
     </span>
     <span class='ocr_line' id='line_1_97' title="bbox 1721 3965 2922 4033; baseline -0.001 -17"><span class='ocrx_word' id='word_1_487' title='bbox 1721 3967 1934 4016; x_wconf 81' lang='lat' dir='ltr'>defende</span> <span class='ocrx_word' id='word_1_488' title='bbox 1951 3965 2210 4032; x_wconf 86' lang='lat' dir='ltr'>populum.</span> <span class='ocrx_word' id='word_1_489' title='bbox 2289 3965 2464 4016; x_wconf 85' lang='lat' dir='ltr'>Gloria</span> <span class='ocrx_word' id='word_1_490' title='bbox 2487 3966 2582 4016; x_wconf 85' lang='lat' dir='ltr'>tibi</span> <span class='ocrx_word' id='word_1_491' title='bbox 2605 3968 2816 4018; x_wconf 88' lang='lat' dir='ltr'>domine</span> <span class='ocrx_word' id='word_1_492' title='bbox 2837 3967 2922 4033; x_wconf 82' lang='lat' dir='ltr'>qui</span> 
     </span>
     <span class='ocr_line' id='line_1_98' title="bbox 1721 4032 1906 4082; baseline 0 0"><span class='ocrx_word' id='word_1_493' title='bbox 1721 4032 1906 4082; x_wconf 72' lang='lat' dir='ltr'>natus·¹</span> 
     </span>
    </p>

    <p class='ocr_par' dir='ltr' id='par_1_14' title="bbox 1721 4097 2932 4360">
     <span class='ocr_line' id='line_1_99' title="bbox 1821 4097 2928 4160; baseline 0.002 -14"><span class='ocrx_word' id='word_1_494' title='bbox 1821 4099 1860 4130; x_wconf 77' lang='lat'>¹⁶</span> <span class='ocrx_word' id='word_1_495' title='bbox 1908 4097 2060 4148; x_wconf 75' lang='lat' dir='ltr'>Verba</span> <span class='ocrx_word' id='word_1_496' title='bbox 2079 4111 2114 4146; x_wconf 87' lang='lat' dir='ltr'>a</span> <span class='ocrx_word' id='word_1_497' title='bbox 2153 4097 2306 4146; x_wconf 75' lang='lat' dir='ltr'>‘’non</span> <span class='ocrx_word' id='word_1_498' title='bbox 2341 4113 2494 4160; x_wconf 72' lang='lat' dir='ltr'>mque</span> <span class='ocrx_word' id='word_1_499' title='bbox 2523 4098 2598 4146; x_wconf 82' lang='lat' dir='ltr'>ad</span> <span class='ocrx_word' id='word_1_500' title='bbox 2641 4097 2928 4148; x_wconf 66' lang='lat' dir='ltr'>‘Rubria’</span> 
     </span>
     <span class='ocr_line' id='line_1_100' title="bbox 1721 4162 2926 4216; baseline -0.001 -2"><span class='ocrx_word' id='word_1_501' title='bbox 1721 4178 1842 4216; x_wconf 52' lang='lat' dir='ltr'>oms</span> <span class='ocrx_word' id='word_1_502' title='bbox 1863 4164 1980 4213; x_wconf 76' lang='lat' dir='ltr'>Sa.—</span> <span class='ocrx_word' id='word_1_503' title='bbox 2003 4162 2164 4212; x_wconf 75' lang='lat' dir='ltr'>Addit</span> <span class='ocrx_word' id='word_1_504' title='bbox 2179 4169 2344 4212; x_wconf 78' lang='lat' dir='ltr'>autem</span> <span class='ocrx_word' id='word_1_505' title='bbox 2367 4163 2614 4213; x_wconf 70' lang='lat' dir='ltr'>incorum</span> <span class='ocrx_word' id='word_1_506' title='bbox 2637 4166 2779 4213; x_wconf 77' lang='lat' dir='ltr'>vice‘</span> <span class='ocrx_word' id='word_1_507' title='bbox 2795 4166 2926 4213; x_wconf 72' lang='lat' dir='ltr'>utin</span> 
     </span>
     <span class='ocr_line' id='line_1_101' title="bbox 1721 4229 2932 4294; baseline -0.002 -14"><span class='ocrx_word' id='word_1_508' title='bbox 1721 4237 1852 4294; x_wconf 81' lang='lat' dir='ltr'>temp</span> <span class='ocrx_word' id='word_1_509' title='bbox 1849 4246 1930 4280; x_wconf 87' lang='lat' dir='ltr'>ore</span> <span class='ocrx_word' id='word_1_510' title='bbox 2047 4229 2185 4278; x_wconf 64' lang='lat' dir='ltr'>chola·</span> <span class='ocrx_word' id='word_1_511' title='bbox 2217 4236 2264 4277; x_wconf 86' lang='lat' dir='ltr'>et</span> <span class='ocrx_word' id='word_1_512' title='bbox 2297 4245 2355 4276; x_wconf 75' lang='lat' dir='ltr'>m</span> <span class='ocrx_word' id='word_1_513' title='bbox 2379 4229 2484 4289; x_wconf 76' lang='lat' dir='ltr'>fine</span> <span class='ocrx_word' id='word_1_514' title='bbox 2525 4229 2709 4292; x_wconf 70' lang='lat' dir='ltr'>hymni</span> <span class='ocrx_word' id='word_1_515' title='bbox 2745 4231 2932 4279; x_wconf 51' lang='lat' dir='ltr'>dreit&amp;</span> 
     </span>
     <span class='ocr_line' id='line_1_102' title="bbox 1725 4294 2924 4360; baseline -0.001 -15"><span class='ocrx_word' id='word_1_516' title='bbox 1725 4295 1900 4346; x_wconf 83' lang='lat' dir='ltr'>Gloria</span> <span class='ocrx_word' id='word_1_517' title='bbox 1921 4295 2016 4344; x_wconf 91' lang='lat' dir='ltr'>tii</span> <span class='ocrx_word' id='word_1_518' title='bbox 2001 4294 2242 4344; x_wconf 90' lang='lat' dir='ltr'>domine</span> <span class='ocrx_word' id='word_1_519' title='bbox 2279 4295 2366 4360; x_wconf 88' lang='lat' dir='ltr'>qui</span> <span class='ocrx_word' id='word_1_520' title='bbox 2407 4301 2572 4346; x_wconf 73' lang='lat' dir='ltr'>natus,</span> <span class='ocrx_word' id='word_1_521' title='bbox 2645 4297 2744 4346; x_wconf 76' lang='lat' dir='ltr'>Ad</span> <span class='ocrx_word' id='word_1_522' title='bbox 2767 4303 2924 4345; x_wconf 55' lang='lat' dir='ltr'>aaa·</span> 
     </span>
    </p>
   </div>
   <div class='ocr_carea' id='block_1_11' title="bbox 1823 4425 2474 4492">
    <p class='ocr_par' dir='ltr' id='par_1_15' title="bbox 1823 4425 2474 4492">
     <span class='ocr_line' id='line_1_103' title="bbox 1823 4425 2474 4492; baseline 0 -16"><span class='ocrx_word' id='word_1_523' title='bbox 1823 4429 1858 4460; x_wconf 88' lang='lat'>¹¹</span> <span class='ocrx_word' id='word_1_524' title='bbox 1885 4430 2023 4492; x_wconf 80' lang='lat' dir='ltr'>pro‘</span> <span class='ocrx_word' id='word_1_525' title='bbox 2037 4425 2195 4490; x_wconf 77' lang='lat' dir='ltr'>quin’</span> <span class='ocrx_word' id='word_1_526' title='bbox 2220 4427 2376 4491; x_wconf 76' lang='lat' dir='ltr'>quia.</span> <span class='ocrx_word' id='word_1_527' title='bbox 2400 4428 2474 4490; x_wconf 57' lang='grc' dir='ltr'>ᾤ’.</span> 
     </span>
    </p>
   </div>
  </div>
 </body>
</html>
