3117 4959
913 227 1557 286 ASSUMPTIONIS
1601 229 1896 286 MARJE.

675 336 828 392 487

169 441 338 509 celos
396 442 731 509 ascendit:
789 461 953 525 rogo
1009 441 1342 524 gaudete:

172 533 318 613 quia
369 539 443 593 ut
490 531 581 594 ita
629 531 880 596 fatear:
929 530 1348 595 ineffabiliter

173 639 312 683 cum
345 618 606 683 Christo
636 617 994 682 sublimata
1013 627 1248 700 regnat
1279 619 1346 682 in

173 717 474 770 eternum.
565 707 828 788 Regina
875 706 1106 770 mundi
1148 706 1348 770 hodie

173 794 250 856 de
295 795 478 856 terris
525 804 592 857 et
645 796 732 857 de
781 795 1069 876 presenti
1125 794 1347 857 seculo

174 901 442 962 nequam
499 882 784 963 eripitur.
895 882 1148 945 Iterum
1198 882 1346 945 dico

170 970 439 1050 gaudete
467 988 484 1032 ε
529 971 687 1051 quia
703 989 934 1032 secura
963 969 1048 1031 de
1079 970 1346 1032 immar-

172 1057 436 1120 cessibili
480 1057 690 1137 gloria
735 1059 821 1120 ad
854 1057 976 1120 celi
1021 1057 1164 1138 jam
1197 1077 1346 1139 per·

169 1145 335 1206 venit
366 1145 706 1225 palatium.
796 1146 916 1209 Re.
1005 1146 1163 1208 Vidi
1197 1165 1347 1227 spe-

171 1233 416 1294 ciosam.
458 1233 556 1294 Et
575 1243 776 1296 cetera
795 1233 877 1296 de
885 1232 1117 1312 prima
1138 1233 1346 1297 turba.

168 1319 418 1382 secundo
432 1320 539 1382 die
559 1322 955 1401 responsoria
975 1321 1056 1383 de
1072 1320 1347 1384 secunda

171 1407 358 1472 turba.
427 1407 617 1471 tertio
645 1409 779 1471 die¹
805 1408 883 1471 de
912 1409 1106 1472 tertia
1137 1409 1342 1474 turba.

168 1494 270 1557 Re.
359 1496 420 1560 O
483 1496 704 1560 decus,
792 1507 1050 1560 tantum
1113 1495 1182 1558 in
1235 1498 1347 1560 do-

169 1581 388 1645 minica
421 1582 627 1662 infra.
1033 1585 1246 1648 Lectio
1277 1585 1346 1667 ij.

165 1671 560 1802 Exultate
608 1673 878 1753 inquam
910 1691 988 1735 ac
1017 1674 1346 1754 gaudete:

299 1767 362 1820 et
394 1758 637 1822 letetur
666 1759 882 1822 omnis
923 1761 1100 1822 orbis
1129 1781 1144 1825 :
1190 1761 1346 1842 quia

165 1843 348 1908 hodie
421 1848 734 1910 omnibus
810 1847 1002 1911 nobis
1063 1849 1344 1912 interve·

168 1932 482 1996 nientibus
507 1933 652 2014 ejus
679 1935 926 1999 meritis
949 1934 1125 1998 salus
1151 1943 1348 2000 aucta

168 2028 272 2084 est.
358 2020 572 2084 Vobis
604 2041 872 2104 quoque
919 2023 1346 2103 diligentibus

167 2127 300 2170 eam
344 2107 560 2174 honor
608 2118 676 2172 et
718 2112 968 2174 virtus:
1015 2129 1148 2173 una
1194 2131 1346 2176 cum

167 2195 414 2278 reliquis
443 2197 810 2278 virginibus
833 2199 1034 2261 sacris
1065 2198 1348 2280 amplior

167 2293 477 2363 prestatur
517 2294 590 2347 et
635 2286 865 2365 gratia.
961 2285 1216 2349 Idcirco
1247 2285 1346 2350 di-

167 2369 502 2436 lectissime
565 2373 836 2436 laudate
883 2381 952 2436 et
1005 2373 1344 2437 letamini:

167 2459 307 2540 quia
333 2460 386 2522 si
418 2460 625 2524 deum
679 2480 792 2522 ore
840 2459 1227 2542 prophetico
1276 2461 1346 2524 in

167 2547 390 2610 sanctis
449 2549 604 2611 suis.
640 2547 910 2612 laudare
957 2547 1344 2629 jubemur²t

170 2635 362 2697 multo
409 2635 630 2716 magis
677 2656 828 2699 eum
884 2636 952 2700 in
1006 2635 1130 2700 hac
1176 2635 1346 2699 cele-

168 2719 386 2785 britate
453 2723 731 2803 virginis
790 2722 1020 2786 matris
1079 2731 1345 2804 oportet

169 2827 300 2872 cum
343 2809 618 2891 hymnis
649 2820 716 2874 et
745 2811 1018 2874 canticis
1063 2811 1342 2892 diligen-

169 2894 284 2959 tius
312 2898 678 2963 extollere:
725 2906 793 2963 et
825 2899 1042 2980 dignis
1073 2899 1202 2961 deo
1237 2898 1344 2979 ju-

169 2982 350 3048 bilare
421 2986 804 3068 preconiis:
903 3005 980 3050 ac
1068 2986 1342 3050 misticis

169 3069 467 3137 honorare
499 3073 904 3140 muneribus
971 3073 1086 3137 Re.
1152 3074 1342 3139 Sicut

168 3160 269 3221 ced
277 3181 394 3224 rus,
1001 3161 1217 3224 Lectio
1247 3161 1342 3243 iej.

167 3248 445 3377 Nulli
477 3248 760 3314 dubium
809 3247 968 3331 quin
1007 3258 1222 3313 totum
1256 3250 1340 3312 ad

331 3337 616 3418 gloriam
631 3336 842 3400 laudis
856 3337 962 3400 dei
983 3337 1310 3418 pertineat
1327 3356 1343 3402 ε

167 3422 456 3505 quicquid
488 3425 696 3507 digne
739 3425 1040 3506 genitrici
1075 3445 1192 3488 sue
1223 3425 1344 3488 im-

169 3528 426 3590 pensum
458 3533 538 3577 ac
569 3511 934 3576 solenniter
981 3511 1176 3575 suerit
1224 3531 1346 3575 ex·

167 3595 452 3664 bibitum.
545 3601 663 3664 Ex
693 3619 828 3682 quo
849 3601 1056 3664 timeo
1085 3599 1246 3664 satis
1277 3605 1346 3663 et

167 3684 343 3750 valde
397 3688 838 3770 pertimesco:
898 3687 1060 3750 dum
1111 3687 1346 3752 vestris

169 3774 344 3853 cupio
417 3795 652 3857 parere
732 3773 1136 3856 profectibus
1169 3796 1186 3840 :
1261 3794 1346 3838 ne

169 3856 318 3924 forte
363 3865 534 3927 sicut
585 3863 928 3944 improbus
978 3863 1072 3926 ita
1125 3871 1193 3926 et
1245 3863 1344 3926 in·-

169 3945 388 4028 dignus
440 3951 750 4016 laudator
802 3950 1138 4014 inveniar:
1190 3969 1343 4033 pro·

169 4031 325 4098 secto
373 4059 526 4102 cum
577 4058 702 4103 nec
751 4038 1068 4102 sanctitas
1107 4039 1212 4101 vel
1243 4037 1344 4101 sa-

168 4124 386 4188 cundia
437 4135 788 4208 suppetet:
833 4135 906 4192 ut
960 4126 1226 4189 beatam
1274 4134 1342 4190 et

167 4208 500 4286 gloriosam
562 4215 884 4296 virginem
945 4214 1148 4296 digne
1202 4214 1340 4277 lau-

255 4346 269 4376 ¹
307 4348 446 4398 ‘die’
468 4364 592 4398 ona:
623 4349 694 4398 N.

253 4413 272 4442 ⁸
302 4413 398 4462 Pro
429 4415 591 4465 verbis
621 4431 653 4464 a
683 4420 697 4443 ⁸
706 4415 808 4478 pf)
840 4429 988 4479 usque
1017 4414 1089 4463 ad
1115 4417 1130 4443 ⁸
1145 4421 1224 4464 etc.
1238 4414 1250 4437 ’
1272 4419 1320 4463 et
1339 4413 1480 4462 ceteri
1487 4411 1683 4476 psalmi
1694 4425 1711 4458 .·
1746 4409 1815 4459 N.

1953 337 2111 396 488

1445 442 1609 507 dare
1639 461 1899 527 queam.
1956 443 2293 528 Quoniam
2318 453 2393 509 ut
2414 465 2643 512 verum

1448 529 1697 596 fatear:
1772 533 2087 615 quicquid
2149 532 2455 596 humanis
2514 535 2645 599 dici

1447 629 1671 700 potest
1761 621 2038 684 verbis:
2126 621 2347 684 minus
2422 631 2528 685 est
2600 643 2645 684 a

1450 704 1649 768 laude
1695 707 1849 770 dei:
1894 727 2029 789 qua
2094 708 2336 771 divinis
2410 719 2513 772 est
2573 718 2642 773 et

1447 795 1765 874 angelicis
1818 796 2251 858 excellentius
2298 797 2641 878 predicata

1447 890 1516 944 et
1570 882 1842 945 laudata
1902 884 2243 966 preconiis,
2334 885 2452 946 Re.
2515 885 2641 948 Fe-

1447 968 1544 1031 lix
1594 990 1875 1053 nanque.
1974 972 2076 1034 Et
2118 971 2517 1051 responsoria
2564 972 2645 1035 de

1431 1057 1665 1138 prima
1724 1057 1918 1121 turba
1988 1059 2265 1122 secunda
2322 1067 2387 1122 et
2448 1060 2642 1122 tertia

1443 1145 1802 1208 ordinatim
1884 1146 2213 1210 iterentur.
2316 1155 2419 1227 pf.
2539 1146 2641 1210 Te

1447 1232 1667 1296 deum.
1758 1250 1806 1319 y
1853 1232 2187 1314 Speciosa.
2280 1237 2345 1310 εἴ
2390 1235 2473 1297 In
2496 1234 2639 1297 lau-

1444 1320 1637 1382 dibus
1692 1319 1802 1382 hec
1855 1322 1993 1383 sola
2051 1329 2155 1384 an'.
2264 1321 2641 1404 Assumpta

1445 1417 1560 1471 est.
1639 1416 1742 1490 pf.
1804 1409 2137 1471 Dominus
2161 1410 2475 1490 regnavit.
2535 1419 2637 1490 pf.

1443 1494 1755 1575 Jubilate.
1842 1495 1975 1559 etc?
2069 1496 2214 1576 Cap.
2309 1497 2389 1560 In
2428 1497 2639 1560 omni·

1445 1582 1585 1646 buS.
1659 1583 1969 1663 Hymnus
2000 1583 2061 1647 O
2094 1579 2293 1665 q'uam
2326 1583 2638 1664 glorifica.

1445 1686 1493 1755 y
1539 1669 1779 1752 Elegit.
1869 1671 1953 1733 In
2000 1691 2255 1751 evange.
2298 1680 2403 1734 an.
2496 1671 2641 1736 Sub

1444 1767 1629 1820 tuam
1664 1759 2141 1839 protectionem
2182 1758 2640 1839 confugimus:

1443 1846 1556 1909 ubi
1591 1846 1829 1908 infirmi
1863 1855 2257 1927 acceperunt
2286 1847 2639 1910 virtutem:

1443 1931 1513 1995 et
1546 1942 1815 2015 propter
1844 1932 1971 1997 hoc
2002 1934 2121 1996 tibi
2154 1933 2497 2016 psallimus
2529 1934 2637 1997 dei

1444 2021 1737 2102 genitrix
1768 2021 1969 2102 virg0.
2040 2029 2143 2102 ps.
2220 2022 2637 2086 Benedictus,

1450 2107 1681 2172 Oratio
1712 2108 2124 2172 Veneranda.
2197 2114 2260 2186 π
2305 2109 2639 2172 Memoria

1442 2195 1522 2258 de
1548 2205 1766 2259 sancto
1785 2195 2119 2260 laurentio.
2206 2197 2331 2260 Ad
2336 2198 2637 2277 primam

1443 2291 1549 2346 an.
1643 2282 1873 2348 Maria.
1947 2293 2049 2365 pf.
2142 2284 2328 2347 Deus
2388 2285 2453 2347 in
2516 2304 2637 2346 no·

1445 2373 1641 2436 mine.
1730 2371 1845 2435 Re.
1952 2372 2110 2452 Jesu
2174 2372 2435 2436 Christe
2492 2392 2637 2435 cum

1445 2458 1725 2524 alleluia.
1840 2475 1888 2544 y
1933 2459 2067 2542 Qui
2122 2458 2208 2522 de
2259 2461 2511 2540 virgine
2563 2467 2643 2522 ut

1441 2556 1657 2626 supra.
1776 2544 1902 2610 Ad
1984 2547 2245 2610 tertiam
2326 2556 2430 2611 an.
2556 2547 2635 2610 In

1443 2635 1733 2698 odorem.
1795 2642 1897 2714 pi.
1954 2635 2205 2716 Legem
2238 2653 2429 2716 pone.
2489 2633 2639 2716 Cap.

1446 2721 1526 2784 In
1558 2722 1883 2784 omnibus,
1966 2722 2084 2785 Re.
2163 2722 2486 2785 Exaltata
2515 2731 2632 2784 est.

1450 2809 1693 2872 Oratio.
1762 2810 2174 2873 Veneranda.
2243 2809 2367 2871 Ad
2388 2820 2638 2871 sextam

1439 2904 1546 2959 ari.
1668 2897 2047 2960 Benedicta.
2150 2904 2251 2977 ps‘:
2352 2895 2635 2960 Defecit.

1448 2983 1597 3066 Cap.
1692 2984 1783 3047 Et
1813 2982 2001 3046 sicin
2035 2979 2233 3064 syon.
2310 2983 2427 3048 Re.
2500 2983 2636 3046 As-

1441 3079 1727 3152 sumpta.
1822 3071 2050 3136 Oratio
2100 3079 2177 3133 ut
2214 3081 2431 3151 supra.
2518 3072 2581 3134 A
2589 3070 2645 3134 d

1443 3179 1681 3221 nonam
1710 3167 1814 3222 an.
1903 3157 2183 3222 Pulchra
2215 3179 2303 3221 es,
2356 3167 2456 3240 ps'.
2507 3159 2636 3221 Mi-

1443 3246 1695 3311 rabilia.
1791 3245 1937 3328 Cap.
2001 3247 2094 3309 Et
2126 3247 2429 3310 radicavi.
2519 3247 2634 3310 Re.

1446 3334 1662 3397 Maria
1710 3332 1914 3416 virg0.
2008 3333 2239 3398 Oratio
2290 3345 2366 3396 ut
2418 3345 2636 3416 supra.

1441 3422 1568 3485 Ad
1582 3421 1916 3502 vesperas.⁴
1974 3420 2345 3504 Assumpta
2368 3429 2488 3485 est.
2530 3431 2633 3501 ps'.

1446 3509 1643 3572 Dixit
1674 3511 2000 3573 dominus
2089 3518 2154 3572 et
2186 3512 2379 3572 ceteri
2386 3509 2641 3592 psalmi
2736 3557 2741 3562 ,

1446 3607 1524 3660 ut
1551 3597 1622 3659 in
1652 3596 1758 3660 die
1783 3597 1879 3660 ad
1903 3608 2198 3679 vesperas
2223 3597 2343 3660 sub
2368 3597 2491 3660 hac
2516 3617 2633 3660 an·

1442 3684 1721 3766 ttpkona.
1864 3683 2007 3766 Cap.
2145 3684 2227 3748 In
2306 3684 2636 3751 omnibus.

1445 3773 1755 3852 Hymnus
1813 3771 1875 3838 Ο
1926 3791 2127 3854 quam
2186 3771 2495 3854 glorifica.
2586 3788 2637 3857 γ

1445 3860 1771 3924 Exaltata
1829 3868 1946 3924 est.
2064 3861 2151 3923 In
2214 3879 2469 3940 evange.
2528 3867 2637 3923 αῆ.

1446 3948 1766 4030 Speciosa
1818 3948 1996 4012 sacta
2047 3967 2119 4010 es
2172 3955 2241 4009 et
2298 3946 2517 4009 suavis
2570 3946 2637 4009 in

1445 4035 1701 4100 deliciis
1723 4035 2121 4116 virginitatis
2140 4041 2373 4096 sancta
2390 4033 2499 4096 dei
2522 4053 2641 4114 ge·-

1447 4123 1651 4186 nitrix
1676 4145 1691 4186 :
1738 4143 1939 4204 quam
1972 4122 2274 4183 videntes
2304 4119 2437 4182 filie
2468 4139 2639 4201 syon

1444 4219 1836 4275 vernantem
1870 4210 1937 4272 in
1984 4207 2256 4270 floribus
2299 4227 2639 4272 rosarum:

1936 4345 1957 4441 Ῐ
1982 4341 2278 4458 {afflata}
2288 4342 2391 4458 §⁸ae
2413 4407 2537 4459 Ns
