3117 4959
1547 237 1650 291 IN
1686 236 1959 293 FESTO

1029 349 1167 406 513

433 475 441 482 ·
503 453 889 517 inferretur:
935 461 1004 515 et
1035 454 1128 515 ita
1171 452 1592 516 observatum
1628 460 1699 516 et

501 544 750 605 factum
821 549 937 604 est.
1054 541 1210 622 Ipse
1270 541 1452 604 enim
1511 541 1696 604 omni

507 629 620 692 illo
667 638 968 710 tempore
1027 629 1308 691 orationi
1367 628 1695 693 vacabat:

505 719 729 798 sicque
762 718 931 778 inter
959 716 1162 779 verba
1197 716 1514 780 orationis
1546 717 1698 780 dor-

2324 349 2455 402 314

1800 452 1989 516 iatur
2053 451 2343 534 hystoria
2462 451 2543 516 Si
2622 449 2811 514 bona.
2904 461 2949 513 cl

1780 542 1923 643 fiat
1964 551 2120 604 tunc
2158 539 2468 604 memoria
2496 539 2585 602 de
2608 548 2819 601 sancto
2850 537 2955 602 ber·

1798 639 1995 797 ‘fuya
2039 717 2219 798 festo
2274 713 2722 782 decollationis
2788 715 2965 780 sancti

507 806 694 868 mivit
725 824 876 868 cum
909 805 1208 886 patribus
1242 803 1396 868 suis,
1489 805 1699 886 Cujus
1776 805 2100 888 johannis
2128 805 2411 887 baptiste.

508 894 876 955 interventu
909 892 1102 955 nobis
1133 913 1174 955 a
1203 893 1332 956 deo
1369 901 1700 974 prestetur

507 980 662 1042 illuc
693 981 1071 1061 pervenire:
1117 979 1230 1042 ubi
1249 980 1569 1062 gaudium
1602 981 1699 1043 in-

508 1067 772 1130 effabile
801 1069 1046 1130 sanctis
1095 1069 1406 1130 omnibus
1436 1068 1697 1131 admin-

507 1157 778 1219 istratur
806 1154 872 1216 in
902 1155 1124 1219 secula
1153 1155 1542 1220 seculorum.
1595 1165 1698 1239 psi

506 1244 606 1306 Te
660 1245 877 1306 deum.
974 1242 1194 1308 Cetera
1241 1243 1320 1306 de
1375 1244 1704 1307 communi

509 1332 708 1394 unius
801 1331 1180 1412 confessoris
1237 1332 1569 1415 ponteficis
1639 1341 1703 1395 et

507 1419 780 1483 doctoris
805 1442 832 1483 .·
879 1440 1022 1482 cum
1083 1421 1372 1482 oratione
1414 1419 1696 1484 Adesto,

512 1513 575 1585 (Ι
625 1507 950 1574 Memoria
1007 1505 1087 1570 de
1143 1516 1362 1570 sancto
1425 1508 1703 1571 hermete

506 1606 806 1675 martyre.
827 1595 1036 1658 oratio
1053 1604 1129 1658 ut
1141 1605 1355 1676 supra.
1385 1596 1484 1658 ad
1493 1606 1699 1677 vespe-

511 1705 624 1747 ras
651 1693 757 1747 aii.
829 1684 1006 1747 Ecce
1035 1683 1358 1747 sacerdos
1419 1692 1483 1746 et
1509 1694 1697 1746 celem

505 1782 629 1834 αῆε
653 1793 796 1834 cum
813 1771 1097 1852 psalmis
1109 1770 1486 1851 ferialibus.
1545 1770 1695 1853 Cap.

507 1859 1068 1924 Benedictionem.
1187 1859 1288 1922 Et
1357 1869 1560 1922 cetera
1618 1860 1698 1922 de

503 1950 831 2010 communi
909 1949 1112 2009 unius
1179 1947 1560 2027 confessoris·
1636 1957 1701 2010 et

362 2043 370 2050 ’
487 2035 832 2118 pontificis.
913 2041 976 2112 (I
1021 2035 1352 2097 Memoria
1372 2036 1451 2097 de
1477 2045 1698 2097 sancto

481 2124 792 2204 johanne.
901 2124 1034 2186 Αῆ.
1148 2123 1455 2185 Herodes
1515 2123 1693 2186 enim

503 2211 844 2274 metuebat
869 2210 1272 2291 johannem:
1305 2211 1516 2273 sciens
1539 2231 1695 2274 eum

501 2299 712 2361 virum
770 2299 1024 2379 justum
1081 2307 1148 2361 et
1201 2307 1557 2362 sanctum:
1627 2308 1695 2362 et

502 2385 920 2450 custodiebat
970 2406 1140 2449 eum.
1231 2403 1280 2472 γ
1345 2385 1573 2452 Gloria
1626 2395 1696 2450 et

501 2475 768 2538 honore.
1445 2475 1693 2539 Oratio.

499 2562 802 2695 Sancti
873 2559 1186 2642 johannis
1259 2561 1552 2644 baptiste
1627 2571 1695 2626 et

625 2651 931 2731 martyris
982 2650 1078 2712 tui
1133 2649 1401 2712 domine
1454 2671 1694 2731 quesu-

503 2758 650 2800 mus
680 2737 1056 2801 veneranda
1090 2737 1411 2801 festivitas
1448 2737 1696 2801 saluta-

501 2827 590 2889 ris
613 2826 842 2888 auxilii
869 2825 1060 2888 nobis
1090 2834 1342 2908 prestet
1365 2825 1691 2889 effectum.

501 2934 621 2997 per
674 2914 1030 2978 Christum.
1126 2918 1189 2990 1[
1235 2914 1567 2976 Memoria
1616 2913 1699 2976 de

500 3011 723 3065 sancta
742 3003 974 3065 sabina
995 3001 1265 3083 virgine.
1290 3001 1350 3064 A
1365 3011 1422 3064 ἢ.
1461 3001 1695 3066 Simile

501 3099 619 3154 est.
711 3107 760 3176 γ
808 3091 1068 3153 Diffusa
1099 3099 1215 3153 est.
1445 3089 1693 3152 Oratio.

500 3181 772 3309 Deus
805 3180 916 3260 qui
951 3181 1121 3241 inter
1151 3185 1368 3240 cetera
1399 3177 1695 3257 potentie

659 3279 772 3329 tue
822 3266 1137 3329 miracula
1186 3266 1385 3328 etiam
1426 3267 1494 3327 in
1525 3285 1693 3328 sexu

505 3355 716 3434 fragili
750 3355 1092 3416 victoriam
1137 3354 1431 3435 martyrii
1462 3362 1696 3416 contu·

505 3442 636 3504 listi
673 3462 688 3504 ε
779 3441 1070 3503 concede
1145 3441 1490 3522 propicius,
1624 3449 1698 3503 ut

502 3530 691 3610 cujus
724 3529 1032 3591 natalicia
1056 3527 1371 3596 colimus:
1419 3547 1538 3609 per
1553 3527 1697 3609 ejus

504 3618 590 3680 ad
625 3625 692 3679 te
738 3615 1050 3696 exempla
1093 3615 1490 3696 gradiamur.
1582 3635 1700 3697 per

503 3704 869 3768 dominum.

509 3800 572 3871 (1
623 3792 711 3857 Si
736 3793 988 3872 festum
1033 3790 1466 3854 decollationis·
1492 3793 1705 3854 sancti

484 3881 807 3966 johannis
880 3879 1152 3960 baptiste
1225 3879 1294 3942 in
1376 3880 1699 3942 dominica

503 3971 784 4034 evenerit
829 3979 1034 4032 totum
1079 3967 1421 4030 servitium
1455 3966 1524 4030 in
1557 3968 1700 4048 ipsa

503 4059 824 4123 dominica
849 4057 992 4139 fiat
1017 4056 1096 4118 de
1123 4065 1342 4119 sancto
1361 4055 1657 4137 johanne
1674 4079 1699 4119 .·

503 4159 565 4212 et
619 4149 726 4212 die
780 4145 1104 4210 dominica
1161 4155 1451 4227 sequente
1503 4143 1701 4226 inerp-

669 4361 682 4389 ¹
709 4366 805 4422 pro
833 4363 847 4384 ⁸
865 4359 1007 4408 tertio
1021 4357 1034 4381 ²
1051 4359 1222 4423 primo
1237 4375 1255 4408 .·
1289 4357 1491 4408 R.N.S.

1796 893 1922 957 Ad
1944 895 2199 957 matuti.
2232 893 2407 957 Invi.
2450 894 2697 975 Justus
2726 892 2963 956 florebit

1780 990 1882 1064 psi.
1997 982 2258 1046 Venite.
2370 982 2706 1062 Hymnus.
2814 981 2967 1044 Deus

1798 1079 2084 1133 tuorum.
2173 1069 2259 1132 In
2288 1070 2519 1132 tertio¹
2556 1079 2863 1132 nocturno
2882 1077 2965 1131 αῆ.

1796 1159 2076 1288 Beati
2120 1158 2436 1240 johannis
2478 1158 2700 1220 virtus
2740 1156 2969 1218 herodis

1944 1245 2169 1309 feritas
2226 1265 2381 1308 cum
2441 1244 2783 1308 refertur:
2842 1264 2969 1307 con·

1797 1353 1990 1396 cussa
2048 1343 2204 1396 sunt
2254 1334 2549 1396 viscera:
2616 1333 2821 1395 corda
2866 1341 2969 1394 tre-

1800 1430 2107 1485 muerunt
2144 1442 2159 1484 :
2248 1431 2317 1484 et
2390 1421 2621 1484 omnis
2712 1419 2972 1501 corporis

1797 1529 2029 1572 sensus
2058 1510 2393 1590 stupendo
2420 1509 2844 1590 aufugerunt.
2889 1515 2969 1587 pi.

1799 1596 2047 1660 Beatus
2154 1598 2271 1664 vir.
2387 1598 2523 1660 Ari.
2660 1591 2971 1658 Precursor

1800 1684 2044 1748 Christi
2071 1683 2435 1766 johannes:
2468 1683 2697 1767 major
2726 1682 2972 1746 homini·

1796 1773 1966 1836 bus:
2040 1793 2162 1854 par
2220 1773 2519 1854 angelis:
2602 1772 2717 1834 hic
2780 1779 2973 1834 tantus

1794 1861 1995 1923 datur
2016 1861 2293 1927 incoetui
2319 1882 2333 1924 ε
2370 1861 2669 1923 traditur
2690 1858 2970 1922 adultere.

1781 1957 1882 2029 pf.
2004 1945 2231 2029 Quare
2314 1946 2751 2010 fremuerunt.
2860 1945 2971 2007 Ae.

1802 2036 2111 2099 Herodes
2168 2035 2439 2099 sicarius
2492 2036 2563 2098 in
2620 2036 2841 2098 cives:
2882 2053 2971 2096 oc·

1797 2125 1971 2186 cisor
1999 2123 2281 2186 filiorum
2312 2144 2327 2186 :
2366 2122 2697 2204 johannis
2740 2121 2973 2203 sangui-

1796 2231 1949 2274 nem
1983 2210 2166 2293 pium
2194 2211 2261 2274 in
2286 2209 2527 2292 poculo
2546 2208 2971 2274 credulitatis*

1798 2300 2156 2362 absorbuit.
2260 2307 2362 2380 pf.
2458 2299 2765 2361 Domine
2820 2295 2969 2379 quid.

1796 2404 1843 2470 γ
1890 2387 2117 2450 Gloria
2148 2395 2215 2450 et
2246 2387 2512 2450 honore.
2716 2385 2911 2448 Lectio
2917 2383 2967 2465 j.

1990 2475 2142 2538 odie
2184 2474 2417 2538 fratres
2458 2473 2835 2538 charissimi
2876 2473 2969 2534 de-

1990 2561 2415 2626 collationem
2440 2563 2663 2626 sancti
2690 2559 2969 2643 johannis
3014 2590 3021 2596 -

1794 2650 2087 2732 baptiste
2127 2649 2385 2713 solenni
2430 2651 2801 2714 devotione
2828 2646 2969 2712 cele-

1797 2739 2117 2801 bramus:
2190 2757 2395 2821 quam
2476 2737 2735 2802 factam
2801 2735 2971 2798 fuisse

1796 2827 1969 2890 circa
2061 2825 2531 2889 solennitatem
2616 2823 2969 2908 paschalem

1796 2914 2177 2996 evangelica
2230 2915 2427 2977 docet
2478 2914 2882 2976 auctoritas:
2920 2919 2971 2970 et

1796 3022 1979 3065 anno
2006 3011 2160 3083 post
2181 3001 2358 3064 hunc
2378 3001 2404 3038 ⁸
2434 3010 2809 3082 sequente:
2849 3017 2971 3062 cum

1796 3091 2020 3154 denuo
2049 3100 2315 3172 tempus
2346 3088 2668 3170 paschale
2718 3088 2971 3150 rediret:

1796 3179 2126 3242 dominice
2202 3178 2530 3258 passionis
2608 3175 2971 3259 mysterium

1800 3286 1944 3328 esse
1974 3264 2401 3348 completum.
2496 3264 2814 3327 Herodes
2842 3279 2973 3340 ergo

1796 3353 2079 3435 alligans
2134 3353 2499 3434 johannem
2562 3353 2797 3434 posuit
2844 3364 2970 3412 eum

1797 3440 1863 3503 in
1918 3461 2263 3504 carcerem.
2372 3439 2507 3521 Qui
2557 3438 2833 3503 vincula
2868 3433 2972 3498 sol-

1798 3538 1983 3592 verat
2060 3537 2539 3610 peccatorum:
2632 3523 2972 3610 peccatoris

1799 3617 2073 3680 vinculis
2156 3616 2517 3697 alligatur:
2610 3625 2695 3680 ut
2782 3615 2971 3676 vincta

1798 3705 2029 3768 venia:
2076 3703 2295 3767 locum
2356 3703 2547 3766 venie
2612 3723 2753 3766 non
2814 3699 2973 3764 relin-

1800 3802 1980 3874 quat.
2069 3792 2185 3855 Re.
2278 3791 2464 3855 Misit
2530 3791 2821 3854 herodes
2874 3806 2969 3850 rex

1802 3900 2039 3944 manus
2086 3901 2160 3943 ac
2209 3879 2425 3943 tenuit
2462 3878 2875 3960 johannem:
2918 3881 2971 3934 et

1800 3969 2019 4031 vinxit
2078 3988 2231 4032 eum
2293 3968 2359 4029 in
2406 3987 2785 4030 carcerem:
2842 3962 2967 4044 quia

1802 4055 2147 4120 metuebat
2196 4075 2349 4118 eum
2411 4065 2692 4136 propter
2744 4048 2968 4117 herodi-

1804 4145 2017 4208 adem.
2095 4143 2315 4226 Quam
2363 4140 2610 4206 tulerat
2651 4142 2833 4206 fratri
2872 4155 2965 4202 suo

2027 4357 2050 4387 ²
2082 4353 2387 4404 crudelitatis
2406 4373 2419 4403 ι
2456 4353 2521 4402 R.
2530 4353 2601 4404 N.
2612 4353 2667 4404 S.

1415 4425 1436 4454 ⁸
1469 4439 1560 4487 pro
1591 4427 1604 4450 ‘
1622 4423 1755 4472 hunc
1774 4421 1787 4445 ‘
1814 4421 1905 4472 hec
1932 4440 1945 4470 z
1982 4421 2184 4472 R.N.S.
