3117 4959
993 224 1096 279 IN
1135 224 1407 279 FESTO
1460 221 2081 279 CONCEPTIONIS
2124 218 2421 275 MARJE.

985 333 1130 387 109

454 458 686 501 omnes
764 437 854 501 illi
931 438 1207 519 triginta
1269 446 1338 502 et
1415 456 1655 500 novem

452 529 573 591 viri
605 548 619 591 :
652 536 719 590 et
744 548 785 589 a
809 526 1008 589 beato
1021 527 1328 609 apostolo
1349 546 1655 608 suscepe-

455 626 609 679 runt
642 615 796 678 fidei
831 624 1260 678 sacramenta.
1354 615 1470 678 Re.
1535 615 1656 677 Vir

453 705 594 767 iste.
688 721 737 789 γ
813 703 1076 766 Dilexit
1136 704 1472 766 andream.
1561 701 1649 764 In

453 791 764 855 laudibus
783 791 892 853 hec
907 790 1044 853 sola
1085 800 1192 855 αῆ.
1243 790 1444 855 Salve
1463 811 1649 854 crux.

441 889 540 962 ps.
655 880 986 942 Dominus
1063 881 1382 961 regnavit.
1497 878 1647 959 Cap.

459 968 679 1032 Corde
743 968 1044 1031 creditur.
1091 968 1290 1048 Hym.
1365 966 1649 1030 Exultet

457 1057 693 1119 celum.
741 1072 789 1142 γ
865 1056 1130 1119 Dedisti
1192 1056 1653 1119 hereditatem.

455 1144 542 1207 In
643 1143 923 1225 evangel.
1013 1152 1163 1206 aria.
1275 1144 1655 1207 Ambulans

455 1232 665 1314 Jesus,
715 1242 816 1314 ps.
887 1232 1302 1295 Benedictus,
1381 1232 1656 1295 Oratio:

459 1321 791 1401 Protegat.
885 1320 1216 1383 Memoria
1247 1320 1325 1382 de
1369 1320 1655 1383 adventu

2292 330 2420 383 110

1760 436 1969 500 marie
2018 446 2266 517 semper
2312 432 2663 497 solenniter
2698 433 2975 497 celebre-

1758 534 1882 588 tur.
1938 525 2025 608 vj.
2102 524 2255 588 idus
2314 523 2661 586 decembris
2680 544 2707 586 .·
2794 524 2981 585 sicut

1754 614 1988 695 duplex
1998 613 2255 695 festum
2263 610 2629 693 principale
2648 634 2673 674 :
2717 611 2791 673 in
2836 632 2975 693 quo

1740 703 1915 781 sesto
1938 702 2157 765 omnia
2186 700 2496 763 dicantur
2534 699 2635 761 ad
2666 710 2977 779 vesperas

1748 789 2221 871 completorium
2296 787 2663 849 matutinas
2718 786 2923 849 horas
2942 810 2973 850 .-

1741 878 2195 960 processionem
2216 900 2239 940 .·
2300 886 2365 938 et
2421 876 2695 938 missam
2718 898 2744 938 .·
2784 875 2971 937 sicut

1758 968 1827 1030 in
1859 966 2211 1029 nativitate
2228 966 2367 1047 ejus
2386 986 2406 1025 :
2440 972 2686 1027 mutato
2705 964 2977 1025 nomine

1757 1055 2136 1117 nativitatis
2166 1053 2235 1116 in
2274 1073 2501 1115 nomen
2542 1051 2975 1133 conceptionis

1756 1153 2009 1225 excepta
2038 1142 2303 1224 legenda
2328 1164 2353 1203 .·
2398 1150 2461 1202 et
2487 1140 2763 1221 psalma
2860 1140 2972 1203 Te

1759 1232 1959 1294 deum
1992 1230 2088 1293 ad
2126 1228 2503 1293 matutinas.
2536 1238 2598 1290 et
2628 1227 2863 1292 Gloria
2896 1230 2967 1290 in

1758 1319 2058 1383 excelsis,
2148 1318 2245 1380 ad
2312 1317 2584 1379 mirsam
2606 1338 2631 1380 .·
2690 1336 2815 1397 que
2894 1317 2971 1379 in

453 1418 519 1470 et
572 1409 652 1471 cle
694 1409 962 1471 domina
984 1430 1008 1471 .·
1072 1417 1136 1470 et
1206 1409 1287 1470 de
1359 1408 1657 1471 omuibus
1742 1408 1919 1488 sesto
1926 1416 2193 1490 propter
2206 1404 2557 1468 adventum
2580 1425 2707 1466 non
2730 1404 2973 1466 dicun—

451 1498 708 1561 sanctis.
785 1497 911 1560 Ad
931 1496 1125 1559 horas
1148 1506 1226 1558 ut
1239 1507 1442 1578 supra
1466 1496 1656 1578 infra

451 1594 712 1648 octavas
740 1606 883 1647 cum
915 1584 1217 1648 oratione.
1315 1586 1438 1647 Pro
1449 1592 1653 1665 tegat.

459 1678 523 1751 ff
569 1674 834 1737 Festum
865 1674 880 1711 ¹
971 1672 1390 1755 conceptionis
1481 1673 1655 1736 beate

555 1860 568 1888 ¹
609 1859 743 1907 llaec
774 1860 947 1907 omnia
989 1874 1024 1906 a
1069 1862 1083 1885 ‘
1103 1858 1302 1907 Festum
1325 1858 1338 1883 ⁸
1387 1874 1540 1923 usque
1592 1860 1665 1907 acl

460 1928 474 1952 ‘
493 1925 654 1973 Lectio
661 1925 700 1987 j
715 1924 728 1947 ’
749 1940 844 1973 ont.
863 1938 882 1973 .·
905 1924 974 1974 E.
988 1924 1106 1974 G.S.

551 1991 572 2019 ²
607 1990 672 2037 In
683 1988 816 2053 fisto
838 1990 1156 2054 conceptionis
1178 1990 1306 2041 beate
1329 1992 1497 2040 marien
1573 1991 1665 2039 Ad

457 2062 682 2117 vesperas
704 2062 822 2103 ana.

453 2122 641 2205 Felix
680 2134 878 2185 nanque
918 2136 972 2169 es
1005 2121 1154 2171 beata
1193 2122 1332 2187 virgo
1367 2122 1524 2171 maria
1559 2138 1657 2187 que

543 2195 593 2237 et
641 2186 895 2251 genitricis
953 2186 1250 2251 dignitatem
1299 2188 1558 2238 obtinuisti
1608 2198 1657 2238 et

457 2253 750 2317 virginalem
791 2252 1082 2317 pudicitiam
1128 2269 1229 2303 non
1267 2254 1490 2304 amisisti.
1569 2261 1649 2319 pf.

457 2319 602 2369 Dixit
623 2318 868 2367 dominus.
943 2324 1028 2369 an.
1091 2318 1250 2384 Virgo
1273 2320 1658 2385 prudentissima

492 2400 558 2434 uo
581 2384 894 2449 progrederis
916 2384 1056 2449 quasi
1079 2400 1256 2435 aurora
1279 2386 1426 2435 valde
1449 2387 1657 2437 rutilans

492 2451 560 2501 lia
581 2466 706 2514 syon
729 2458 836 2499 tota
857 2449 1076 2499 formosa
1099 2458 1146 2500 et
1171 2452 1337 2501 suavis
1361 2460 1413 2503 et
1448 2454 1657 2517 pulchra

457 2526 510 2566 ut
535 2516 654 2565 luna
669 2514 828 2565 electa
849 2524 904 2565 ut
927 2517 1018 2566 sol.
1071 2521 1150 2582 psi.
1215 2518 1520 2569 Confitebor.
1564 2525 1650 2570 ah.

455 2582 644 2632 Anima
665 2597 780 2631 mea
817 2581 1081 2647 liquefacta
1103 2590 1176 2633 est
1198 2590 1252 2633 ut
1287 2585 1496 2634 dilectus
1520 2585 1655 2635 locu·

456 2657 536 2699 tus
559 2656 634 2697 est
674 2647 864 2713 quesivi
889 2654 938 2697 et
959 2664 1062 2697 non
1099 2649 1266 2699 inveni
1301 2651 1446 2701 illum
1479 2652 1655 2701 vocavi

455 2723 506 2764 et
529 2725 632 2763 non
655 2714 912 2779 respondit
935 2714 1059 2764 mihi
1079 2716 1372 2766 invenerunt
1396 2732 1476 2767 me
1491 2726 1655 2767 custo·

455 2780 546 2829 des
582 2779 797 2829 civitatis
835 2791 1180 2845 percusserunt
1218 2798 1301 2832 me
1334 2790 1384 2833 et
1427 2783 1652 2833 vulnera-

455 2854 632 2895 verunt
655 2861 737 2896 me
759 2845 976 2896 tulerunt
999 2847 1210 2912 pallium
1231 2864 1400 2899 meum
1423 2850 1655 2900 custodes

453 2928 708 2962 murorum
730 2911 830 2962 filie
870 2913 1166 2965 hiemsalem
1197 2916 1432 2965 nunciate
1465 2916 1653 2966 dilecto

452 2978 573 3093 ssm
593 2994 763 3028 amore
787 2978 1018 3043 langueo.
1071 2988 1151 3044 pf.
1209 2980 1393 3031 Beatus
1417 2982 1507 3031 vir.
1557 2988 1647 3033 an.

501 3054 586 3094 ota
609 3044 817 3110 pulchra
839 3061 893 3095 es
915 3046 1078 3095 amica
1115 3062 1229 3096 mea
1253 3056 1302 3097 et
1327 3048 1525 3097 macula
1549 3064 1652 3097 non

452 3118 526 3161 est
551 3111 601 3159 in
643 3117 692 3161 te
729 3110 870 3160 favus
905 3112 1153 3162 distillans
1191 3112 1324 3163 labia
1361 3122 1447 3163 tua
1479 3114 1579 3164 mel
1603 3122 1653 3164 et

449 3176 529 3227 lac
555 3177 649 3226 sub
684 3176 855 3241 lingua
893 3184 979 3227 tua
1013 3178 1140 3228 odor
1169 3188 1534 3243 unguentorum
1576 3188 1655 3230 tu·

453 3258 597 3291 orum
612 3258 760 3307 super
773 3244 942 3292 omnia
957 3252 1182 3294 aromata
1195 3244 1298 3309 jam
1318 3246 1452 3296 enim
1475 3246 1653 3311 hyems

452 3308 646 3357 transiit
687 3308 850 3357 imber
884 3309 1008 3359 abiit
1050 3317 1098 3359 et
1140 3312 1338 3361 recessit
1376 3312 1522 3361 flores
1561 3328 1650 3377 ap·

450 3380 720 3438 paruerunt
742 3373 888 3423 vinee
911 3374 1142 3424 florentes
1176 3376 1380 3426 odorem
1405 3378 1651 3429 dederunt

450 3448 500 3489 et
535 3455 634 3489 vox
669 3439 872 3489 turturis
901 3440 1074 3490 audita
1109 3450 1184 3491 est
1225 3443 1276 3491 in
1313 3452 1444 3493 terra
1481 3454 1651 3495 nostra

449 3521 597 3569 suige
639 3520 852 3569 propera
886 3506 1048 3555 amica
1084 3522 1195 3555 mea
1227 3509 1341 3557 veni
1381 3510 1444 3560 de
1478 3509 1650 3561 libano

453 3570 564 3619 veni
606 3570 941 3620 coronaberis·
993 3578 1072 3636 ps.
1137 3572 1216 3623 De
1239 3574 1513 3638 profundis.
1551 3582 1641 3627 an.

449 3638 607 3687 Beata
642 3636 723 3685 dei
768 3636 982 3699 genitrix
1027 3638 1184 3687 maria
1228 3640 1368 3705 virgo
1408 3652 1649 3707 perpetua

449 3701 694 3767 templum
717 3701 910 3751 domini
947 3703 1218 3753 sacrarium
1254 3706 1456 3770 spiritus
1489 3712 1647 3760 sancti

445 3770 554 3819 sola
587 3769 693 3818 sine
733 3768 967 3835 exemplo
1013 3768 1242 3833 placuisti
1283 3772 1489 3823 domino
1525 3776 1647 3839 Jesu

447 3834 650 3885 Christo
673 3850 761 3884 ora
783 3850 876 3899 pro
969 3836 1087 3900 pulo
1127 3836 1369 3888 interveni
1394 3855 1487 3904 pro
1511 3842 1646 3891 clero

447 3901 698 3951 intercede
743 3916 836 3966 pro
913 3910 1064 3952 evoto
1099 3902 1314 3955 femineo
1359 3921 1496 3957 sexu.
1558 3916 1638 3971 ps.

444 3969 723 4017 Memento,
1328 3973 1641 4036 Capitulum.

450 4036 527 4119 Ο
548 4048 698 4097 quam
740 4032 948 4098 pulchra
969 4040 1043 4085 est
1067 4042 1204 4085 casta
1237 4038 1495 4101 generatio
1529 4056 1644 4089 eum

526 4098 752 4149 claritate
787 4098 1132 4151 immortalitas
1157 4102 1475 4165 [immortalis
1501 4125 1514 4155 :
1551 4106 1645 4169 G.]

439 4164 576 4215 enim
599 4174 673 4216 est
706 4166 758 4215 in
795 4166 836 4229 [⁸
855 4166 907 4215 in
927 4166 939 4189 ’
963 4183 1092 4217 om.:
1127 4168 1221 4235 G.]
1247 4171 1488 4220 memoria
1510 4172 1644 4224 illius

439 4231 678 4296 quoniam
711 4238 762 4281 et
802 4232 936 4297 apud
961 4234 1112 4283 deum
1149 4243 1269 4285 nota
1301 4245 1376 4287 est
1417 4246 1467 4287 et
1507 4240 1641 4303 apud

437 4297 682 4347 homines.
755 4298 841 4347 Re.
906 4299 1078 4349 Solem
1098 4300 1306 4364 justitie.
1379 4304 1635 4368 Hymnus.

434 4368 608 4447 Ave
631 4364 782 4413 maris
819 4364 967 4414 stella
1005 4366 1086 4416 dei
1123 4376 1284 4419 mater
1319 4370 1454 4420 alma
1490 4378 1641 4435 atque

544 4446 742 4495 semper
763 4431 903 4495 virgo
927 4432 1044 4483 felix
1070 4434 1164 4485 celi
1191 4442 1350 4499 porta.
1427 4438 1641 4487 Sumens

1757 1506 1885 1558 tur.
1915 1495 2038 1560 Ad
2052 1494 2307 1557 matuti.
2633 1491 2855 1555 Loetio
2865 1494 2967 1574 j.²

1767 1585 1883 1717 C
1903 1583 2211 1685 onceptio
2242 1580 2619 1683 yeneranda
2638 1580 2747 1682 dei
2772 1580 2977 1661 geni·

1905 1681 2085 1735 tricis
2109 1680 2177 1734 et
2200 1690 2473 1752 Virginis
2495 1689 2699 1732 marie
2724 1668 2977 1732 fratres

1760 1858 1883 1907 illud
1920 1874 2012 1909 ave
2048 1858 2283 1923 gabrielis
2318 1872 2406 1906 ore
2446 1856 2599 1905 funda
2642 1872 2734 1904 nos
2758 1856 2807 1904 in
2836 1872 2975 1919 pace

1758 1934 1955 1975 mutans
1978 1940 2161 1974 nomen
2184 1940 2291 1975 eve.
2364 1924 2517 1973 Solve
2540 1922 2702 1971 vincla
2726 1922 2825 1971 reis
2850 1938 2971 1985 pro·

1758 1990 1831 2040 fer
1868 1992 2033 2041 lumen
2084 1992 2213 2041 cecis
2256 1990 2386 2038 mala
2424 1996 2595 2038 nostra
2646 1988 2780 2053 pelle
2829 1989 2971 2036 bona

1758 2066 1935 2107 cuneta
1980 2074 2148 2123 posce.
2240 2058 2471 2105 Asonstra
2506 2063 2556 2104 te
2600 2068 2709 2103 esse
2746 2063 2967 2102 matrem

1758 2132 1921 2173 sumat
1954 2139 2047 2188 per
2081 2132 2131 2173 te
2168 2138 2337 2187 preces
2378 2121 2463 2186 qui
2500 2136 2591 2185 pro
2631 2118 2776 2168 nobis
2808 2128 2967 2169 natus

1756 2190 1869 2239 tulit
1914 2206 2021 2239 esse
2062 2200 2187 2239 tuus.
2293 2188 2445 2252 Virgo
2500 2186 2765 2251 singularis
2830 2185 2909 2234 int
2939 2202 2965 2235 r

1756 2272 1931 2307 omnes
1956 2256 2090 2306 mitis
2114 2272 2206 2305 nos
2230 2253 2389 2319 culpis
2421 2253 2611 2303 solutos
2636 2252 2782 2300 mites
2806 2251 2888 2300 sac
2912 2260 2965 2301 et

1757 2330 1934 2371 oestos.
2020 2322 2181 2372 Vitam
2218 2330 2383 2387 presta
2406 2334 2580 2383 puram
2604 2317 2701 2371 iter
2734 2333 2861 2382 para
2884 2326 2975 2367 iu-·

1756 2396 1861 2437 tum
1886 2396 1941 2438 ut
1964 2390 2193 2439 videntes
2212 2388 2384 2452 Jesum
2420 2399 2619 2449 semper
2639 2382 2957 2433 colletemur.

1756 2454 1835 2504 Sit
1874 2456 1983 2505 laus
2017 2456 2114 2504 deo
2153 2454 2279 2520 patri
2318 2468 2515 2502 summo
2554 2450 2761 2500 Christo
2800 2450 2962 2499 decus

1754 2522 1948 2585 spiritui
1984 2530 2156 2571 sani-to
2194 2520 2348 2570 trinus
2388 2518 2550 2567 honor
2587 2532 2733 2565 unus.
2785 2531 2955 2565 amen.

1762 2590 1807 2652 Υ
1834 2588 1953 2637 Post
1977 2596 2191 2653 partum.
2237 2587 2304 2635 In
2321 2584 2569 2647 evangelio
2589 2590 2677 2631 an.
2716 2580 2959 2630 Gloriose

1755 2654 1961 2718 virginis
1983 2655 2137 2703 marie
2174 2658 2471 2715 conceptum
2496 2650 2849 2713 dignissimum
2884 2664 2961 2696 re-

1756 2719 1977 2771 colamus
2000 2720 2139 2783 cujus
2172 2719 2407 2769 dominus
2438 2716 2775 2765 humilitatem
2801 2714 2959 2777 respi-

1753 2787 1890 2837 ciens
1932 2786 2113 2851 angelo
2150 2785 2417 2835 nunciante
2452 2781 2684 2846 concepit
2726 2780 2958 2843 redemp-

1754 2861 1913 2903 torem
1937 2852 2127 2902 mundi.
2189 2858 2269 2915 ps.
2342 2847 2656 2912 Magnificat.
2760 2846 2952 2895 Omtrb.

1752 2919 2225 3005 supplicationem
2283 2930 2539 2967 servorum
2582 2922 2781 2963 tuorum
2830 2912 2960 2960 dens

1837 2985 2095 3035 miserator
2128 2983 2308 3034 exaudi
2348 2989 2405 3031 ut
2462 2981 2512 3029 ui
2537 2981 2589 3029 in
2620 2978 2957 3043 conceptione

1752 3046 1834 3099 dei
1859 3049 2194 3115 [‘genetricis'
2214 3050 2337 3099 add:
2364 3048 2424 3096 E.
2485 3048 2523 3109 .]
2542 3054 2592 3095 et
2608 3044 2815 3109 virginis
2835 3060 2957 3092 con·

1750 3128 2017 3180 gregamur
2052 3117 2159 3180 ejus
2194 3112 2633 3165 intercessionibus
2670 3109 2959 3175 comptam·

1752 3188 1831 3231 tus
1852 3199 1885 3231 a
1908 3192 1957 3232 te
1994 3184 2059 3233 de
2094 3182 2395 3233 instantibus
2428 3178 2666 3244 periculis
2702 3192 2955 3227 eruamur.

1754 3248 1849 3298 Per
1870 3250 2085 3299 eundern
2108 3250 2248 3299 dnm.

1754 3312 1797 3363 G
1823 3315 1915 3363 Ad
1944 3315 2309 3381 completorium
2346 3320 2405 3361 ut
2439 3316 2650 3361 notatur
2676 3314 2791 3374 post
2810 3308 2951 3371 psal-

1752 3383 1938 3431 terium
1967 3382 2047 3446 fh.
2099 3382 2262 3447 lxx-vj.
2306 3380 2427 3444 [‘f0.
2476 3376 2663 3440 lxx-ij
2700 3392 2824 3426 om„-
2868 3374 2957 3436 G.]

1749 3448 1842 3496 Ad
1908 3450 2104 3497 matuti.
2192 3448 2386 3497 Invita.
2480 3443 2654 3493 Corde
2716 3450 2769 3491 et
2826 3454 2958 3489 voce

1750 3514 1897 3563 simul
1939 3515 2193 3565 Christum
2218 3528 2385 3577 regem
2422 3524 2719 3562 veneremur
2741 3506 2959 3571 virginis

1748 3588 1799 3629 et
1832 3580 2003 3630 matris
2038 3580 2307 3647 jubilemus
2344 3576 2502 3627 nobili
2536 3582 2799 3639 conceptu.
2868 3578 2951 3639 pi.

1750 3646 1949 3696 Venite.
2028 3648 2279 3711 Hymnus.
2343 3646 2455 3695 Ave
2480 3642 2631 3692 maris
2655 3640 2819 3691 stella.
2886 3644 2955 3690 In

1732 3713 1783 3775 j.
1812 3720 2052 3762 nocturno
2074 3718 2161 3762 αῆ.
2236 3711 2409 3761 Hodie
2430 3714 2680 3770 concepta
2702 3714 2777 3757 est
2800 3706 2957 3759 beata

1748 3778 1889 3843 virgo
1913 3779 2069 3828 maria
2106 3796 2169 3829 ex
2210 3777 2448 3843 progenie
2484 3773 2643 3827 david
2680 3789 2773 3838 per
2797 3788 2953 3839 quam

1747 3846 1878 3895 salus
1936 3846 2108 3894 mundi
2154 3844 2474 3894 credentibus
2526 3839 2776 3908 apparuit.
2868 3847 2949 3904 ps.

1748 3910 1967 3961 Domine
1984 3912 2215 3960 dominus
2237 3919 2420 3960 noster.
2492 3914 2577 3959 aa.
2654 3905 2955 3956 Beatissime

1745 3978 1949 4042 virginis
1998 3978 2153 4027 marie
2191 3976 2573 4041 conceptionem
2625 3971 2953 4023 devotissime

1744 4043 2055 4093 celebremus
2078 4051 2132 4093 ut
2156 4044 2265 4108 ipsa
2287 4058 2379 4107 pro
2402 4042 2551 4093 nobis
2572 4038 2857 4090 intercedat
2888 4039 2951 4088 ad

1744 4108 2001 4159 dominum
2026 4110 2175 4160 deum
2200 4116 2438 4158 nostrum.
2500 4114 2582 4172 ps.
2658 4104 2775 4156 Celi
2808 4120 2952 4154 enar-

1744 4186 1869 4225 rant.
1942 4180 2028 4225 αῆ.
2126 4175 2345 4239 Quando
2388 4180 2635 4239 concepta
2684 4177 2763 4221 est
2808 4170 2951 4235 virgo

1744 4242 2075 4291 sacratissima
2110 4250 2228 4291 tunc
2268 4240 2577 4290 illuminatus
2612 4246 2691 4289 est
2734 4237 2951 4286 mundus

1744 4308 1893 4373 stirps
1937 4310 2085 4358 beata
2130 4308 2271 4357 radix
2316 4314 2488 4357 sancta
2543 4313 2594 4355 et
2654 4303 2951 4354 benedictus

1742 4373 1929 4423 fruetus
1952 4375 2137 4423 ventris
2160 4374 2293 4437 ejus:
2325 4380 2405 4438 ps.
2460 4372 2671 4421 Domini
2696 4379 2775 4420 est
2797 4375 2941 4419 terra.

1744 4430 1791 4504 Ῡ
1818 4441 2001 4491 Sancta
2026 4441 2107 4491 dei
2130 4440 2360 4506 genitrix.
2433 4439 2534 4489 add
2559 4458 2572 4489 z
2608 4438 2812 4488 E.G.S.
