3117 4959
882 285 1160 342 INDEX
1203 285 1832 344 RESPONSORIOR
1843 285 1980 341 ΠΜ.

90 406 98 415 “
738 393 879 450 881

88 418 98 492 'E
226 503 404 554 Summe
424 498 631 550 trinitate
652 495 865 561 simplici
886 496 1001 558 dec,
1030 507 1129 562 524

226 569 366 633 Super
384 579 539 615 muros
558 571 668 613 tuos
688 563 1002 624 hiemsalem,
1030 562 1089 612 61
1103 573 1123 613 1

222 633 363 697 Super
380 631 577 681 salutem
598 636 647 678 et
668 643 867 678 omnem
892 631 985 691 (1),
1014 627 1111 692 578

222 699 363 763 Super
376 695 569 746 salutem
590 701 637 744 et
655 708 847 745 omnem
873 695 961 758 (2),
988 693 1087 757 483

224 763 361 827 Super
379 769 425 810 te
443 759 731 810 hierusalem
754 777 767 809 ε
802 759 1019 820 Orietur,
1055 759 1133 819 18,
1158 760 1259 822 679

220 828 410 891 surgens
423 825 565 890 jesus
585 825 815 875 dominus
836 833 1019 885 noster,
1047 825 1147 903 416

92 863 102 945 l
220 893 356 956 Surge
364 898 494 956 petre
511 897 559 940 et
578 891 727 940 indus
746 891 1131 952 tevestimentis,
1158 901 1259 954 434

94 950 100 999 'b
222 956 417 1009 Surrexit
436 956 527 1005 dns
548 957 613 1006 de
638 957 918 1021 sepulchro,
945 955 1047 1019 436

92 1013 98 1080 ἶ
216 1021 413 1074 Surrexit
433 1021 525 1071 dns
545 1037 659 1072 vere
680 1041 693 1072 1
725 1021 863 1071 All’a
883 1022 1017 1082 all’a,
1042 1021 1144 1086 436

214 1087 411 1140 Surrexit
430 1094 595 1152 pastor
614 1087 776 1137 bonus
796 1087 901 1153 qui,
926 1087 1027 1151 416

216 1153 399 1217 suscipe
418 1153 619 1203 verbum
641 1152 797 1218 virgo,
826 1167 895 1214 40

212 1219 465 1296 &serpens
481 1218 659 1282 Jesum
683 1219 742 1268 in
764 1219 931 1279 ulnas,
964 1228 1058 1282 179

211 1284 517 1340 Susunuimus
534 1299 714 1348 pacem
737 1293 787 1335 et
810 1298 930 1346 non,
958 1284 1056 1334 612

210 1349 571 1414 Symmjustm
590 1357 639 1400 et
658 1350 937 1412 timoratus,
972 1349 1065 1413 178

203 1415 515 1482 &avarem
529 1422 795 1482 amquam
814 1417 873 1467 de
895 1417 1036 1478 navi,
1063 1428 1162 1480 349

196 1611 361 1662 Tactus
381 1612 529 1662 david
553 1611 730 1664 dolore
747 1612 921 1674 nimio,
948 1612 1045 1691 565

195 1676 436 1742 Tanquam
456 1679 521 1728 ad
545 1679 795 1728 latronem
818 1679 1005 1739 existis,
1034 1691 1126 1743 391

202 1741 372 1792 Tantas
383 1751 479 1810 per
496 1744 651 1794 illum
674 1745 924 1805 dominus,
950 1745 1050 1794 608

193 1805 257 1857 Το
276 1809 471 1860 laudant
493 1809 667 1874 angeli
690 1811 849 1860 sancti
872 1809 972 1872 dei,
1006 1822 1117 1876 132,
1143 1807 1237 1860 681

203 1873 246 1922 Τ
236 1889 260 1922 e
282 1881 501 1924 sanctum
522 1876 793 1925 dominum
814 1878 871 1926 iu
895 1877 1105 1937 excelsis,
1129 1876 1250 1942 580,
1275 1877 1369 1940 651

192 1937 459 2003 Temptavit
480 1941 607 1990 deus
629 1942 890 2002 abraham,
918 1942 1018 1992 260

190 2002 391 2069 Tempus
410 2014 489 2057 est
511 2014 569 2057 ut
590 2014 831 2069 revertar,
856 2007 974 2068 482,
1004 2017 1099 2072 593

188 2068 397 2120 Tenebre
420 2072 549 2122 facte
572 2081 695 2123 sunt
717 2074 856 2134 dum,
885 2085 981 2136 394

190 2134 426 2187 Terribilis
448 2145 523 2188 est
548 2139 695 2188 locus
716 2137 811 2189 iste
834 2155 937 2188 non
959 2147 1050 2198 est,
1080 2139 1177 2188 652

183 2199 387 2252 Thomas
408 2219 619 2254 manum
644 2203 801 2254 'mittit
824 2205 889 2254 ad
912 2205 1071 2264 fortia,
1108 2217 1199 2253 122

182 2264 285 2316 'ribi
306 2268 413 2318 laus
436 2287 451 2318 1
486 2270 809 2334 tibi'gloria:
844 2269 955 2333 tibi,
984 2280 1079 2335 525

180 2331 312 2382 Tolle
332 2350 471 2384 arma
494 2344 585 2385 tua
604 2336 915 2402 pharetram,
942 2345 1038 2398 297

176 2397 347 2450 Tollite
371 2400 491 2451 hinc
510 2402 784 2451 vobiscum
806 2417 1030 2462 munera,
1058 2401 1157 2465 316

182 2463 341 2514 Tollite
344 2467 543 2543 jrcgum
568 2483 741 2518 meum
761 2475 911 2532 super
928 2483 1028 2527 vos,
1057 2479 1087 2529 3

174 2528 294 2580 Tota
314 2531 395 2581 dre
418 2533 769 2592 contristatus,
798 2532 896 2596 348

87 2607 90 2612 ·
180 2594 511 2648 Tradiderunt
530 2606 743 2664 corpora
762 2615 871 2659 sua,
902 2609 961 2662 31

170 2659 497 2719 Tradiderunt
521 2679 607 2714 me
632 2665 691 2714 in
712 2680 905 2724 manuS,
932 2675 1029 2727 392

170 2725 278 2776 Tria
298 2737 415 2778 sunt
438 2745 677 2790 munera,
711 2729 803 2780 166

168 2791 445 2844 Tribularer
467 2794 512 2846 si
537 2794 807 2856 nescirem,
838 2795 934 2857 278

170 2855 535 2912 Tribulationes
559 2861 844 2923 civitatum,
874 2871 969 2925 593

1963 393 2124 450 882

1472 494 1728 546 Velociter
1747 496 1946 557 evraudi,
1975 509 2072 549 212

1472 563 1658 612 Velum
1681 562 1857 628 templi
1879 563 2086 614 scissum
2107 569 2198 624 est,
2227 575 2326 626 390

1482 627 1764 678 Venerande
1782 629 1897 678 estis
1916 628 2136 693 virgins
2155 637 2334 689 sancte,
2365 639 2422 690 71

1471 693 1604 742 Veni
1627 695 1692 742 ad
1717 692 2029 744 liberandum
2053 710 2160 754 nos,
2194 705 2272 756 17,
2300 695 2399 756 678

1470 759 1602 808 Veni
1627 760 1742 808 Due
1765 767 1816 810 et
1837 759 1942 809 noli
1965 760 2174 820 tardare,
2201 773 2268 820 42

1482 824 1610 874 Veni
1627 826 1771 874 electa
1793 841 1900 874 mea
1921 832 2167 888 etponam
2191 829 2280 887 (1),
2309 826 2376 889 63

1482 887 1610 940 Veni
1626 892 1770 940 electa
1793 907 1898 940 mea
1919 897 2165 956 etpmam
2188 894 2278 952 (2),
2305 891 2402 953 481

1471 955 1693 1006 Veniens
1714 972 1746 1006 a
1765 955 1938 1006 libano
1993 972 2124 1016 uam,
2153 969 2252 1019 432

1485 1021 1632 1070 Venit
1652 1021 1864 1071 michael
1880 972 2204 1086 arcssangelus
2225 1037 2356 1082 cum,
2387 1022 2483 1087 584

1472 1087 1644 1136 Verbo
1664 1086 1755 1137 dui
1776 1087 1871 1137 celi
1893 1086 2074 1138 firmati
2095 1094 2224 1148 sunt,
2256 1087 2352 1153 528

1472 1149 1696 1202 Verbum
1717 1169 1834 1202 caro
1856 1152 2041 1203 factum
2063 1160 2138 1204 est
2163 1157 2254 1216 (1),
2285 1165 2348 1216 79

1472 1217 1696 1268 Verbum
1717 1234 1834 1268 caro
1855 1220 2040 1269 factum
2062 1226 2136 1269 est
2161 1222 2252 1282 (2),
2280 1233 2348 1282 9ο

1472 1282 1695 1334 Verbum
1719 1284 1945 1349 iniquum
1967 1293 2018 1334 et
2041 1285 2287 1347 dolosum,
2317 1286 2414 1350 578

1473 1350 1604 1400 Vere
1625 1348 1858 1400 dominus
1879 1358 1954 1400 est
1976 1350 2028 1400 in
2050 1351 2164 1400 loco
2186 1350 2298 1410 ist0,
2327 1364 2426 1413 299

1483 1415 1600 1466 Vere
1606 1415 1808 1478 felicem
1819 1416 2067 1480 presulem
2085 1432 2213 1476 vere,
2241 1416 2340 1467 218

1484 1481 1776 1546 Veriloquus
1796 1489 1930 1531 vates
1951 1481 2246 1543 cuthbertus,
2275 1492 2371 1544 227

1472 1545 1604 1595 Vide
1626 1546 1744 1611 quia
1765 1547 1973 1597 tribulor
1993 1547 2246 1608 velociter,
2273 1558 2374 1611 350

1470 1611 1728 1662 Videbunt
1751 1627 1926 1662 omnes
1947 1612 2260 1677 stephanum,
2287 1625 2352 1676 94

1471 1677 1730 1728 Videbunt
1751 1686 1924 1742 gentes
1941 1677 2146 1741 justum,
2175 1687 2238 1742 53

1484 1743 1659 1793 Videres
1679 1759 1790 1808 ergo
1797 1742 2003 1808 flentem
2026 1745 2262 1806 mariam,
2288 1757 2386 1806 402

1482 1809 1662 1858 Videm-
1681 1825 1791 1873 ergv
1811 1809 1899 1858 vir
1917 1809 2097 1870 beams,
2127 1809 2224 1860 216

1472 1873 1666 1924 Videns
1683 1873 1834 1938 jacob
1855 1875 2167 1936 vestimenta,
2195 1887 2292 1938 314

1471 1939 1716 1990 Videntes
1732 1940 1912 2005 joseph
1935 1956 1966 1990 a
1987 1942 2150 2005 longe,
2219 1954 2277 1991 12

1472 2005 1716 2056 Videntes
1737 2006 1933 2056 stellam
1955 2007 2107 2071 magi,
2140 2019 2160 2056 1
2203 2015 2231 2072 5

1471 2069 1718 2121 Viderunt
1741 2079 1790 2120 te
1813 2087 1940 2136 aque
1961 2073 2102 2132 deus,
2126 2083 2226 2136 452

1484 2137 1626 2187 Vides
1646 2155 1676 2187 0
1680 2137 1856 2202 frater
1873 2139 2070 2187 luciane
2089 2139 2175 2187 hos
2195 2139 2425 2200 calathos,
2452 2149 2548 2204 445

1485 2203 1648 2253 Videte
1669 2203 1970 2253 miraculum
1983 2218 2002 2252 .·
2034 2211 2192 2253 mater
2209 2205 2316 2267 diti,
2352 2215 2445 2270 179

1472 2267 1593 2318 Vidi
1615 2268 1869 2319 civitatem
1891 2276 2131 2331 sanctam,
2158 2268 2259 2321 660

1484 2334 1598 2383 Vidi
1615 2334 1898 2400 conjunctos
1916 2336 2067 2394 viros,
2094 2349 2130 2396 4

1472 2399 1591 2448 Vidi
1614 2399 1872 2450 dominum
1895 2399 2022 2450 facie
2038 2402 2105 2450 ad
2127 2401 2320 2462 faciem,
2349 2415 2440 2466 301

1471 2464 1593 2514 Vidi
1616 2466 1738 2515 di'rm
1761 2467 2017 2517 sedentem
2039 2482 2187 2531 super
2208 2467 2405 2527 solium,
2431 2469 2532 2518 610

1472 2530 1594 2580 Vidi
1617 2531 1914 2581 hierusalem
1937 2532 2338 2593 descendentem,
2365 2547 2464 2597 432

1472 2595 1592 2645 Vidi
1615 2603 1812 2662 portam
1834 2597 2047 2647 civitatis
2069 2599 2132 2646 ad
2157 2598 2417 2658 orientem,
2445 2611 2536 2662 431

1482 2661 1604 2712 Vidi
1620 2663 1874 2726 speciosam
1894 2663 2021 2712 sicut
2039 2664 2328 2724 columbam,
2353 2674 2454 2728 479

1484 2728 1669 2777 Παῖς-ἐι·
1685 2729 1881 2777 domine
1901 2735 1948 2776 et
1967 2729 2240 2793 expectasti,
2275 2729 2368 2779 188

1470 2791 1633 2844 Vinea
1655 2809 1768 2844 mea
1788 2794 1949 2845 electa
1969 2809 2065 2857 ego
2087 2801 2153 2854 te,
2183 2806 2212 2858 3

1470 2858 1561 2909 Vir
1583 2859 1648 2910 ad
1670 2859 1747 2908 sui
1767 2858 1976 2924 gloriam
1999 2858 2145 2920 redit,
2273 2877 2309 2909 n

87 2975 89 2980 .
174 2922 401 2976 Mticia
422 2934 599 2976 vestra
622 2925 761 2976 all'a.
829 2927 1155 2978 Con-vertetur
1172 2927 1247 2988 in,
1276 2936 1376 2992 250
1482 2924 1577 2974 Vir
1594 2925 1668 2973 ad
1681 2926 1768 2974 sui
1778 2925 1996 2988 glon'am
2017 2925 2158 2985 redit,
2186 2937 2286 2991 299

87 3015 90 3032 ι
162 2987 328 3041 Tristis
350 2999 429 3042 est
453 2993 639 3042 anima
662 3008 791 3052 mea,
822 3002 917 3056 377

87 3055 90 3082 ⁵
168 3054 238 3103 Tu
257 3072 305 3106 es
312 3063 503 3121 pastor
522 3059 703 3109 om‘um
716 3059 966 3124 princeps,
994 3069 1143 3122 20511,
1176 3069 1274 3122 354

162 3119 234 3169 Tu
250 3131 499 3188 &petrus
520 3131 574 3174 et
591 3131 749 3189 super
767 3123 897 3173 hanc
908 3131 1123 3189 petram,
1154 3135 1252 3187 350

87 3205 89 3208 ’
162 3185 296 3238 Tu.es
318 3204 413 3239 vas
433 3189 699 3240 electionis
719 3197 883 3239 sancte
894 3191 1065 3256 paule,
1100 3189 1191 3238 162

154 3250 223 3302 Tu
244 3270 499 3321 exurgens
526 3255 779 3316 Domine,
813 3254 871 3305 18

150 3316 249 3370 Tua
270 3329 349 3372 est
371 3322 627 3388 potentia
649 3329 791 3371 tuum
816 3335 1022 3385 regnum
1046 3320 1163 3378 dfie,
1191 3319 1284 3370 601

154 3385 307 3436 Tuam
328 3405 541 3438 crucem
566 3388 843 3437 adoramus
863 3387 1071 3445 domine,
1103 3395 1197 3450 555

148 3448 383 3504 Tulerunt
406 3453 697 3504 dominum
720 3469 885 3502 meum
910 3459 979 3512 et,
1006 3463 1105 3516 413

144 3514 269 3569 Tulit
292 3535 424 3585 ergo
450 3519 726 3579 dominus,
755 3530 853 3581 233

143 3714 235 3767 Ubi
256 3724 335 3769 est
361 3718 491 3769 abel
518 3717 685 3768 frater
704 3724 838 3776 tuus,
866 3726 961 3780 235

136 3780 245 3832 Una
264 3784 403 3836 hora
426 3800 547 3835 non
574 3782 829 3849 potuistis,
856 3792 955 3846 379

138 3845 273 3899 Unus
296 3866 365 3901 ex
390 3848 681 3914 discipulis
704 3847 846 3907 meis,
874 3847 973 3911 378

132 3911 267 3967 Unus
291 3917 459 3982 panis
484 3924 547 3967 et
572 3929 733 3966 unum
756 3929 953 3992 corpus,
982 3922 1078 3978 537

130 3971 413 4048 Usquequo
438 3980 765 4033 exaltabitur
786 3979 1031 4040 immicus,
1064 3988 1159 4042 353

126 4042 333 4100 Utinam
358 4046 800 4114 appenderentur
822 4052 1045 4111 peccata,
1074 4043 1171 4108 584

124 4243 246 4296 Vade
268 4245 502 4296 anania
526 4249 583 4293 et
602 4259 745 4309 quere
764 4245 985 4304 saulum,
1020 4243 1111 4308 163

116 4309 237 4362 Vade
262 4313 503 4362 luciane
526 4315 585 4359 et
602 4309 681 4359 dic
691 4309 929 4376 johanni,
958 4321 1057 4372 442

108 4374 263 4428 valde
290 4375 663 4427 honorandus
684 4383 759 4425 est
782 4376 831 4425 b.
858 4375 1123 4440 johanneS‚
1156 4386 1249 4435 104

114 4439 359 4495 Valen'us
384 4441 585 4507 egitur
602 4441 843 4508 episcopus
864 4449 909 4491 et
929 4441 1093 4501 levita,
1129 4453 1147 4490 1
1158 4451 1185 4504 5
1196 4453 1215 4490 1

232 4541 435 4594 VOL.
477 4538 569 4590 11.

86 4673 145 4950 11

1480 2990 1575 3040 Vir
1591 2990 1689 3040 dai
1706 2990 1986 3040 cuthbertus
2007 2990 2182 3052 maris,
2209 3001 2307 3056 225

1479 3055 1576 3105 Vir
1593 3056 1800 3106 inclitus
1821 3057 1890 3106 N.
1921 3063 2117 3121 martyr
2134 3057 2230 3118 dei,
2257 3071 2315 3106 21

1480 3121 1573 3170 Vir
1591 3122 1814 3172 israelita
1827 3123 1992 3186 gaude
2013 3123 2198 3173 coheres
2226 3124 2430 3184 Christi,
2460 3138 2525 3186 42

1476 3187 1574 3237 Vir
1593 3188 1680 3238 iste
1701 3189 1760 3238 in
1774 3189 1955 3252 populo
1974 3204 2063 3237 suo
2085 3189 2395 3250 mitissimus,
2423 3203 2489 3253 92

1479 3253 1574 3302 Vir
1583 3253 1792 3318 perfecte
1803 3254 2008 3318 pretatis
2028 3262 2074 3303 et
2094 3255 2213 3316 dux,
2243 3254 2305 3319 85

1478 3318 1964 3384 Wrgvflagellatur:
1995 3321 2268 3370 crucianda
2274 3320 2436 3385 fame,
2465 3331 2562 3385 723

1480 3385 1624 3449 Virgo
1637 3385 1855 3462 glorima
1877 3393 2062 3450 semper
2078 3387 2383 3451 evangelium
2388 3379 2416 3447 ,'
2429 3388 2528 3450 708

1464 3450 1624 3528 Virgo
1645 3451 1790 3500 lsrael
1813 3459 2071 3510 revertere,
2100 3453 2159 3501 61

1466 3515 1576 3564 Vin
1597 3516 1765 3580 galilei
1787 3517 1909 3594 quid
1929 3517 2262 3577 admiramini,
2287 3530 2386 3582 492

1466 3581 1578 3631 Viri
1601 3581 1742 3646 impii
1765 3582 1995 3633 dixerunt
2012 3583 2373 3648 opprimamuS,
2399 3596 2490 3650 371

1480 3647 1598 3696 Viri
1613 3648 1778 3697 sancti
1787 3649 2074 3712 gloriosum,
2103 3661 2168 3712 30

1465 3713 1664 3763 Virtute
1687 3729 1870 3778 magna
1889 3715 2184 3775 reddebant,
2209 3725 2306 3780 415

1480 3780 1677 3829 Virtute
1699 3795 1884 3844 magna
1906 3781 2179 3840 reddebant,
2208 3781 2308 3832 266

1465 3844 1653 3894 Vivum
1675 3845 1905 3895 Christus
1925 3846 2039 3895 oleo
2060 3853 2181 3908 tam,
2213 3847 2344 3909 184n

1478 3910 1660 3960 Vivum
1689 3909 1922 3960 Christus
1941 3911 2036 3960 oleo
2055 3918 2177 3970 tam,
2205 3923 2304 3974 302

1462 3975 1676 4026 Vocavit
1698 3976 1904 4040 angelus
1924 3975 2013 4025 dfii
2035 3977 2290 4038 abraham,
2317 3979 2417 4028 260

1461 4041 1651 4092 Volens
1673 4057 1770 4091 noe
1791 4041 1917 4092 scire
1938 4041 1980 4091 si
1997 4041 2121 4105 jam,
2149 4043 2248 4102 248

1460 4106 1748 4158 Voluntatis
1769 4106 1955 4157 trutina
1975 4122 2078 4157 11011
2101 4109 2240 4172 legis,
2275 4109 2406 4159 18οη

1471 4173 1751 4224 Voluntatis
1772 4174 1972 4222 trutina
1994 4189 2096 4222 non
2115 4174 2249 4236 legin
2280 4175 2376 4238 298

1456 4239 1562 4288 Vos
1585 4238 1670 4304 qui
1695 4237 1942 4289 transituri
1965 4239 2084 4290 estis
2100 4239 2380 4304 jordanem,
2411 4253 2507 4306 334

1452 4438 1497 4488 Z
1496 4453 1547 4488 oe
1569 4452 1698 4488 uxor
1719 4437 2027 4499 nichostrata,
2063 4438 2154 4502 138

2243 4537 2276 4600 3
2330 4533 2386 4583 Μ
