3117 4959
759 222 821 276 S.
874 215 1351 275 MICHAELIS
1394 216 1966 272 ARCHANGELJ.

636 329 793 386 388

90 437 223 504 sed
258 433 673 520 signaculum
722 429 1172 496 similitudinis
1200 429 1305 493 di-

90 529 315 592 citur:
346 533 423 588 ut
447 523 603 606 quia
634 523 700 584 in
734 541 815 584 eo
833 519 1167 584 subtilior¹
1204 525 1308 580 est

94 625 387 680 natura:
434 611 560 674 eo⁹
609 611 677 672 in
728 608 913 671 illum
946 609 1169 688 imago
1200 605 1308 669 dei

92 703 388 768 similius
402 699 769 762 insinuetur
786 715 1119 778 expressa.
1152 693 1308 776 Quo

92 791 167 855 in
228 789 381 852 loco
440 806 603 849 mox
656 785 976 848 subditur.
1068 780 1309 846 Omnis

92 879 277 960 lapis
309 875 645 958 preciosus
688 871 1174 954 operimentum
1205 878 1311 933 tu-

94 987 237 1030 um.
276 964 555 1030 Sardius
584 961 885 1042 topazius
916 967 986 1022 et
1012 957 1309 1039 yaspis³:

94 1053 479 1118 crisolitus:
547 1050 712 1112 onix
748 1069 763 1112 :
826 1055 895 1110 et
958 1043 1311 1109 berillus⁴:

96 1140 463 1225 sapphirus
483 1137 509 1175 ⁵
535 1159 550 1201 :
576 1133 1013 1200 carbunculus
1042 1144 1112 1197 et
1134 1153 1310 1195 sma-

96 1231 373 1312 ragdus,
468 1225 643 1288 Ecce
712 1242 953 1286 novem
1015 1221 1311 1284 diximus

96 1318 386 1382 nomina
417 1313 756 1395 lapidum:
802 1311 961 1392 quia
1012 1308 1312 1391 profecto

98 1423 353 1470 novem
386 1411 542 1465 sunt
586 1400 851 1463 ordines
905 1395 1311 1478 angelorum.

96 1494 221 1558 Re.
322 1491 403 1554 In
476 1496 835 1570 conspeetu
922 1484 1311 1566 angelorum

99 1579 397 1666 psallam
474 1576 633 1640 tibi:
724 1582 794 1638 et
866 1573 1163 1636 adorabo
1224 1571 1311 1634 ad

100 1667 443 1749 templum
519 1671 825 1727 sanctum
901 1672 1106 1725 tuum.
1220 1659 1311 1722 Et

98 1755 481 1821 confitebor
542 1751 793 1815 nomini
854 1759 971 1812 tuo
1026 1748 1311 1810 domine.

103 1864 151 1931 γ
186 1845 384 1908 Deus
422 1860 609 1904 meus
640 1859 713 1901 es
744 1847 815 1901 tu
848 1847 917 1900 et
947 1835 1317 1900 confitebor

102 1934 231 1998 tibi
266 1952 281 1997 :
315 1933 482 1995 deus
501 1947 689 1991 meus
708 1946 779 1988 es
801 1933 875 1988 tu
901 1934 969 1987 et
996 1923 1314 1986 exaltabo

104 2033 193 2086 te.
280 2020 373 2082 Et
402 2013 784 2081 confitebor.
864 2011 1093 2075 Gloria
1122 2011 1313 2093 patri.

105 2110 202 2173 Et
237 2105 622 2171 confitebor.
656 2103 741 2164 In
773 2101 842 2183 ij.
874 2110 1180 2164 nocturno
1208 2107 1312 2162 aii.

104 2192 409 2262 Michael
429 2191 803 2277 prepositus
815 2189 1101 2270 paradisi
1114 2206 1315 2268 quem

100 2282 557 2350 honorificant
587 2277 971 2360 angelorum
990 2275 1181 2338 cives,
1214 2283 1315 2356 pir'.

104 2371 397 2438 Domini
430 2379 532 2432 est
563 2378 751 2431 terra.
798 2365 933 2428 Αῇ.
974 2362 1316 2428 Gloriosus

100 2458 484 2545 apparuisti
538 2457 603 2518 in
656 2461 1011 2534 conspectu
1063 2450 1317 2514 domini

100 2557 474 2634 propterea
503 2545 812 2608 decorem
855 2539 1070 2603 induit
1102 2547 1170 2602 te
1200 2538 1319 2600 do-

100 2639 359 2702 minus
462 2641 565 2713 pf.
658 2629 1077 2693 Benedicam.
1183 2626 1319 2689 Αῆ.

100 2723 430 2806 Angelus
525 2716 965 2798 archangelus
1038 2712 1319 2777 michael

102 2815 227 2880 dei
263 2809 543 2874 nuncius
592 2807 677 2870 de
730 2803 1079 2868 animabus
1123 2802 1321 2883 justis

104 2897 575 2980 suscipiendis
651 2902 751 2976 pi.
822 2891 1095 2956 Exaudi
1157 2890 1323 2952 deus

104 2988 493 3064 orationem
544 3002 763 3047 meam
803 3000 955 3043 cum
988 2979 1321 3060 deprecor.

104 3097 157 3166 y
266 3075 471 3140 Stetit
531 3069 807 3151 angelus
862 3068 1062 3148 juxta
1138 3085 1321 3128 aram

107 3162 380 3247 templi.
523 3159 805 3223 Habens
909 3153 1321 3218 thuribulum

108 3272 399 3320 aureum
426 3250 491 3312 in
513 3267 714 3311 manu
736 3263 855 3308 sua
888 3243 1053 3306 all'a.
1099 3241 1175 3306 L.
1198 3240 1322 3324 iiij.

107 3337 549 3478 predictis
586 3334 897 3398 nimirum
929 3330 1271 3394 ordinibus
1308 3347 1323 3391 :

284 3427 393 3491 ille
422 3425 675 3508 primus
705 3419 979 3503 angelus
1026 3418 1177 3481 ideo
1222 3438 1322 3480 or-

111 3527 327 3584 natus
368 3524 456 3577 -et
515 3518 784 3593 opertus
843 3507 1123 3570 extitit:
1169 3505 1327 3587 quia

112 3610 291 3672 dum
325 3601 577 3667 cunctis
626 3595 1001 3679 agminibus
1054 3593 1327 3674 angelo-

114 3714 275 3762 rum
338 3690 631 3774 prelatus
691 3693 794 3749 est
826 3705 843 3747 :
932 3702 1021 3745 ex
1096 3701 1326 3744 eorum

117 3777 625 3863 comparatione
674 3773 910 3836 clarior
956 3770 1095 3832 fuit.
1188 3767 1326 3833 Sed

115 3891 245 3937 cur
294 3869 459 3931 istos
513 3860 1006 3947 persistentium
1057 3855 1331 3938 angelo·

120 3978 279 4026 rum
340 3954 579 4018 choros
652 3947 1107 4012 enumerando
1183 3965 1328 4026 per-

119 4045 525 4113 strinximus
554 4039 609 4102 si
642 4057 777 4100 non
808 4054 1038 4098 eorum
1062 4052 1331 4115 quoque

124 4124 1327 4205 ministeriasubtiliterexprimamus

122 4225 246 4290 Re.
299 4221 431 4285 Hic
456 4225 559 4282 est
582 4211 864 4280 michael
895 4208 1333 4291 archangelus

470 4358 485 4388 ¹
523 4353 752 4404 subtilis:
791 4351 855 4401 R.

469 4427 489 4456 ⁴
524 4419 743 4470 berilus:
778 4417 831 4466 S.

1188 4347 1210 4379 ⁸
1240 4361 1338 4396 ea:
1374 4345 1513 4396 RN.

1181 4413 1204 4442 ⁸
1236 4412 1503 4476 saphirus:
1541 4411 1669 4464 R.S.

1925 324 2078 380 584

1408 429 1717 512 princeps
1748 427 1982 493 militie
2012 427 2420 510 angelorum.
2478 431 2613 496 Cu-

1404 517 1514 597 jus
1545 516 1760 580 honor
1782 526 2034 598 prestat
2057 515 2380 581 beneficia
2399 539 2613 601 popu-

1409 604 1488 668 lis
1543 614 1612 670 et
1659 605 1873 667 oratio
1921 604 2220 686 perducit
2272 606 2359 668 ad
2407 627 2610 688 regna

1410 692 1718 756 celorum.
1813 710 1861 777 γ
1905 692 2330 775 Archangele
2364 693 2612 759 Christi

1409 801 1528 862 per
1557 781 1840 862 gratiam
1893 801 2098 863 quam
2151 781 2448 845 meruisti
2493 784 2614 846 de-

1410 887 1760 950 precamur
1786 888 1904 950 per
1935 869 2348 950 unigenitum
2394 871 2612 933 domi-

1410 976 1572 1019 num
1605 964 1948 1020 nostrum:
1995 965 2070 1019 ut
2113 958 2354 1039 eripias
2402 979 2524 1021 nos
2570 979 2612 1023 a

1416 1043 1654 1126 laqueo
1685 1045 1934 1107 mortis,
1983 1044 2204 1125 Cujus.
2259 1046 2608 1127 L.quinta.

1410 1132 1694 1266 -Greca
1725 1132 1902 1194 enim
1935 1131 2163 1213 lingua
2193 1133 2411 1214 angeli
2443 1154 2610 1196 nun·

1544 1220 1678 1283 cii:
1731 1218 2108 1302 archangeli
2156 1239 2312 1283 vero
2365 1221 2610 1284 summi

1414 1308 1636 1370 nuncii
1659 1317 1994 1371 vocantur.
2068 1307 2427 1373 Sciendum'
2453 1329 2610 1373 vero

1412 1395 1593 1476 quod
1688 1395 2074 1476 angelorum
2157 1396 2556 1461 vocabulum
2593 1417 2610 1460 :

1414 1502 1658 1545 nomen
1721 1483 1916 1544 officii
1993 1491 2095 1546 est
2155 1503 2287 1546 non
2359 1493 2610 1548 nature.

1416 1571 1596 1634 Nam
1651 1571 1862 1632 sancti
1927 1570 2020 1632 illi
2080 1570 2342 1634 celestis
2396 1573 2610 1654 patrie

1412 1659 1720 1739 spiritus:
1765 1678 2030 1740 semper
2089 1659 2404 1740 quidem⁶
2455 1669 2612 1724 sunt

1414 1746 1720 1828 spiritus:
1769 1748 1884 1810 sed
1927 1741 2191 1828 se'mper
2235 1748 2454 1811 vocari
2491 1768 2612 1810 an-

1412 1833 1547 1916 geli
1600 1853 2024 1915 nequaquam
2086 1844 2409 1917 possunt:
2454 1837 2614 1917 quia

1415 1932 1576 1985 tunc
1635 1922 1852 1984 solum
1913 1931 2070 1985 sunt
2129 1923 2395 2004 angeli:
2461 1944 2612 1987 cum

1415 2030 1535 2093 per
1552 2029 1666 2072 eos
1687 2009 1910 2092 aliqua
1940 2011 2352 2076 nunciantur.
2412 2011 2617 2077 Unde

1416 2107 1485 2160 et
1516 2117 1635 2178 per
1665 2097 2082 2179 psalmistam
2133 2099 2386 2163 dicitur.
2480 2099 2616 2182 Qui

1417 2185 1577 2248 facit
1619 2185 1892 2267 angelos
1939 2206 2094 2249 suos
2131 2189 2418 2269 spiritus,
2507 2187 2616 2251 Ac

1418 2274 1473 2336 si
1534 2283 1765 2355 aperte
1819 2273 2014 2338 dicat.
2107 2274 2242 2357 Qui
2289 2295 2402 2339 eos
2448 2296 2620 2357 quos

1418 2380 1683 2443 semper
1740 2360 1946 2424 habet
2004 2363 2323 2444 spiritus:
2413 2365 2617 2427 etiam

1420 2469 1572 2512 cum
1603 2448 1886 2512 voluerit
1917 2450 2191 2532 angelos
2237 2451 2410 2515 facit.
2501 2453 2620 2516 Re.

1420 2537 1626 2600 Venit
1655 2536 1938 2600 michael
1987 2538 2422 2622 archangelus
2467 2559 2619 2602 cum

1424 2624 1852 2688 multitudine
1902 2625 2288 2706 angelorum
2336 2629 2441 2691 cui
2487 2637 2622 2691 tra-

1423 2712 1594 2775 didit
1663 2712 1829 2774 deus
1904 2714 2162 2776 animas
2221 2724 2620 2779 sanctorum.

1429 2800 1527 2865 Ut
1587 2800 1910 2881 perducat
1957 2820 2072 2864 eas
2125 2802 2191 2864 in
2240 2804 2622 2883 paradisum

1424 2886 1878 2951 exultationis,
1969 2905 2016 2974 y
2064 2889 2246 2952 Data
2276 2899 2378 2952 est
2400 2900 2624 2973 potes·

1424 2985 1531 3038 tas
1593 2973 1992 3056 archangelo
2053 2976 2363 3041 michaeli
2425 2998 2625 3060 super

1425 3065 1684 3126 animas
1710 3063 2058 3143 justorum.
2156 3064 2254 3128 Ut
2286 3067 2625 3146 perducat.

1424 3151 1642 3282 Hi
1667 3159 1894 3213 autem
1917 3151 2030 3232 qui
2058 3152 2332 3216 minima
2356 3152 2514 3236 [Lec.
2537 3155 2624 3236 vj.

1623 3238 1940 3302 nunciant
1993 3240 2256 3321 angeli:
2303 3243 2417 3323 qui
2470 3263 2627 3305 vero

1426 3347 1691 3391 summa
1749 3329 2201 3393 annunciant:
2248 3329 2626 3413 archangeli

1426 3424 1764 3479 vocantur.
1846 3415 2025 3479 Hinc
2056 3425 2159 3480 est
2191 3418 2366 3481 enim
2397 3439 2412 3482 :
2444 3418 2625 3499 quod

1429 3503 1515 3566 ad
1548 3504 1828 3567 mariam
1852 3504 2171 3586 virginem
2197 3527 2329 3568 non
2350 3508 2632 3589 quilibet

1428 3590 1706 3673 angelus
1737 3593 1855 3655 sed
1898 3592 2149 3674 gabriel
2197 3595 2631 3677 archangelus

1430 3680 1730 3744 mittitur.
1819 3678 1936 3743 Ad
1969 3680 2094 3743 hoc
2126 3681 2374 3764 quippe
2406 3684 2632 3746 minis-

1430 3769 1669 3830 terium
1702 3787 2040 3831 summum
2074 3770 2388 3850 angelum
2407 3771 2632 3836 venire

1430 3856 1711 3937 dignum
1773 3854 2039 3920 fuerat:
2117 3858 2232 3939 qui
2294 3878 2627 3920 summum

1432 3945 1732 4006 omnium
1768 3943 2146 4007 nunciabat.
2217 3945 2380 4008 Ideo
2412 3946 2634 4026 angeli

1434 4032 1716 4114 propriis
1747 4031 2128 4095 nominibus
2175 4043 2530 4096 censentur
2559 4043 2635 4096 ut

1432 4118 1842 4202 significetur
1901 4138 2022 4201 per
2078 4121 2401 4183 vocabula
2473 4123 2634 4204 quid

1434 4209 1503 4274 in
1607 4208 1994 4290 operatione
2083 4207 2367 4273 valeant.
2517 4209 2634 4275 Re.

1887 4345 1910 4440 ἰ
1937 4343 2144 4475 ζὶὲΐξὲἐ,
2168 4345 2300 4462 ³3⁸·
