3117 4959
1010 255 1113 307 IN
1152 252 1424 308 FESTO
1472 253 1533 306 S.
1589 251 2032 323 JOHANNJS
2079 253 2198 306 ET
2239 249 2519 306 PAULI.

1042 361 1175 417 841

512 469 609 532 ad
654 479 943 550 vesperas
986 466 1337 531 versiculus
1398 465 1551 530 Fuit
1610 465 1714 529 di·

513 569 715 620 catur.

515 649 580 722 01
632 645 1020 708 Sanctorum
1052 652 1417 724 martyrum
1458 641 1711 716 Johan-

514 735 621 796 nis
648 743 713 794 et
739 731 960 795 Pauli.

512 821 637 884 Ad
660 829 949 900 vesperas
977 828 1084 882 αῆ.
1164 818 1482 882 Elizabet.
1567 838 1712 879 cum

497 907 783 989 psalmis
836 905 1209 988 ferialibus,
1340 905 1710 987 Capitulum

516 996 745 1060 Sancti
772 1015 890 1077 per
912 993 1132 1057 fidem.
1175 995 1483 1074 Hymnus
1506 993 1702 1058 Sanc-

516 1094 733 1147 torum
769 1082 1034 1146 meritis,
1080 1099 1127 1167 γ
1178 1082 1503 1145 Exultent
1531 1081 1710 1162 justi.

513 1173 598 1234 In
626 1171 953 1252 evangelio
981 1169 1349 1252 antiphona.
1402 1170 1522 1232 Isti
1554 1179 1709 1232 sunt

513 1261 645 1322 due
686 1259 859 1322 olive
888 1267 957 1321 et
987 1258 1123 1321 duo
1166 1257 1569 1322 candelabra
1615 1257 1707 1320 lu-

515 1349 734 1410 centia
808 1356 965 1409 ante
1039 1346 1386 1408 dominum
1458 1345 1712 1408 habent

514 1444 918 1518 potestatem
953 1434 1257 1498 claudere
1281 1432 1494 1497 celum
1521 1434 1711 1496 nubi-

516 1525 639 1586 bus
690 1533 755 1585 et
802 1523 1053 1604 aperire
1095 1531 1319 1605 portas
1366 1521 1508 1602 ejus
1553 1521 1711 1602 quia

514 1611 738 1692 lingue
800 1630 1027 1673 eorum
1086 1611 1305 1672 claves
1366 1610 1485 1672 celi
1537 1609 1710 1671 facte

514 1707 687 1761 sunt.
764 1707 866 1780 pf.
958 1697 1367 1780 Magnificat.
1462 1697 1711 1761 Oratio,

525 1787 961 1951 Quesumus
1022 1787 1445 1868 omnipotens
1505 1784 1709 1848 deus:

652 1883 725 1935 ut
772 1894 892 1936 nos
940 1875 1279 1955 geminata
1328 1873 1543 1935 leticia
1595 1872 1711 1934 ho-

516 1964 742 2024 dierne
796 1961 1171 2025 festivitatis
1233 1961 1525 2043 excipiat
1581 1981 1711 2042 que

515 2051 603 2112 de
656 2050 1000 2113 beatorum
1050 2049 1363 2131 johannis
1411 2059 1479 2112 et
1529 2047 1709 2129 pauli

515 2135 994 2218 glorificatione
1098 2137 1445 2220 procedit:
1541 2157 1712 2219 quos

516 2226 749 2288 eadem
784 2224 948 2288 fides
994 2235 1061 2288 et
1108 2227 1328 2308 passio
1366 2224 1519 2287 fecit
1567 2245 1709 2286 esse

515 2333 884 2394 germanos
976 2333 1093 2396 per
1122 2313 1483 2376 dominum.
1565 2313 1710 2375 Me-

518 2401 726 2463 moria
756 2401 833 2464 de
860 2411 1075 2464 sancto
1123 2401 1438 2474 Johanne.
1533 2401 1594 2462 A
1606 2409 1708 2462 iia.

521 2489 674 2570 Ipse
707 2491 963 2572 preibit.
1053 2489 1178 2552 Ad
1202 2499 1429 2552 matut.
1462 2489 1707 2551 Invita.

520 2577 776 2658 Regem
811 2587 1192 2657 martyrum.
1269 2585 1370 2657 pf.
1447 2577 1708 2639 Venite.

514 2665 715 2744 Hym.
810 2665 1057 2728 Eterna
1103 2665 1362 2728 Christi.
1456 2665 1540 2727 In
1574 2685 1713 2726 noc-

517 2763 708 2815 turno
752 2763 855 2816 aii.
950 2753 1154 2818 Secus
1204 2755 1531 2816 decursus
1611 2761 1712 2833 pf.

522 2841 767 2904 Beatus
800 2843 911 2904 vir.
972 2842 1095 2922 pf)
1176 2841 1399 2923 Quare
1432 2841 1714 2904 fremue-

518 2940 689 2992 runt.
750 2945 794 3016 y
844 2929 1174 2992 Exultent
1199 2931 1378 3011 justi.
1424 2929 1639 2991 Lectio
1650 2929 1712 3010 j.

673 3017 969 3080 ohannes
1022 3028 1091 3080 et
1143 3017 1377 3099 paulus
1438 3036 1713 3098 corpore

515 3018 671 3192 J
672 3115 741 3168 et
800 3107 1029 3188 spiritu
1093 3105 1323 3169 fratres
1391 3106 1586 3188 primi
1647 3113 1715 3168 et

518 3194 795 3274 preciosi
860 3195 925 3256 in
988 3193 1237 3276 palatio
1309 3193 1712 3259 constantini

518 3281 933 3362 imperatoris
996 3281 1427 3346 habebantur.
1540 3282 1710 3346 Cum

520 3389 677 3450 ergo
698 3371 1203 3433 a²constantino
1221 3370 1511 3450 julianus
1532 3389 1716 3432 cesar

519 3457 733 3519 sactus
793 3468 966 3519 esset
986 3479 1009 3520 .:
1062 3460 1358 3539 pervenit
1419 3459 1505 3520 ad
1560 3477 1711 3520 eum

520 3545 700 3626 quod
751 3546 987 3625 paulus
1039 3563 1107 3608 et
1155 3545 1481 3625 johannes
1530 3546 1712 3608 omni

520 3633 627 3694 die
656 3630 1161 3695 christianorum
1189 3652 1551 3714 pauperum
1579 3643 1714 3696 tur·

522 3719 641 3782 bas
673 3730 1056 3784 recrearent.
1108 3721 1423 3801 Misitque
1454 3722 1566 3801 qui
1601 3741 1715 3782 eos

522 3809 949 3871 convocaret³
970 3807 1195 3872 dicens
1209 3810 1449 3872 debere
1464 3811 1513 3870 si
1524 3810 1588 3870 bi
1601 3829 1714 3870 eos

521 3897 851 3960 adherere.
976 3897 1080 3959 Illi
1142 3917 1298 3960 vero
1358 3898 1713 3960 dixerunt:

521 4005 745 4048 servos
775 3986 882 4048 dei
916 4005 1037 4049 nos
1062 4005 1205 4048 esse
1230 3995 1511 4068 oportet.
1593 3985 1716 4049 Su-

522 4095 669 4136 mus
722 4076 898 4137 enim
951 4094 1080 4137 non
1136 4073 1283 4136 falsi
1333 4073 1714 4137 christiani:

520 4162 639 4224 sed
703 4163 853 4226 veri.
973 4162 1088 4225 Re.
1214 4163 1332 4225 Isti
1366 4171 1521 4225 sunt
1583 4163 1718 4223 duo

519 4251 640 4313 viri
704 4251 1143 4313 misericordie
1198 4251 1310 4334 qui
1366 4249 1718 4314 assistunt⁴

826 4387 837 4416 ¹
882 4386 1006 4451 ‘pk’
1043 4403 1134 4434 om.
1167 4401 1183 4433 .·
1218 4387 1289 4435 N.

954 4455 969 4482 ⁴
1010 4451 1298 4502 ‘assistunt'
1324 4467 1420 4501 um.
1456 4471 1467 4500 ε
1506 4453 1570 4501 N.

1562 4386 1583 4414 ²
1622 4385 1878 4435 *αόῐηω
1914 4385 1965 4435 S.

2331 359 2487 415 842

1815 475 1972 530 ante
2033 465 2400 529 dominum.
2507 460 2996 527 Dominatorem

1817 557 2120 618 universe
2151 565 2339 618 terre.
2432 568 2478 637 y
2531 551 2652 614 Isti
2701 559 2857 614 sunt
2885 553 2996 614 due

1816 641 1988 705 olive
2021 652 2089 705 et
2120 642 2254 705 duo
2295 640 2698 704 candelabra
2732 637 3001 702 lucentia

1817 741 1972 793 ante
2003 730 2370 792 dominum.
2467 728 2984 790 Dominatorem.
3065 733 3067 806 j

1973 817 2235 880 ulianus
2267 819 2360 880 ita
2391 817 2606 897 inquit
2655 817 2744 878 ad
2781 815 3004 896 johan·
3065 825 3067 882 3

1815 822 1964 990 J
1973 926 2127 968 nem
2163 914 2232 967 et
2274 903 2568 986 paulurn.
2661 903 3003 967 Consider-
3064 899 3067 986 ξ

1815 1013 1926 1056 are
1985 993 2246 1056 debetis
2309 993 2466 1074 quia
2518 1000 2587 1053 et
2640 1011 2766 1053 vos
2815 992 3004 1072 regali
3064 997 3067 1072 j

1813 1082 1968 1144 aula
1999 1081 2273 1144 nutriti:
2321 1100 2456 1142 non
2489 1079 2756 1142 debetis
2786 1080 3004 1143 deesse
3063 1077 3067 1148 1

1816 1168 2002 1233 lateri
2037 1189 2232 1233 meo:
2281 1178 2354 1231 ut
2383 1168 2672 1231 habeam
2721 1188 2846 1230 vos
2893 1169 3006 1248 pri·
3062 1211 3067 1260 *i

1817 1277 1960 1320 mos
1995 1258 2060 1319 in
2094 1257 2344 1339 palatio
2371 1276 2536 1318 meo,
2631 1255 2832 1318 Tunc
2863 1275 3008 1336 pau·

1815 1345 1918 1408 lus
1950 1355 2017 1409 et
2050 1345 2378 1426 johannes
2411 1345 2748 1408 dixerunt.
2848 1343 3006 1408 Con-

1814 1435 2176 1496 temnimus
2197 1433 2465 1514 quidem
2477 1431 2814 1494 amicitias
2835 1441 3006 1496 tuas:

1813 1541 1898 1584 ne
1930 1521 2264 1585 amicicias
2295 1520 2403 1582 dei
2435 1519 2819 1601 perdamus.
2907 1519 3006 1600 Ju-

1814 1608 2030 1672 lianus
2079 1629 2234 1672 vero
2288 1609 2533 1671 iratus:
2579 1609 2880 1670 surrexit
2923 1608 3008 1669 di·

1815 1717 1988 1761 cens.
2083 1697 2366 1760 Decima
2410 1704 2756 1758 transacta
2795 1697 2906 1758 die
2931 1697 3002 1758 ad

1816 1805 1924 1848 me
1949 1786 2289 1848 venientes
2313 1783 2563 1847 amicos
2587 1804 2708 1845 vos
2731 1783 3004 1846 habeam

1815 1892 1948 1936 non
1974 1875 2314 1937 venientes
2333 1891 2489 1936 vero
2515 1893 2530 1934 z
2576 1872 2778 1952 quasi
2797 1871 3005 1934 hostes

1813 1961 2114 2043 publicos
2149 1961 2438 2043 puniam.
2531 1959 2647 2023 Re.
2739 1959 2891 2022 Hec
2921 1969 3006 2022 est

1813 2069 1972 2112 vera
2045 2048 2420 2112 fraternitas
2478 2066 2610 2128 que
2673 2067 3004 2129 nunquam
3061 2063 3067 2104 1.

1813 2138 2035 2218 potuit
2093 2136 2323 2200 violari
2387 2135 2774 2199 certamine.
2889 2135 3004 2216 Qui
3064 2111 3067 2202 Ι

1813 2226 2026 2288 effuso
2071 2225 2392 2306 sanguine
2439 2225 2648 2286 secuti
2697 2233 2862 2286 sunt
2903 2225 3005 2286 do-
3064 2203 3067 2300 ἕ

1815 2315 2070 2393 minum
2157 2321 2716 2394 contempnentes
2803 2311 3002 2375 aulam
3064 2319 3067 2326 “

1815 2402 2064 2484 regiam
2141 2405 2582 2483 pervenerunt
2657 2400 2746 2461 ad
2824 2419 3004 2480 regna
3062 2437 3067 2474 ‚5

1813 2489 2098 2552 celestia.
2189 2506 2236 2574 γ
2287 2489 2464 2551 Ecce
2511 2507 2719 2569 quam
2771 2487 3001 2550 bonum

1815 2588 1882 2641 et
1914 2597 2125 2659 quam.
2147 2576 2514 2658 jocundum
2549 2575 2861 2639 habitare
2889 2576 2999 2637 sra-
3061 2579 3065 2672 ¹l

1815 2675 1948 2729 tres
1981 2666 2046 2727 in
2081 2684 2301 2728 unum.
2398 2664 2550 2745 Qui.

2675 2663 2895 2726 Lectio
2922 2665 3001 2744 τέ).
3058 2677 3065 2736 j

1813 2756 2072 2884 Post
2124 2752 2246 2815 hec
2305 2752 2718 2815 terentianus
2787 2754 3002 2818 missus

1966 2851 2066 2904 est
2099 2842 2183 2902 ad
2219 2840 2488 2921 paulum
2532 2849 2599 2902 et
2649 2839 3000 2920 johannem

1815 2939 1890 2992 ut
1939 2931 1992 2992 si
2041 2929 2167 2991 diis
2218 2927 2564 2990 immolare
2613 2927 3002 2992 noluissent:
3060 2983 3063 3016 ἱ

1817 3016 2350 3080 interficerentur.
2423 3015 2524 3078 At
2557 3014 2651 3078 illi
2684 3016 3001 3079 dixerunt.
3061 3029 3063 3032 ⁴

1819 3105 1962 3170 Nos
2011 3125 2217 3168 unum
2269 3104 2469 3166 deum
2519 3104 2851 3168 colimus:
2909 3103 3004 3185 qui

1816 3191 1973 3256 fecit
2002 3192 2222 3256 celum
2247 3202 2316 3255 et
2339 3201 2599 3254 terram.
2655 3193 2754 3255 Et
2787 3193 2844 3255 si
2875 3203 3006 3255 tuus
3060 3219 3063 3258 i

1815 3290 1920 3344 est
1988 3280 2278 3361 julianus
2355 3281 2714 3343 dominus-'³
2781 3261 3063 3382 habeto}

1817 3389 2050 3452 pacem
2107 3389 2256 3432 cum
2313 3389 2430 3431 eo:
2487 3368 2683 3431 nobis
2736 3387 2878 3432 non
2923 3377 3061 3432 est!

1815 3456 1984 3520 alius
2005 3457 2127 3519 nisi
2149 3457 2459 3519 dominus
2473 3455 2676 3536 Jesus
2697 3457 3061 3536 Christus}

1817 3545 2256 3607 Terentianus
2341 3565 2501 3625 ergo
2583 3545 2792 3608 tertia
2867 3545 3006 3607 hora

1817 3635 2032 3695 noctis
2064 3633 2216 3695 fecit
2243 3633 2500 3695 foveam
2537 3631 2710 3695 infra
2743 3633 3002 3696 domum

1817 3732 2194 3783 sanctorum
2239 3731 2606 3801 martyrum
2637 3741 2652 3782 z
2702 3730 2776 3784 et
2809 3720 3003 3784 decol-

1820 3809 1990 3872 latos
2067 3808 2344 3890 projecit
2405 3829 2517 3871 eos
2581 3809 2649 3870 in
2716 3808 3000 3873 foveam:

1820 3897 2067 3959 faciens
2099 3895 2347 3960 famam
2396 3898 2576 3978 quod
2619 3897 2818 3978 jussu
2853 3916 3004 3960 cesa·

1821 3986 1908 4047 ris
1985 3985 2164 4046 missi
2230 3985 2509 4047 fuissent
2585 3985 2654 4046 in
2731 3986 3003 4051 exilium.

1824 4073 1981 4135 Post
2013 4072 2140 4135 hoc
2170 4093 2327 4146 vero
2351 4072 2418 4134 in
2445 4071 2622 4135 bello
2648 4091 3002 4155 persarum:

1820 4163 2047 4223 statim
2113 4160 2492 4223 interfectus
2553 4171 2660 4223 est
2717 4162 3000 4242 julianus

1821 4249 2269 4313 Terencianus
2345 4268 2502 4311 vero
2578 4249 2746 4330 quia
2801 4251 3000 4314 unicus

2273 4385 2292 4414 ⁸
2325 4394 2697 4433 convocarent.
2738 4387 2790 4436 S.

1919 4450 2204 4500 *dominus
2228 4459 2298 4500 cst
2320 4449 2578 4513 julianus:
2617 4451 2686 4500 N.
