3117 4959
1294 253 1418 309 ET
1458 251 1751 310 socroR
1762 250 1893 308 UM
1936 249 2171 325 EJoS.

1019 363 1165 420 478

478 483 692 567 inquit
729 479 904 543 facta
949 487 1384 552 compenses:
1431 466 1671 531 faciam

477 573 657 656 quod
711 563 1035 632 hortaris:
1090 559 1194 622 cui
1244 557 1480 619 beatus
1533 556 1671 618 lau-

480 661 728 724 rentius
790 651 1012 716 dixit:
1087 655 1160 709 tu
1243 643 1403 708 mihi
1477 653 1671 706 tuum

477 740 949 813 tantummodo
1023 733 1226 817 prebe
1310 749 1672 794 assensum.

481 837 574 900 Et
604 833 964 896 thesauros,

497 923 774 1054 Tunc
839 912 1034 997 jussit
1099 906 1520 972 valerianus:
1598 913 1675 966 ut

645 1005 861 1072 omnis
923 997 1175 1064 familia
1248 993 1530 1077 hypoliti
1606 993 1672 1053 in

479 1103 838 1180 conspectu
886 1088 1028 1171 ejus
1074 1083 1293 1164 capite
1341 1092 1675 1145 truncare-

480 1195 602 1249 tur.
699 1179 1100 1264 Hypolitum
1129 1189 1287 1235 vero
1315 1170 1552 1251 jussit:
1599 1175 1675 1230 ut

477 1273 684 1358 pedes
737 1268 880 1350 ejus
940 1264 1300 1345 ligarentur
1353 1257 1436 1321 ad
1500 1254 1675 1318 colla

479 1377 802 1444 equorum
863 1349 1380 1417 indomitorum:
1450 1352 1520 1407 et
1581 1342 1674 1405 sic
1716 1383 1725 1390 -

479 1469 598 1533 per
624 1445 859 1510 cardos
890 1450 957 1504 et
988 1434 1264 1501 tribulos
1283 1432 1472 1496 trahi.
1537 1429 1673 1512 Qui

480 1540 640 1602 dum
673 1532 1040 1597 traheretur
1085 1523 1303 1586 emisit
1349 1519 1673 1602 spiritum.

481 1623 742 1688 Eadem
772 1625 968 1682 nocte
1009 1611 1296 1695 justinus
1327 1609 1677 1691 presbyter

477 1710 780 1793 sepelivit
839 1720 1115 1786 corpora
1173 1707 1554 1761 sanctorum
1606 1693 1673 1754 in

479 1801 717 1864 eodem
749 1796 914 1859 loc0.
1003 1787 1342 1854 Vicesimo
1385 1782 1675 1864 septimo

481 1889 589 1951 die
627 1893 779 1970 post
826 1879 1202 1963 passionem
1247 1882 1627 1937 sanctorum
1658 1889 1672 1931 :

479 1976 753 2039 sedente
801 1968 991 2032 decio
1041 1966 1108 2028 in
1156 1979 1428 2025 curruca
1473 1975 1675 2021 aurea

481 2082 615 2127 una
665 2079 819 2122 cum
865 2053 1238 2118 valeriano:
1284 2057 1358 2111 ut
1399 2045 1485 2110 ad
1533 2063 1675 2107 arn-

483 2148 932 2232 phitheatrum
984 2137 1370 2202 introirent:
1425 2133 1672 2196 clama-

484 2239 602 2300 bat
646 2233 871 2298 decius
918 2235 1215 2310 arreptus
1261 2245 1302 2287 a
1343 2220 1672 2285 demoni0.

487 2325 550 2390 O
583 2317 915 2404 hypolite¹
948 2316 1243 2380 vinctum
1285 2308 1536 2392 asperis
1566 2326 1677 2369 ca-

483 2410 703 2476 thenis
779 2427 886 2470 me
961 2402 1166 2466 duciS.
1285 2395 1677 2462 Valerianus

487 2498 866 2563 clamabat:
942 2492 1005 2557 O
1066 2487 1388 2553 laurenti:
1465 2484 1676 2565 igneis

487 2587 783 2652 cathenis
831 2600 937 2645 me
980 2579 1276 2642 vinctum
1317 2571 1562 2636 trahis:
1610 2580 1678 2634 et

487 2675 714 2740 statim
776 2667 1122 2751 expiravit.
1215 2661 1462 2726 Decius
1520 2679 1678 2722 vero

490 2765 747 2827 rediens
800 2758 885 2823 ad
947 2753 1315 2838 palatium:
1384 2745 1675 2811 triduum

490 2871 623 2915 non
669 2845 950 2913 cessavit
995 2842 1102 2923 agi
1135 2862 1174 2903 a
1205 2836 1562 2900 demonio:
1612 2841 1681 2898 et

489 2937 865 3004 clamabat:
929 2931 1193 3012 Adjuro
1239 2935 1308 2988 te
1359 2923 1680 2986 laurenti:

491 3027 824 3091 modicum
845 3039 1027 3086 cessa
1045 3037 1086 3080 a
1109 3012 1456 3079 tormentis
1480 3011 1679 3073 meis:

491 3115 716 3196 sicque
745 3110 1034 3194 pessima
1065 3111 1277 3167 morte
1305 3100 1512 3163 vitam
1535 3097 1678 3160 fini-

489 3204 601 3266 vit.
677 3201 794 3264 Re.
872 3195 1067 3278 Cepit
1101 3189 1445 3273 hypolitus
1475 3185 1681 3248 tristis

489 3289 788 3372 plorare:
863 3284 967 3348 cui
1027 3281 1262 3344 beatus
1320 3274 1681 3339 laurentius

492 3379 584 3441 ita
617 3375 831 3437 dixit:
880 3369 1036 3434 Noli
1071 3367 1264 3430 flere:
1311 3363 1428 3426 sed
1466 3361 1680 3443 magis

490 3463 748 3546 gaude:
793 3470 860 3524 et
905 3464 1057 3540 post
1082 3455 1264 3527 ,dum
1305 3451 1682 3514 clamavero

492 3550 646 3614 audi
678 3558 745 3612 et
773 3547 924 3610 veni
952 3566 967 3609 :
1014 3542 1170 3624 quia
1211 3539 1387 3602 vado
1419 3537 1504 3600 ad
1537 3537 1680 3618 glo-

493 3640 674 3701 riam.
764 3652 812 3721 γ
867 3628 1238 3712 Respondit
1295 3625 1681 3707 hypolitus:

490 3745 697 3810 quare
745 3742 871 3804 ego
919 3739 1053 3782 non
1105 3715 1338 3780 venio:
1393 3722 1459 3776 et
1506 3711 1683 3776 voci-

490 3815 664 3879 feror
710 3812 868 3893 quia
926 3805 1316 3871 christianus
1376 3820 1560 3864 sum:
1606 3809 1681 3864 ut

489 3914 712 3970 tecum
773 3895 1181 3961 occumbam.
1296 3888 1452 3952 Noli
1509 3888 1680 3952 flere.

492 3991 720 4057 Gloria
764 3986 951 4070 patri.
1045 3980 1218 4044 Noli.
1313 3995 1357 4064 γ
1405 3976 1683 4040 Mirabi-

489 4081 584 4145 lis.
1020 4075 1083 4147 01
1128 4069 1212 4132 In
1243 4064 1546 4128 laudibus
1574 4071 1678 4127 ari.

501 4171 770 4303 Cesar
843 4161 1018 4261 dixit
1077 4156 1178 4259 ‘ad
1252 4151 1680 4252 hypolitum-t

625 4254 836 4318 sactus
868 4269 938 4313 es
970 4261 1329 4328 msrpiens:
1377 4250 1449 4303 ut
1491 4239 1681 4302 nudi-

721 4387 736 4417 ¹
771 4384 960 4453 ypolite
981 4400 994 4434 ε
1030 4381 1084 4433 S.

1328 817 1543 882 Lectio
1576 817 1671 898 iij.
1758 828 1858 901 pf.
1936 819 2247 900 Jubilate.
2336 821 2474 883 Ar‘i.

1419 4378 1441 4408 ²
1481 4374 1708 4426 ‘autem’
1733 4373 1873 4428 add:
1908 4375 1963 4426 S.

2321 357 2470 410 474

1776 475 1988 530 tatem
2021 475 2207 530 tuam
2248 485 2379 530 non
2434 462 2821 530 erubescas.
2892 469 2977 544 pi.
3062 527 3065 530 ⁴

1779 556 2112 618 Dominus
2144 555 2464 637 regnavit.
2559 554 2700 616 Αῆ.
2800 551 2979 614 Dixit

1774 644 2117 726 hypolitus
2170 643 2257 706 ad
2318 643 2635 707 decium:
2696 659 2839 702 non
2892 659 2983 702 me

1774 731 2168 814 expoliasti:
2244 731 2361 794 sed
2424 730 2651 812 magis
2716 728 2985 791 vestisti.

2571 817 2785 880 Dixit
2816 835 2989 878 cesar

1774 907 1860 968 ad
1911 906 2325 988 hypolitum:
2371 917 2445 970 tu
2496 925 2753 986 magus
2789 903 2987 966 factm

1772 1013 1887 1057 es:
1936 995 2343 1075 respondens
2404 993 2771 1076 hypolitus
2826 992 2989 1055 dixit

1772 1082 1859 1145 ad
1892 1081 2195 1144 decium:
2226 1101 2359 1144 non
2384 1102 2531 1144 sum
2552 1101 2691 1162 ego
2714 1099 2991 1162 magus:

1772 1169 1890 1233 sed
1922 1189 2071 1232 sum
2104 1189 2331 1232 servus
2362 1169 2622 1231 domini
2657 1169 2807 1230 mei
2840 1168 2985 1248 Jesu

1774 1257 2039 1322 Christi.
2115 1266 2216 1339 pf.
2314 1256 2501 1319 Deus
2550 1257 2733 1318 deus
2796 1275 2989 1317 meus

1770 1345 1905 1409 Αῆ.
2029 1344 2445 1426 Exemplum
2519 1363 2799 1406 merear
2860 1341 2990 1403 fieri

1773 1432 2079 1496 laurentii
2112 1433 2479 1496 beatissimi
2506 1431 2861 1512 martyris.
2900 1438 2991 1510 pf.

1775 1520 2174 1584 Benedicite.
2257 1521 2392 1583 Αῆ.
2474 1519 2675 1583 Tunc
2712 1517 2990 1580 valeria·

1772 1627 1898 1671 nus
1928 1609 1996 1671 in
2028 1617 2386 1689 conspectu
2432 1607 2737 1688 hypoliti
2786 1606 2992 1668 famu-

1773 1696 1874 1759 los
1906 1695 2078 1759 illius
2104 1695 2516 1776 martyrizari
2541 1695 2883 1777 precepit.
2898 1702 2986 1773 pf.

1774 1785 2098 1848 Laudate.
2196 1781 2345 1864 Cap.
2438 1783 2725 1846 Reddet
2819 1783 2983 1844 deus.

1774 1871 2098 1952 Hymnus.
2156 1871 2313 1934 Rex
2332 1870 2641 1953 gloriose.
2696 1887 2751 1954 γ
2786 1870 2961 1951 Justi

1773 1959 2283 2041 imperpetuum.
2402 1958 2490 2020 In
2554 1979 2835 2040 evange.
2894 1965 2987 2019 aii

1775 2048 2012 2113 Oravit
2070 2055 2341 2110 sanctus
2410 2045 2770 2128 hypolitus
2836 2065 2985 2108 voce

1774 2154 2071 2217 magna:
2127 2143 2195 2197 et
2254 2133 2473 2197 dixit:
2544 2134 2817 2214 gratias
2876 2133 2984 2196 tib'

1774 2242 1904 2304 ago
1981 2223 2252 2286 domine
2312 2221 2404 2284 mi
2473 2221 2639 2302 Jesu
2724 2221 2983 2286 Christe

1774 2310 1934 2392 quia
1962 2309 2249 2374 famulos
2297 2329 2483 2372 meos
2514 2310 2582 2372 in
2618 2320 2971 2390 conspecti
3062 2335 3065 2370 ς

1778 2417 1929 2478 meo
1961 2399 2102 2479 pati
2132 2396 2346 2462 vide0.
2400 2405 2503 2477 psr'.
2558 2397 2975 2460 Benedictus

1780 2485 2026 2550 Oratio,
2123 2485 2233 2548 Da
2278 2503 2646 2566 quesumus
2676 2487 2967 2566 omnipo

1776 2582 1941 2636 tens,
2004 2573 2334 2636 Memoria
2362 2573 2443 2635 de
2467 2583 2693 2635 sancto
2724 2573 2995 2635 laureu-

1778 2660 1881 2724 tio.
1965 2658 2188 2725 Cetera
2208 2660 2290 2722 de
2315 2661 2649 2722 communi
2658 2661 2993 2741 plurimo·

1777 2768 1929 2810 rum
1962 2757 2329 2829 martyrum
2356 2767 2502 2810 cum
2533 2751 2841 2811 oratt'emc
2890 2749 2992 2810 Da

1779 2855 2141 2917 quesumus
2171 2835 2601 2917 omnipotens
2633 2837 2831 2900 deus,

1782 2927 1847 3000 εἴ
1891 2924 1977 2986 In
2009 2923 2246 3005 vtgr‘lia
2272 2922 2745 3005 assumptionis
2778 2935 2991 2987 matu—

1781 3012 1913 3073 tine
1964 3011 2273 3074 dabantur
2326 3011 2405 3074 de
2461 3021 2685 3074 sancto
2744 3013 2993 3076 eusebio

1778 3119 1889 3162 con
1878 3099 2130 3178 sessore
2146 3119 2171 3161 .·
2189 3119 2332 3161 cum
2352 3099 2705 3163 noctumo.³
2735 3100 2989 3164 Oratio.

1774 3237 1779 3242 .
1778 3189 2053 3318 Deus
2109 3187 2227 3268 qui
2289 3206 2411 3249 nos
2488 3187 2671 3250 beati
2737 3188 2989 3252 eusebii

1936 3273 2329 3338 confessoris
2372 3275 2473 3338 tui
2508 3294 2743 3340 annua
2776 3279 2989 3342 solen·

1780 3363 1991 3426 nitate
2037 3362 2359 3426 letificas:
2406 3365 2703 3426 concede
2762 3367 2987 3449 propi-

1778 3451 1919 3513 cius
1947 3472 1962 3514 :
2010 3458 2085 3514 ut
2114 3450 2303 3531 cujus
2328 3451 2641 3515 natalicia
2664 3454 2952 3517 colimus
2970 3474 3011 3518 :.

1780 3559 1900 3619 per
1927 3539 2072 3620 ejus
2107 3538 2195 3601 ad
2241 3547 2309 3601 te
2354 3539 2677 3621 exempla
2716 3543 2987 3622 gradia-

1780 3645 1941 3690 mur.
2021 3646 2140 3708 per
2169 3626 2535 3691 dominum.
2616 3632 2687 3706 ἦ
2736 3629 2985 3691 Memo-

1779 3713 1887 3776 ria
1915 3713 1993 3776 de
2020 3723 2236 3776 sancto
2264 3713 2599 3777 laurentio.
2690 3715 2981 3798 Lecttoj.

1880 3810 2228 3882 mperante
2274 3803 2621 3866 maxentio
2664 3813 2737 3867 et
2770 3805 2985 3867 maxi-

1880 3889 2173 3953 miniano
2248 3888 2574 3971 palestine
2646 3894 2982 3973 provincie

1780 3977 2042 4058 preside
2078 3998 2092 4040 :
2170 3976 2475 4040 eusebius
2538 3979 2725 4042 urbis
2804 3999 2983 4042 rome

1779 4064 2164 4146 presbyter:
2204 4083 2449 4127 nomen
2484 4064 2733 4130 Christi
2767 4067 2977 4150 predi-

3054 1801 3065 2318 ι

1780 4153 1969 4215 cavit.
2062 4151 2249 4215 Ante
2293 4153 2626 4234 presidem
2675 4175 2839 4237 ergo
2868 4155 2973 4217 ad-
3061 4225 3065 4240 ἱ

1779 4239 2021 4303 ductus
2074 4241 2210 4304 ait:
2268 4241 2497 4303 Preses
2557 4243 2626 4304 in
2690 4243 2795 4305 his
2852 4262 2971 4324 que

2202 4377 2223 4406 ⁸
2254 4377 2516 4428 nocturnis
2530 4391 2547 4425 .·
2582 4378 2649 4428 R.
2660 4379 2730 4430 Ν.

3058 4455 3065 4568 *m
3061 4391 3065 4426 ..-
3061 4331 3065 4342 -
