3117 4959
1510 254 1614 310 IN
1655 252 1924 310 FESYO

1009 365 1143 421 713
1250 379 1257 386 “

462 475 527 552 ΙῙ
578 471 814 537 Sancti
846 469 1167 536 clementis·
1192 477 1365 552 pape
1388 477 1451 532 et
1478 489 1657 532 mar·

456 573 489 626 t
526 561 640 627 ris.

456 585 585 714 jd
605 658 913 731 vesperas.
942 653 1049 710 ar't’.
1097 642 1557 711 cantantibus,
1599 649 1664 706 et

454 747 651 801 cetere
692 733 1037 816 antiphone
1060 731 1141 796 de
1164 731 1471 796 laudibus
1508 749 1656 794 cum

445 823 731 910 psalmis
743 820 1117 905 ferialibus.
1214 819 1365 901 Cap.
1410 819 1658 882 Beatus

460 913 561 976 vir
588 911 701 994 qui
732 911 976 974 suffert.
1065 908 1181 972 Re.
1230 906 1493 970 Dedisti
1538 906 1660 969 do-

462 999 655 1063 mine.
756 997 1071 1077 Hymnus
1130 996 1316 1058 Deus
1375 1003 1660 1058 tuorum.

462 1104 511 1174 γ
556 1085 787 1150 Gloria
814 1093 883 1148 et
926 1083 1193 1148 honore.
1269 1081 1356 1146 In
1400 1100 1658 1163 evange.

458 1183 565 1239 αῆ.
603 1175 1010 1238 Inuenerunt
1037 1171 1105 1233 in
1126 1169 1399 1234 modum
1424 1167 1658 1251 templi

460 1261 811 1325 marmorei
884 1257 1339 1323 habitaculum
1414 1275 1457 1320 a
1528 1256 1660 1319 deo

460 1359 787 1433 paratum.
818 1357 920 1430 pf.
953 1344 1363 1428 Magnificat.
1410 1343 1657 1409 Oratio.

458 1443 732 1572 Deus
764 1437 878 1519 qui
908 1455 1031 1500 nos
1062 1453 1285 1498 annua
1312 1431 1492 1496 beati
1524 1431 1660 1496 cle-

616 1525 858 1589 mentis
931 1520 1241 1603 martyris
1297 1519 1397 1584 tui
1456 1528 1659 1601 atque

460 1613 791 1696 pontificis
864 1609 1264 1676 solennitate
1331 1606 1607 1672 letificas
1641 1627 1658 1672 :

457 1701 750 1766 concede
779 1699 1146 1783 propitius:
1193 1704 1269 1760 ut
1308 1694 1499 1777 cujus
1540 1713 1657 1758 na-

459 1789 675 1854 talitia
706 1788 1015 1854 colimus:
1044 1785 1358 1849 virtutem
1388 1801 1660 1867 quoque

459 1878 783 1961 passionis
836 1875 1186 1938 imitemur.
1275 1891 1395 1955 per
1444 1870 1660 1936 domi-

458 1987 638 2031 num.
732 1967 798 2042 01*
841 1961 1171 2027 Memoria
1196 1959 1527 2024 desancta
1569 1979 1659 2021 ce-

458 2055 631 2119 cilia.
720 2053 855 2116 Αῐῐ.
903 2050 967 2115 Ο
998 2049 1198 2114 beata
1226 2047 1494 2112 cecilia:
1526 2065 1659 2129 que

458 2142 628 2205 duos
687 2138 921 2204 fratres
962 2135 1347 2201 conuertisti
1382 2157 1397 2199 :
1452 2134 1660 2198 alma-

458 2229 680 2294 chium
723 2227 1014 2309 judicem
1060 2223 1419 2307 superasti:
1463 2222 1662 2285 urba-

459 2338 621 2380 num
650 2315 1037 2397 episcopum
1064 2313 1131 2374 in
1148 2311 1333 2375 vultu
1356 2310 1659 2392 angelico

458 2401 953 2469 domonstrasti.
1086 2415 1135 2485 γ
1214 2399 1477 2462 Diffusa
1534 2406 1656 2464 est.

461 2491 709 2558 Oratio.
744 2491 931 2554 Deus
962 2489 1075 2570 qui
1108 2507 1245 2550 nos.
1310 2489 1376 2564 (Ι
1406 2485 1656 2549 Memo-

456 2581 565 2644 ria
637 2579 720 2643 de
784 2585 1009 2641 sancta
1065 2573 1401 2657 felaekitate.
1518 2572 1656 2638 Αῆ.

458 2667 697 2736 Simile
732 2677 835 2732 est
880 2683 1157 2748 regnum
1204 2659 1513 2727 celorum.
1592 2677 1649 2760 y

459 2757 697 2840 Specie
726 2765 861 2820 tua.
1407 2747 1652 2813 Oratio.

456 2849 791 2978 Presta
827 2857 1184 2924 quesumus
1230 2837 1653 2938 omnipotens

616 2934 823 2996 deus:
898 2936 975 2993 ut
1048 2926 1245 2990 beate
1320 2923 1654 2987 felicitatis

458 3021 764 3104 martyris
811 3027 927 3082 tue
972 3015 1269 3079 solennia
1308 3031 1653 3076 recensen—

455 3117 601 3174 tes:
650 3105 899 3172 meritis
960 3103 1165 3186 ipsius
1225 3108 1654 3183 protegamur

456 3207 524 3260 et
554 3195 873 3279 precibus,
917 3211 1037 3275 per
1078 3190 1447 3254 dominum.
1535 3185 1662 3251 Ad

456 3295 656 3348 matu.
716 3280 891 3346 Invi.
963 3279 1195 3361 Justus
1224 3275 1503 3340 florebit.
1549 3283 1651 3356 pf.

454 3373 716 3438 Venite.
762 3369 1085 3449 Hymnus,
1150 3366 1335 3429 Deus
1365 3373 1649 3426 tuorum.

460 3461 699 3526 Omnes
724 3453 1065 3536 antiplaeone
1090 3461 1155 3516 et
1181 3451 1432 3533 psalmi
1458 3471 1655 3532 usque

452 3549 551 3613 ad
571 3545 797 3611 laudes
846 3550 922 3606 ut
968 3540 1038 3602 in
1084 3537 1409 3602 commum·
1456 3537 1654 3602 unius

452 3631 783 3715 martyris.
873 3645 922 3715 γ
980 3626 1214 3691 Gloria
1264 3635 1333 3688 et
1383 3624 1648 3690 honore.

475 3720 823 3860 Tertius
874 3733 1145 3780 romane
1188 3733 1294 3776 ec-
1342 3711 1580 3796 [Lectio
1590 3713 1652 3794 j.

620 3808 817 3874 clesie
847 3802 1089 3887 prefuit
1126 3801 1476 3884 episcopus
1522 3799 1651 3864 cle-

454 3919 674 3966 mens:
700 3895 813 3979 qui
836 3891 1253 3972 disciplinam
1277 3888 1456 3953 beati
1480 3887 1649 3970 petri

452 3986 907 4073 apostolorum
960 3977 1275 4062 principis
1332 3984 1647 4041 secutus:

452 4083 547 4144 ita
579 4093 837 4140 morum
880 4074 1273 4133 ornamento
1302 4063 1599 4147 pollebat
1632 4084 1647 4128 :

450 4179 527 4232 ut
587 4174 655 4229 et
710 4159 979 4244 judeis:
1026 4164 1095 4219 et
1140 4152 1532 4238 gentilibus:
1579 4160 1647 4214 et

448 4252 761 4318 omnibus
792 4242 1163 4312 christianis
1186 4238 1645 4323 complaceret.

450 4341 630 4424 Quia
654 4337 856 4419 igitur
884 4333 1117 4398 fratres
1147 4327 1646 4393 innumerabilis

452 4423 811 4492 multitudo
872 4420 1081 4503 plebis
1149 4437 1267 4501 per
1339 4425 1642 4480 sanctum

2293 364 2426 417 714

1757 466 2156 532 clementem
2185 485 2504 533 conversa
2553 477 2658 533 est
2705 469 2796 534 ad
2849 468 2960 533 do-

1759 555 2056 618 minum:
2088 556 2450 638 imperator
2477 555 2782 638 trajanus
2813 560 2964 621 mis-

1759 662 1836 706 sa
1907 641 2227 707 relatione
2299 643 2512 727 publii
2584 645 2910 726 torquatii
2947 667 2964 710 ε

1754 728 1953 813 jussit
1975 739 2282 795 sanctum
2300 730 2700 796 clementem
2721 731 2966 798 debere

1761 826 1878 882 aut
1937 817 2276 883 sacrificiis
2349 820 2772 884 consentire:
2848 831 2964 885 aut

1760 913 1945 969 trans
1989 915 2274 989 pontum
2320 907 2522 970 maris
2564 907 2634 970 in
2680 908 2966 972 exilium

1759 993 1998 1057 subire.
2027 993 2145 1058 Re.
2179 993 2470 1060 Oremus
2491 1013 2730 1060 omnes
2747 997 2968 1060 dorni-

1757 1099 1918 1143 num
1961 1079 2143 1144 dixit
2189 1081 2427 1147 beatus
2483 1083 2828 1147 clemens:
2893 1095 2972 1150 ut

1759 1165 2243 1233 confessoribus
2299 1170 2438 1234 suis
2509 1170 2714 1234 fontis
2759 1192 2970 1236 venas

1757 1257 2064 1337 aperiat:
2113 1257 2212 1323 Ut
2270 1259 2358 1322 de
2407 1257 2746 1323 benefieiis
2817 1261 2968 1342 ejus

1759 1344 2184 1424 gratulemur.
2263 1361 2309 1433 γ
2355 1345 2492 1428 Qui
2524 1349 2852 1430 percussit
2895 1350 2968 1412 in

1757 1430 2023 1496 deserto
2074 1451 2246 1515 syna
2292 1443 2598 1516 petram:
2645 1445 2718 1500 et
2745 1435 2964 1500 fluxe-

1758 1527 1912 1582 runt
1957 1538 2131 1601 aque
2179 1518 2248 1584 in
2301 1522 2758 1588 abundantia:
2817 1525 2966 1607 ipse

1757 1607 1952 1671 nobis
1981 1607 2246 1673 laticem
2290 1609 2666 1674 effluentem
2715 1613 2972 1694 impar-

1755 1693 1976 1760 tiatur.
2068 1695 2183 1761 Ut.
2642 1699 2864 1764 Lectio
2893 1701 2967 1782 ij.

1769 1783 2118 1915 Cunque
2164 1793 2434 1849 sanctus
2485 1782 2782 1851 clemens
2813 1809 2970 1870 per-

1895 1870 2188 1936 uenisset
2251 1873 2342 1936 ad
2417 1872 2637 1938 locum
2713 1876 2904 1939 exilii
2949 1899 2966 1940 :

1757 1967 1948 2022 erant
1979 1957 2113 2023 illic
2141 1959 2209 2022 in
2243 1961 2594 2042 ergastulis
2615 1962 2700 2026 ad
2727 1983 2968 2028 secan-

1757 2045 1848 2109 da
1878 2066 2210 2111 marmora
2239 2047 2594 2130 plusquam
2617 2049 2751 2114 duo
2771 2051 2966 2116 milia

1756 2133 2262 2199 christianorum
2286 2135 2602 2202 diuturna
2623 2137 2766 2220 jam
2793 2139 2970 2203 rele-

1755 2222 2026 2303 gatione
2055 2223 2376 2288 damnati.
2465 2223 2598 2306 Qui
2651 2245 2810 2290 eum
2861 2228 2970 2291 vi-

1757 2309 2010 2373 dissent
2043 2310 2314 2375 beatum
2339 2310 2736 2377 clementem
2757 2335 2778 2378 :
2811 2334 2968 2378 om-

1756 2415 1874 2460 nes
1933 2417 2070 2462 una
2125 2418 2290 2463 voce
2349 2399 2704 2465 dixerunt:
2775 2401 2968 2468 Eece

1754 2493 1983 2566 pastor
2013 2494 2238 2550 noster
2271 2509 2286 2552 :
2331 2505 2484 2551 ecce
2531 2488 2738 2552 nostri
2793 2509 2970 2555 con-

1752 2571 1996 2636 solatio
2025 2573 2267 2637 laboris
2296 2585 2366 2637 et
2387 2576 2620 2656 operis.
2669 2576 2970 2660 Cunque

1751 2669 2020 2724 sanctus
2039 2661 2330 2725 clemens
2351 2662 2692 2728 didicisset
2715 2664 2808 2729 ab
2829 2667 2968 2733 eis:

1752 2747 1934 2828 quod
1975 2748 2063 2812 de
2121 2758 2322 2813 sexto
2381 2751 2662 2815 miliario
2705 2773 2970 2834 aquam

1750 2834 1888 2898 suis
1928 2834 2218 2900 humeris
2265 2847 2727 2921 asportarent:
2777 2842 2972 2907 dixit

1750 2922 1885 2987 eis:
1951 2923 2237 2989 Oremus
2296 2923 2529 2989 fratres
2589 2928 2676 2991 ad
2735 2929 2972 2996 domi·

1752 3029 1949 3074 num:
1979 3020 2054 3075 ut
2086 3011 2569 3078 confessoribus
2587 3015 2724 3078 suis
2746 3016 2970 3084 fontis

1750 3117 1990 3162 venam
2022 3118 2230 3182 prope
2251 3103 2522 3182 aperiat.
2567 3102 2682 3166 Re.
2731 3104 2967 3170 Oran-

1751 3194 1818 3249 te
1847 3195 2082 3249 sancto
2126 3187 2491 3253 clemente:
2537 3194 2862 3272 apparuit
2907 3195 2966 3258 ei

1750 3293 1963 3355 agnus
2021 3275 2130 3338 dei
2169 3295 2184 3339 :
2230 3275 2316 3339 de
2363 3277 2490 3340 sub
2537 3278 2726 3359 cujus
2787 3283 2966 3362 pede

1751 3359 1900 3424 fons
1995 3363 2185 3425 vivus
2272 3373 2560 3428 emanat.
2701 3367 2964 3433 Flumi-

1753 3448 1855 3512 nis
1915 3449 2204 3532 impetus
2273 3451 2548 3515 letificat
2608 3453 2958 3521 civitatem

1750 3536 1876 3600 dei.
1994 3553 2043 3621 y
2117 3537 2306 3601 Vidit
2379 3559 2580 3620 super
2647 3554 2958 3608 montem

1749 3644 1998 3705 agnum
2050 3633 2382 3690 stantem:
2443 3627 2530 3690 de
2579 3629 2709 3693 sub
2765 3633 2958 3712 cujus

1750 3713 1920 3794 pede
1980 3711 2129 3776 fons
2172 3713 2360 3777 vivus
2412 3727 2700 3782 emanat.
2799 3720 2960 3784 Flu·

1751 3799 1964 3863 minis
2601 3803 2826 3868 Lectio
2855 3808 2954 3890 iij.

1760 3888 2106 4021 Cunque
2135 3888 2348 3952 oratio
2378 3888 2610 3954 fuisset
2655 3895 2956 3977 comple-

1883 3983 1954 4037 ta
1999 3995 2014 4040 :
2103 3974 2340 4040 beatus
2415 3979 2706 4044 clemens
2785 3983 2952 4047 vidit

1747 4082 1994 4144 agnum
2055 4071 2346 4128 stantem
2399 4066 2948 4134 candidissimum

1743 4151 1858 4231 qui
1911 4150 2156 4215 dextro
2209 4153 2381 4234 pede
2417 4163 2678 4220 erecto:
2725 4155 2946 4221 locum
3049 4193 3051 4244 5

1743 4239 2127 4302 ostenderat
2159 4239 2378 4304 fontis.
2455 4240 2649 4308 Tunc
2677 4255 2948 4310 sanctus
3048 4245 3051 4326 ξ

1741 4325 2036 4389 clemens
2097 4337 2374 4410 accepto
2434 4330 2696 4395 sarculo
2765 4332 2944 4396 brevi
3049 4341 3051 4344 ⁴

1743 4413 1870 4477 levi
1933 4414 2065 4478 ictu
2114 4417 2436 4497 percussit
2483 4437 2564 4481 eo
2627 4417 2780 4482 loco
2831 4419 2944 4506 ubi

3059 2877 3063 2960 1

3056 3159 3061 3226 ί
