3117 4959
833 273 895 326 S.
948 269 1380 326 PRAXEDJS
1437 271 1814 327 VIRGINJS.

596 379 748 435 395

109 489 187 555 Et
238 495 500 552 extento
564 485 786 568 gladio
853 494 1054 568 caput
1113 486 1258 568 ejus

107 577 460 660 amputavit.
553 575 684 658 Qui
759 575 1108 638 confestim
1169 573 1257 638 ad

105 668 422 730 dexteram
504 663 698 726 beate
771 663 1042 744 virginis
1117 682 1259 725 cor·

109 755 252 818 ruit:
295 762 359 816 et
402 751 744 833 expiravit.
838 751 930 816 Et
977 771 1068 814 ex
1115 771 1260 815 cor·

108 861 248 926 pore
306 841 494 904 beate
569 839 875 921 martyris
946 839 1260 902 columba

107 931 310 992 exiens
379 927 752 990 videntibus
821 927 1076 992 cunctis
1135 927 1258 990 celi

108 1026 328 1082 secreta
349 1037 363 1080 :
399 1014 712 1098 angelicis
733 1015 1039 1078 manibus
1059 1035 1259 1096 pene-

107 1106 292 1168 travit.
349 1104 536 1166 Tunc
566 1103 840 1184 quidam
862 1103 1258 1168 christianus

107 1192 342 1256 nomine
385 1191 790 1273 teophimus¹
825 1190 980 1254 tulit
1017 1211 1259 1273 corpus

110 1281 228 1362 ejus
262 1290 326 1343 et
361 1279 662 1361 sepelivit
705 1279 866 1343 illud
913 1299 1066 1343 cum
1113 1299 1259 1342 aro-

111 1369 364 1432 matibus
420 1369 488 1450 in
550 1367 888 1432 antiochia
945 1368 1259 1433 civitate:

109 1457 180 1520 ad
235 1455 482 1519 laudem
529 1456 788 1519 domini
841 1455 1046 1518 nostri
1098 1455 1258 1537 Jesu

111 1543 337 1608 Christi.
387 1543 608 1610 Cetera
629 1542 1050 1607 decommum·
1065 1543 1263 1607 unius

109 1632 357 1713 virginis·
381 1641 441 1696 et
466 1631 788 1712 martyris
803 1651 951 1696 cum
977 1632 1266 1698 oratione

95 1720 350 1801 propria.

111 1812 162 1886 1
191 1807 410 1870 Sancte
418 1805 738 1888 praxedis·
755 1805 1060 1890 virg-imit.
1111 1807 1261 1874 Oea.

109 1898 274 2026 Da
375 1915 736 1977 quesumus
838 1894 1262 1978 omnipotens

236 1984 430 2048 deus:
476 1993 552 2046 ut
583 1984 698 2065 qui
730 1982 925 2048 beate
947 1984 1264 2065 praxedis

109 2071 344 2153 virginis
401 2081 514 2134 tue
576 2071 888 2137 natalicia
937 2071 1262 2138 colimus:

113 2159 250 2223 sicut
276 2179 491 2223 annua
519 2160 922 2224 solennitate
941 2159 1262 2225 letamur:

113 2247 186 2310 sic
215 2256 388 2311 tante
431 2246 612 2310 illius
640 2247 795 2311 fidei
841 2246 1264 2330 proficiamus

111 2335 401 2416 exemplO.
461 2355 586 2417 per
614 2335 978 2401 dominum.
1043 2335 1262 2419 Leaj.

111 2425 226 2552 ln
253 2424 476 2487 diebus
523 2421 693 2488 illis:
737 2424 949 2507 Virgo
994 2444 1264 2488 venera-

191 2510 322 2574 bilis
341 2512 658 2594 praxedis
679 2511 924 2576 afflicta
943 2520 1044 2576 est
1067 2512 1265 2576 nimis

113 2607 344 2681 propter
385 2601 742 2664 transitum
791 2620 1108 2682 germane
1148 2619 1266 2664 sue

113 2687 472 2766 potentiane.
598 2688 717 2751 Ad
794 2707 998 2770 quam
1073 2687 1268 2752 multi

117 2773 332 2838 nobiles
380 2774 720 2839 christiani
773 2784 1138 2842 venerunt:
1201 2784 1270 2842 et

119 2863 593 2927 consolabantur
653 2884 846 2929 eam:
923 2884 1058 2930 una
1113 2884 1267 2930 cum

119 2958 313 3013 sancto
367 2952 480 3033 pio
547 2951 882 3034 episcop0.
1007 2953 1272 3018 Interea

119 3033 264 3101 sacta
280 3048 373 3102 est
392 3040 764 3121 persecutio
797 3060 1043 3124 magna
1068 3041 1272 3105 chris-

121 3123 408 3190 tianorum
443 3149 460 3192 :
543 3137 622 3191 ut
695 3129 1112 3194 traherentur
1183 3129 1270 3193 ad

121 3211 406 3278 culturam
482 3215 856 3280 idolorum:
930 3226 1002 3280 et
1079 3216 1270 3281 multi

123 3303 400 3382 martyrio
427 3304 730 3368 coronati
759 3313 930 3369 sunt.
961 3305 1174 3368 Lectio
1204 3305 1274 3389 ᾔ.

139 3389 391 3515 Virgo
421 3391 650 3474 itaque
679 3392 996 3474 praxedis
1017 3393 1274 3458 fervens

259 3475 324 3540 in
421 3480 944 3564 spiritusancto:

127 3560 478 3630 christianos
523 3567 904 3632 occultabat
940 3569 1006 3633 in
1039 3569 1276 3634 eodem

127 3649 326 3719 titulo:
369 3675 536 3737 quos
569 3665 641 3720 et
667 3656 820 3719 cibo
863 3656 1182 3740 pascebat
1211 3666 1280 3721 et

127 3739 298 3804 verbo
325 3743 804 3826 sanctispiritus
828 3745 1280 3812 confirmabat.

129 3823 288 3891 Tunc
331 3851 487 3895 vero
539 3831 957 3915 divulgatum
1006 3843 1109 3897 est
1161 3853 1280 3897 an-

127 3915 328 3982 tonino
351 3918 729 4002 imperatori
756 3941 770 3983 :
815 3941 897 3985 eo
921 3923 1102 4002 quod
1128 3941 1283 3985 con-

129 4013 334 4068 ventus
363 4004 553 4070 fieret
582 4008 651 4070 in
689 4007 886 4072 titulo
931 4010 1284 4090 praxedis:

131 4089 284 4154 misit
338 4103 405 4156 et
464 4097 682 4160 tenuit
736 4096 998 4162 multos

132 4194 272 4256 quos
301 4183 512 4246 tenuit
553 4185 982 4266 symetrium²
1011 4187 1286 4269 presby-

1031 3481 1276 3548 multos
1293 3521 1302 3526 -

1870 377 2028 434 396

1361 505 1529 570 quos
1576 487 1721 551 sine
1768 484 2284 566 interrogatione
2326 482 2553 567 gladio

1360 575 1579 657 puniri
1622 573 1839 657 jussit.
1931 571 2231 656 Quorum
2277 592 2555 656 corpora

1355 673 1735 727 sanctorum
1752 671 2119 743 martyrum
2134 670 2333 725 noctu
2350 660 2548 726 beata

1357 750 1671 833 praxedis
1702 751 2007 832 collegit:
2039 759 2107 813 et
2132 751 2199 812 in
2224 750 2549 815 cimiterio

1357 839 1550 904 beate
1583 838 1867 921 priscille
1898 837 2221 920 sepelivit.
2274 837 2415 902 Lec.
2450 839 2546 922 ἐϋ.

1353 929 1508 1060 Α
1525 927 1835 991 fflictione
1880 927 2105 1008 itaque
2150 927 2547 994 constricta:

1522 1016 1720 1080 beata
1750 1015 2067 1098 praxedis
2087 1013 2448 1095 ingemuit:
2480 1021 2549 1080 et

1355 1113 1432 1168 ut
1453 1124 1542 1166 ex
1568 1103 1695 1168 hoc
1719 1104 1971 1167 mundo
1995 1104 2303 1166 transiret
2330 1111 2547 1166 atten-

1355 1193 1486 1256 tius
1516 1193 1748 1256 oravit.
1840 1191 2050 1272 CuJus
2078 1189 2411 1255 orationes
2443 1191 2549 1254 et⁸

1354 1279 1442 1345 ad
1503 1280 1849 1344 dominum
1916 1281 2145 1361 Jesum
2208 1278 2547 1343 Christum

1355 1377 1815 1451 pervenerunt.
1910 1366 2000 1430 Et
2044 1375 2199 1449 post
2237 1367 2381 1429 dies
2432 1367 2551 1430 tri-

1355 1458 1546 1538 ginta
1566 1466 1633 1520 et
1651 1464 1967 1538 quattuor
1986 1463 2139 1536 post
2157 1455 2547 1536 martyrium

1357 1554 1739 1608 sanctorum
1822 1541 2351 1626 supradictorum
2427 1541 2551 1605 mi-

1357 1633 1577 1715 gravit
1608 1631 1695 1696 ad
1727 1631 2073 1694 dominum
2102 1629 2288 1712 virgo
2318 1639 2551 1694 sancta

1359 1722 1484 1785 sub
1557 1721 1669 1784 die
1743 1717 2143 1783 duodecimo
2229 1716 2551 1782 kalendas

1358 1808 1641 1891 augusti.
1736 1806 1943 1889 Cujus
1972 1825 2211 1887 corpus
2241 1825 2369 1887 ego
2400 1825 2552 1888 pas-

1359 1905 1466 1961 tor
1495 1897 1840 1979 presbyter
1882 1893 2153 1978 sepelivi
2191 1893 2394 1976 juxta
2435 1913 2551 1976 pa-

1359 1993 1530 2050 trem
1572 2003 1767 2048 suurn
1798 1983 1865 2046 in
1896 1982 2221 2047 cimiterio
2266 1980 2553 2064 priscille

1358 2073 1468 2138 via
1541 2071 1823 2138 salaria:
1900 2071 2013 2134 ubi
2074 2089 2285 2152 usque
2352 2069 2553 2134 hodie

1360 2160 1600 2226 florent
1658 2159 1991 2225 orationes
2048 2168 2429 2223 sanctorum
2482 2159 2549 2221 in

1359 2250 1583 2315 secula
1612 2248 1985 2314 seculorum
2017 2266 2233 2312 amen.
2330 2245 2553 2312 Cetera

1359 2337 1440 2402 de
1477 2337 1805 2402 communi
1852 2335 2055 2401 unius
2097 2333 2385 2418 virginali·
2426 2354 2555 2398 non

1359 2425 1691 2507 martyris

1366 2520 1430 2592 ΙΙ
1473 2515 1560 2578 In
1588 2515 1767 2597 festo
1805 2521 2023 2576 sancte
2048 2509 2257 2574 marie
2282 2509 2555 2590 magda-

1362 2603 1498 2668 lene
1519 2622 1647 2665 non
1670 2599 2042 2665 dubitatur⁴
2073 2599 2233 2680 quin
2250 2596 2560 2662 dicantur

1363 2691 1486 2755 iste
1529 2689 1875 2772 antiphone
1916 2687 2271 2770 sequentes³
2290 2709 2316 2749 .·
2360 2685 2559 2748 etiam

1362 2779 1429 2845 si
1455 2779 1526 2844 in
1554 2778 1747 2862 feria
1788 2775 2063 2840 secunda
2108 2773 2281 2838 illud
2302 2773 2557 2853 fistum

1365 2867 1661 2934 evenerit.
1750 2864 1875 2930 Ad
1898 2873 2189 2945 vesperas
2214 2860 2350 2925 Aa.

1380 2958 1812 3090 Conversus
1856 2960 1958 3016 est
2003 2947 2312 3013 dominus
2354 2947 2439 3012 ad
2470 2946 2559 3010 si-

1499 3061 1767 3107 monem
1818 3048 1886 3104 et
1936 3037 2152 3103 dixit:
2198 3033 2436 3099 intravi
2490 3035 2559 3098 in

1369 3131 1647 3197 domum
1696 3137 1922 3192 tuam:
1984 3145 2226 3207 aquam
2277 3121 2559 3205 pedibus

1371 3219 1538 3283 meis
1598 3237 1733 3281 non
1794 3215 2079 3278 dedisti:
2154 3213 2277 3276 hec
2328 3210 2564 3275 mulier

1371 3327 1502 3371 non
1581 3305 1863 3371 cessavit
1935 3301 2291 3383 lachrymis
2351 3299 2564 3382 rigare

1372 3395 1577 3480 pedes
1653 3411 1855 3456 meoS.
1978 3389 2220 3454 Psalmi
2288 3388 2563 3453 feriales.

1372 3483 1508 3549 An.
1625 3482 1853 3546 Tanto
1926 3498 2217 3560 namque
2277 3475 2565 3559 amplius

1375 3569 1631 3655 peccati
1751 3567 1988 3650 rubigo
2106 3567 2517 3630 consumitur
2552 3585 2567 3626 ε

1376 3667 1631 3743 quanto
1704 3655 2071 3741 peccatoris
2144 3673 2256 3718 cor
2322 3671 2571 3734 magno

1377 3746 1717 3814 charitatis
1740 3747 1895 3828 igne
1918 3751 2387 3808 concrematur.
2434 3740 2569 3804 An.

1380 3835 1601 3898 Maria
1629 3835 1741 3917 pio
1778 3833 2133 3914 conjuncta
2175 3831 2337 3913 Jesu
2383 3847 2575 3891 oscu-

1381 3923 1587 3992 lando
1617 3922 1821 4005 pedes
1852 3920 2025 3984 illius
2053 3927 2122 3982 et
2156 3919 2263 3999 pie
2295 3915 2575 3996 rigando

1381 4021 1570 4094 terge
1599 4010 1875 4075 crimina
1898 4015 2138 4071 nostra.
2197 4006 2331 4067 Ar'i.
2394 4002 2575 4084 Quid

1105 4099 1289 4162 Inter
1386 4099 1847 4182 peccatoribus
1938 4096 2133 4158 letius
2207 4091 2312 4155 vel
2380 4089 2579 4170 justis

1387 4187 1548 4270 quid
1612 4185 2017 4268 sperandum
2081 4187 2183 4242 est
2242 4177 2584 4253 securius:

135 4271 362 4334 terum:
408 4289 559 4334 cum
605 4271 752 4340 aliis
794 4272 1292 4356 vigintiduobus
1391 4295 1524 4338 non
1586 4274 1989 4355 dedignatur
2032 4267 2345 4332 dominus
2398 4264 2586 4346 tangi

224 4402 610 4470 'theophimus;
645 4409 940 4527 msam
1029 4477 1138 4530 ,Ν

257 4549 406 4604 vo1..
441 4554 516 4606 11.
939 4493 1030 4525 ω’
1131 4515 1142 4528 ’

1165 4414 1186 4442 ’
1217 4412 1492 4466 simetrium
1513 4431 1526 4468 ς
1562 4411 1633 4461 Ν.

1960 4409 1980 4438 ⁸
2016 4411 2031 4437 ‘
2048 4413 2099 4456 et
2121 4406 2134 4429 '
2155 4419 2286 4456 om.:
2322 4403 2387 4454 N.

1632 4481 1652 4509 ⁸
1684 4476 2019 4539 subsequentes
2034 4488 2050 4520 .·
2083 4471 2153 4520 N.

2184 4553 2331 4600 DD
