3117 4959
390 1141 399 1149 .
474 1094 678 1155 fuisset
724 1092 950 1165 intuita,
999 1095 1327 1169 stupefacta
1378 1094 1674 1167 clamavit,

1496 249 1605 304 m
1639 248 1914 305 FESTo
2962 266 3032 327 -d

2291 358 2446 413 792

1769 460 2056 522 mandato
2075 462 2484 541 cujuscunque
2499 462 3008 541 superpellicium

1770 539 2028 600 induens
2057 540 2386 602 Matutinas
2407 554 2470 602 et
2485 543 2772 603 Officium
2797 544 3010 604 Misse

1771 638 1912 679 cum
1955 619 2086 679 aliis
2133 620 2490 681 decantavit.
2575 622 2738 683 Cum
2781 634 3006 683 autem

1771 697 1835 758 in
1867 698 2056 759 Missa
2104 699 2495 777 Evangelium
2535 712 2698 761 esset
2739 703 3002 774 lectum,

1773 776 1961 853 petita
1985 777 2148 855 prius
2163 779 2588 839 benedictione
2607 779 3004 857 presbyteri?

1771 856 2070 932 pulpitum
2097 857 2534 933 predicantium
2559 858 2728 931 adiit,
2757 872 2827 919 et
2873 880 3002 920 ser-

1772 954 2014 995 monem
2068 935 2216 996 mire
2267 936 2675 997 edificationis
2723 940 2880 998 fecit
2923 940 3007 999 ad

1773 1016 2082 1091 populum,
2137 1014 2202 1073 in
2247 1026 2480 1075 tantum
2535 1026 2602 1075 ut
2655 1017 3010 1077 multitudo

1772 1092 2142 1182 audientium
2169 1093 2256 1154 sic
2282 1105 2440 1155 esset
2467 1096 2545 1155 de
2571 1094 2765 1172 ipsius
2793 1096 3010 1173 predi·

1773 1182 2010 1233 catione
2036 1184 2416 1250 compuncta,
2437 1185 2505 1233 ut
2531 1194 2598 1233 se
2623 1192 2752 1234 non
2781 1188 3008 1251 posset

1002 356 1133 412 791

474 459 685 535 induit,
712 459 963 539 griseam
990 472 1189 521 autem
1228 460 1512 521 truncatis
1550 478 1674 521 ma·

474 541 625 601 uicis
652 538 1075 617 supervestivit,
1086 552 1147 599 et
1163 559 1267 616 per
1283 538 1673 601 truncationis
1701 592 1708 599 .

472 617 844 699 aperturam¹
876 618 1147 694 exposuit
1172 618 1413 679 brachia
1438 642 1453 680 ς
1494 638 1672 695 mpu-

474 701 769 776 ciavitque
812 716 877 758 se
916 697 1159 775 pluviali
1197 697 1447 775 capucio
1474 717 1676 774 supra-

473 779 657 851 dicto,
724 788 792 837 ut
858 777 945 836 sic
1023 776 1439 853 aliquantum,²
1504 779 1675 853 juxta

474 858 723 918 modum
752 855 863 916 sibi
890 875 999 932 pro
1024 855 1125 915 illa
1144 858 1289 916 hora
1307 855 1672 933 possibilem,

476 936 755 1013 effigiaret
835 936 1143 995 confusam
1224 934 1676 995 similitudinem

476 1014 776 1076 heremite.
834 1014 989 1074 Cum
1018 1016 1130 1073 hec
1156 1012 1328 1091 igitur
1354 1033 1522 1075 soror
1544 1018 1675 1091 ejus

476 1174 683 1233 Frater
731 1191 899 1232 meus
965 1170 1201 1245 insanit,
1266 1174 1442 1232 frater
1506 1191 1677 1232 meus

477 1251 708 1311 insanit.
796 1252 938 1326 Quo
980 1250 1186 1311 audito
1226 1249 1678 1312 comminatorie

476 1330 700 1409 fugavit
747 1349 879 1390 eam
925 1349 963 1389 a
1010 1350 1093 1404 se,
1136 1341 1197 1390 et
1238 1329 1366 1406 ipse
1405 1330 1678 1407 protinus

479 1411 607 1471 sine
660 1429 829 1470 mora
880 1428 959 1469 ne
1025 1410 1547 1485 comprenderetur
1597 1410 1678 1469 ab

477 1489 683 1549 amicis
751 1500 810 1549 et
874 1487 1035 1548 notis
1100 1487 1351 1565 affugit³
1448 1490 1509 1564 j.
1565 1490 1671 1548 Re.

478 1572 730 1628 Sanctus
757 1566 904 1644 fugit
945 1567 1025 1626 ad
1069 1566 1471 1640 solitudinem,
1499 1567 1680 1627 intrat

478 1647 562 1707 ibi
610 1649 891 1707 celestem
931 1645 1205 1706 ordinem
1234 1668 1249 1705 ι
1290 1647 1508 1706 Sancte
1554 1646 1678 1707 vite

478 1745 733 1803 querens
761 1726 1154 1785 dulcedinem.
1242 1727 1293 1801 Ῡ
1335 1726 1487 1784 Illuc
1512 1736 1678 1785 tenet

476 1806 797 1883 perfectam
834 1806 1115 1881 regulam,
1142 1805 1329 1863 abbas
1368 1824 1537 1864 amor
1573 1804 1680 1865 dat

479 1903 711 1944 morum
733 1885 1079 1944 formulam:
1107 1885 1323 1943 Sancte
1340 1882 1473 1943 vite.
1518 1884 1680 1959 Jube

480 1962 741 2024 domine.
805 1964 973 2021 Deus
1002 1961 1118 2022 Dei
1148 1962 1333 2021 Filius
1358 1980 1471 2023 nos
1496 1964 1678 2022 bene-

480 2042 677 2102 dicere
704 2052 765 2103 et
792 2042 1073 2117 adjuvare
1100 2040 1389 2118 dignetur.
1448 2042 1578 2100 Lec.
1607 2043 1674 2116 ij.

480 2122 684 2229 Post
736 2119 1156 2197 accepcionem
1212 2118 1385 2196 igitur
1437 2120 1678 2179 habitus

590 2198 874 2259 heremite
895 2210 957 2259 et
970 2198 1347 2259 reliccionem
1368 2209 1680 2275 parentum

479 2277 735 2356 perrexit
775 2278 853 2337 ad
903 2278 1204 2353 quandam
1244 2277 1576 2350 ecclesiam,
1617 2276 1678 2336 in

481 2356 698 2434 vigilia
714 2356 1190 2433 Assumptionis⁴
1214 2355 1551 2416 beatissime
1573 2355 1682 2417 vir-

481 2436 633 2514 ginis
660 2434 863 2495 matris
893 2435 1023 2509 Dei,
1048 2435 1107 2493 in
1138 2454 1259 2511 qua
1284 2454 1349 2495 se
1376 2434 1576 2511 posuit
1603 2436 1683 2495 ad

485 2515 776 2575 orandum
812 2514 873 2574 in
914 2515 1051 2573 loco
1090 2513 1193 2573 ubi
1222 2532 1466 2573 consors
1493 2516 1686 2591 cujus-

486 2597 627 2655 dam
681 2593 852 2670 probi
914 2592 1183 2671 armigeri
1247 2591 1538 2670 Johannis
1605 2594 1684 2653 de

488 2675 713 2733 Dalton
781 2672 1023 2733 nomine
1110 2671 1417 2733 consuevit
1496 2692 1680 2732 orare.

488 2755 813 2829 Postquam
864 2762 1065 2812 autem
1120 2751 1219 2810 illa
1272 2751 1351 2810 ad
1391 2752 1686 2827 Vesper-as

484 2832 811 2892 audiendas
852 2828 1087 2891 intravit
1126 2829 1486 2902 ecclesiam,⁸
1522 2828 1688 2889 fami-

483 2911 654 2971 liares
706 2912 787 2971 de
832 2910 1015 2971 domo
1061 2908 1334 2986 armigeri
1372 2910 1568 2986 ipsum
1608 2909 1688 2969 de

486 2992 623 3051 loco
650 3008 755 3050 sue
783 2988 1029 3049 domine
1068 3007 1343 3049 amovere
1384 2990 1685 3062 volebant,

486 3070 593 3130 sed
618 3068 719 3129 illa
745 3089 819 3130 ex
847 3067 1176 3129 humilitate
1202 3086 1280 3127 ne
1307 3066 1689 3144 interrumpe-

486 3159 644 3209 retur
684 3147 905 3208 orantis
942 3146 1185 3209 devotio
1232 3165 1355 3206 non
1401 3145 1684 3223 permisit.

491 3226 701 3288 Finitis
726 3247 867 3288 vero
896 3225 1195 3302 Vesperi5‚
1232 3227 1381 3285 dum
1408 3224 1688 3285 surrexis-

490 3316 580 3367 set
605 3308 685 3367 ab
706 3306 989 3378 oratione,
1008 3304 1113 3364 filii
1129 3303 1384 3382 predicti
1399 3302 1690 3381 armigeri,

491 3386 595 3462 qui
632 3397 799 3446 erant
839 3386 1093 3446 scolares
1119 3395 1179 3444 et
1207 3384 1269 3443 in
1310 3382 1690 3445 universitate

492 3463 729 3526 Oxonie
772 3466 1142 3537 studuerunt,
1170 3463 1457 3524 habentes
1504 3461 1690 3539 ipsius

490 3542 776 3604 noticiam
823 3542 1097 3603 dixerunt
1144 3542 1310 3617 quod
1364 3541 1491 3618 ipse
1534 3552 1693 3602 esset

492 3621 645 3682 filius
712 3619 989 3682 Willelmi
1057 3622 1251 3693 Rolle‚
1320 3639 1500 3697 quem
1521 3618 1547 3658 ⁶
1629 3619 1692 3680 in

494 3700 733 3764 Oxonia
757 3711 1139 3779 agnoverunt.
1223 3702 1297 3759 In
1346 3698 1447 3760 die
1490 3710 1692 3761 autem

494 3780 745 3859 predicti
797 3779 931 3841 festi
983 3778 1427 3855 Assumptionis
1480 3777 1694 3839 iterum

495 3861 732 3925 intravit
778 3860 1033 3922 eandem
1082 3857 1411 3932 ecclesiam,
1461 3868 1522 3918 et
1565 3857 1694 3919 sine

599 4040 614 4071 ¹
650 4038 676 4088 1
700 4054 781 4087 am
806 4037 911 4088 told
946 4038 1054 4088 that
1088 4036 1175 4087 the
1206 4035 1321 4087 MS.
1350 4034 1409 4085 Β.
1436 4034 1528 4084 has
1548 4042 1696 4099 apar-

498 4104 995 4167 turam‚asithasa
1188 4099 1697 4162 ,·L.liastheordi·

500 4188 623 4269 ”⁸⁰3
643 4170 1054 4301 ffissffittiffini'i
1074 4178 1561 4299 iflenurw'aufugit
1581 4250 1596 4285 ι
1629 4233 1692 4285 L.

600 4306 625 4399 ε
656 4301 1209 4417 ἲιξῗιῖιαῗίῗεὶιιῖῃέἑοίἔωυ
1238 4384 1249 4415 :
1284 4366 1345 4418 L.

604 4433 625 4459 ⁰
656 4445 804 4492 quern
828 4430 923 4492 ipsi
946 4430 997 4478 in
1024 4448 1035 4477 :
1072 4430 1131 4479 L.

1773 1269 1813 1309 a
1863 1251 2122 1311 lacrimis
2181 1252 2506 1325 continere,
2575 1251 3006 1330 dicebantque

1775 1348 1986 1389 omnes
2013 1349 2078 1391 se
2105 1350 2442 1391 sermonem
2469 1342 2636 1392 tante
2663 1331 2912 1392 virtutis
2939 1344 3006 1393 et

1776 1408 2036 1469 effioecie
2063 1428 2172 1485 per
2193 1422 2372 1470 antea
2399 1429 2522 1470 non
2550 1410 2808 1471 audisse.
2863 1414 3006 1472 Nec

1776 1486 2010 1560 mirum,
2029 1488 2312 1565 cumipse
2327 1500 2486 1549 esset
2506 1490 2766 1565 speciale
2781 1490 3004 1551 Sancti

1775 1567 2024 1644 Spiritus
2052 1586 2358 1645 organum,
2386 1580 2450 1628 et
2489 1570 2618 1645 ejus
2655 1572 2870 1629 afflatu
2909 1590 3002 1630 re-

1778 1664 2001 1707 sonans
2027 1649 2198 1723 cujus
2226 1658 2332 1719 est,
2363 1659 2432 1707 ut
2455 1646 2540 1707 ait
2565 1652 2889 1725 apostolus
2917 1650 3003 1709 ad

1778 1728 2109 1799 Romanos
2180 1724 2396 1802 gratias
2469 1726 2739 1787 dividere
2809 1742 3002 1804 prout

1776 1806 1924 1877 vult,
1951 1814 2012 1864 et
2035 1803 2290 1881 gemitus
2316 1805 2738 1865 inenarrabiles
2779 1826 3004 1883 procu-

1776 1902 1920 1943 rare.
1963 1885 2028 1958 ij.
2058 1885 2162 1943 Re.
2195 1885 2386 1945 Ardet
2413 1896 2623 1960 pectus
2651 1904 2727 1944 ex
2747 1886 3002 1945 flamma

1772 1961 2044 2038 Spiritus,
2072 1963 2237 2021 calor
2261 1962 2426 2023 fortis
2453 1962 2707 2023 sentitur
2741 1964 2994 2024 afforis:

1781 2042 1874 2100 Ex
1901 2060 2024 2117 quo
2053 2051 2218 2117 patet
2241 2041 2486 2101 fervoris
2505 2042 2716 2117 exituS,
2734 2054 2800 2102 et
2823 2045 3000 2119 quod

1777 2139 1948 2179 amor
1989 2118 2064 2179 sit
2105 2119 2309 2197 magni
2358 2120 2607 2181 roboris.
2689 2123 2742 2197 Ῠ
2787 2124 3000 2182 Melos

1779 2216 2032 2258 canorus
2071 2200 2344 2258 ardorem
2379 2199 2660 2277 sequitur,
2690 2212 2750 2260 et
2777 2202 3004 2261 dulcor

1781 2276 2016 2353 ingens:
2048 2279 2184 2337 Deo
2210 2279 2340 2337 laus
2365 2280 2648 2338 redditur.
2721 2280 2820 2338 Ex
2849 2298 2996 2357 quo.

1780 2356 1938 2433 Jube
1965 2355 2224 2415 domine.
2295 2356 2544 2434 Spiritus
2571 2357 2774 2417 Sancti
2801 2358 2998 2435 gratia

1781 2434 2075 2495 illuminet
2116 2436 2302 2495 corda
2353 2447 2416 2496 et
2467 2456 2721 2512 corpora
2761 2450 2996 2498 nostra.

1783 2516 1988 2620 Post
2016 2512 2265 2573 Missam
2293 2513 2470 2591 igitur
2495 2534 2625 2591 pre·
2655 2512 2876 2595 [Lectio
2899 2519 2994 2593 iij.

1892 2592 2086 2652 dictus
2105 2591 2558 2670 armigeripsum
2575 2595 2654 2655 ad
2672 2595 2998 2670 prandium

1784 2670 2064 2731 invitavit.
2144 2673 2301 2732 Cum
2329 2683 2530 2733 autem
2559 2673 2838 2733 intrasset
2865 2676 2998 2751 ejus

1785 2749 2162 2822 manarium,⁸
2214 2751 2416 2827 posuit
2467 2770 2534 2812 se
2595 2750 2658 2811 in
2726 2754 2995 2828 quadam

1785 2831 1974 2890 domo
2026 2832 2262 2906 abjecta
2276 2830 2303 2868 ⁹
2351 2840 2412 2891 et
2463 2829 2727 2907 antiqua,
2777 2833 2996 2892 nolens

1787 2910 1984 2969 aulam
2019 2907 2253 2983 intrare,
2284 2910 2392 2969 sed
2420 2910 2628 2987 pocius
2655 2910 2992 2970 doctrinam

1788 2987 2190 3065 evangelicam
2232 2988 2558 3065 adimplere
2603 2988 2836 3049 curavit
2875 3010 2994 3067 que

1789 3066 1950 3139 dicit,
1983 3068 2136 3127 Cum
2157 3066 2436 3127 invitatus
2449 3067 2628 3127 fueris
2647 3069 2728 3128 ad
2745 3069 2994 3145 nupcias

1787 3147 2070 3206 recumbe
2089 3145 2148 3204 in
2171 3145 2498 3206 novissimo
2520 3148 2674 3220 loco,
2695 3158 2762 3207 ut
2777 3146 2828 3183 ¹⁰
2853 3168 2990 3208 cum

1788 3224 2017 3285 venerit
2070 3224 2174 3300 qui
2228 3235 2288 3284 te
2336 3223 2604 3285 invitavit
2645 3226 2810 3286 dicat
2862 3227 2989 3297 tibi,

1789 3302 2022 3376 Amice,
2051 3305 2312 3364 ascende
2338 3304 2642 3381 superius:
2669 3306 2838 3381 quod
2859 3318 2924 3366 et
2943 3305 2986 3344 ¹¹

1791 3382 1852 3442 in
1907 3401 1982 3443 eo
2035 3384 2398 3459 completum
2453 3394 2557 3444 est.
2643 3384 2808 3443 Nam
2861 3382 2990 3462 ipso

1791 3461 2106 3539 diligenter
2156 3461 2442 3538 requisito
2497 3474 2557 3523 et
2615 3464 2866 3524 tandem
2931 3464 2990 3523 in

1791 3540 2060 3617 predicta
2101 3542 2288 3601 domo
2332 3553 2582 3617 reperto,
2612 3542 2866 3619 armiger
2905 3541 2988 3620 ip-

1792 3639 1920 3681 sum
1970 3639 2148 3697 supra
2189 3620 2462 3697 proprios
2497 3620 2650 3681 filios
2677 3621 2988 3681 collocavit

1791 3700 1873 3761 ad
1899 3718 2183 3759 mensam.
2258 3700 2400 3775 Ipse
2425 3709 2624 3759 autem
2651 3699 2715 3759 in
2743 3700 2986 3776 prandio

1793 3790 1913 3839 tam
1941 3779 2238 3855 perfectus
2267 3790 2391 3839 erat
2419 3790 2622 3839 custos
2649 3777 2896 3852 silencii,
2925 3790 2986 3840 ut

1793 3876 1909 3919 nec
1961 3858 2208 3918 verbum
2275 3856 2522 3933 quidem
2577 3858 2656 3918 de
2711 3877 2816 3919 ore
2865 3862 2984 3937 ejus

1895 4034 1916 4064 '
1949 4034 2242 4099 presbiteri:
2277 4034 2338 4083 L.

1895 4102 1916 4132 ⁸
1939 4100 2050 4150 The
2063 4100 2200 4149 word
2217 4100 2259 4149 is
2273 4114 2330 4149 so
2339 4100 2535 4149 written
2552 4108 2603 4149 at
2613 4098 2846 4165 lengthin
2855 4101 2980 4153 Lect-

1797 4165 1901 4229 viij.
1931 4166 1982 4215 in
2009 4166 2066 4215 B.
2138 4166 2252 4215 The
2287 4166 2598 4217 contractiori
2633 4167 2688 4216 in
2727 4167 2784 4217 L.
2830 4182 2976 4233 repre·

1797 4240 1933 4282 sents
1957 4233 2259 4281 manerium.

1902 4300 1923 4329 ⁸
1955 4298 2213 4362 subjecta:
2249 4296 2310 4349 L.

1886 4364 1926 4395 ¹⁸
1957 4372 2006 4413 et
2029 4382 2042 4413 z
2066 4364 2128 4412 L.

1888 4430 1922 4460 ¹¹
1941 4436 1990 4478 et
2009 4430 2021 4453 '
2044 4444 2142 4479 om.
2173 4428 2233 4479 L.
