3117 4959
1497 263 1544 319 C
1543 260 1743 319 OMM
1750 260 1925 316 UNE

1000 374 1100 431 23

465 489 782 563 sequatur
813 500 936 545 me.
1017 481 1107 544 Et
1131 479 1396 562 reliqua.
1480 479 1668 544 Ome-

466 571 564 633 lia
595 570 766 633 beati
781 568 1080 650 gregorii
1090 577 1274 649 pape.
1379 568 1520 631 Lec.
1554 568 1666 650 vij.

479 658 715 822 Quia
778 656 1090 719 dominus
1151 676 1226 719 ac
1287 655 1672 737 redemptor

605 753 829 807 noster
873 764 1084 807 novus
1129 743 1332 807 homo
1376 745 1558 807 venit
1602 744 1667 805 in

469 832 832 895 mundum:
881 852 1053 895 nova
1097 842 1408 913 precepta
1459 831 1670 895 edidit

469 920 737 983 mund0.
832 920 1009 983 Nam
1057 920 1228 982 sicut
1275 929 1415 983 arte
1457 919 1671 983 medi-

466 1009 612 1072 cine
642 1007 858 1071 calida
888 1008 1143 1090 frigidis
1173 1006 1408 1090 frigida
1440 1008 1670 1070 calidis

467 1106 830 1160 curantur:
905 1098 1000 1159 ita
1075 1095 1384 1159 dominus
1446 1105 1673 1158 noster

465 1186 796 1248 contraria
826 1185 1139 1266 opposuit
1181 1184 1671 1247 medicamenta

467 1274 797 1355 peccatis:
875 1282 949 1335 ut
1009 1271 1274 1335 lubricis
1327 1272 1671 1335 continen-

468 1360 672 1423 tiam:
716 1360 1060 1423 tenacibus
1091 1359 1506 1441 largitatem:
1545 1360 1671 1423 ira-

467 1449 702 1511 cundis
791 1449 1410 1512 mansuetudinem:
1479 1447 1669 1511 elatis

469 1537 838 1619 preciperet
866 1537 1331 1602 humilitatem.

477 1625 714 1789 Quid
765 1644 922 1688 vero
966 1624 1198 1688 fratres
1244 1622 1489 1707 [Lectio
1528 1622 1670 1705 viij.

603 1714 668 1775 in
761 1712 888 1776 hac
980 1712 1263 1775 lectione
1357 1712 1670 1775 dominus

467 1800 689 1863 dicat:
737 1800 1100 1864 audiamus,
1193 1799 1326 1882 Qui
1347 1800 1493 1864 vult
1516 1809 1669 1882 post

469 1907 578 1949 me
601 1888 822 1950 venire
849 1909 862 1950 :
906 1888 1192 1969 abneget
1215 1890 1669 1970 semetipsum.

471 1976 782 2038 Fortasse
857 1976 1258 2039 laboriosum
1350 1996 1482 2038 non
1568 1986 1670 2039 est

469 2063 723 2126 homini
747 2061 1109 2145 ielinquere
1133 2084 1253 2125 sua
1277 2084 1291 2127 :
1337 2064 1454 2126 sed
1475 2064 1670 2127 valde

469 2149 870 2213 laboriosum
903 2160 1004 2213 est
1037 2150 1405 2233 relinquere
1428 2161 1671 2214 semet-

467 2239 706 2319 ipsum.
801 2239 1025 2301 Minus
1057 2240 1302 2321 quippe
1335 2249 1434 2302 est
1466 2239 1671 2302 abne-

467 2346 626 2407 gare
673 2327 853 2408 quod
899 2326 1146 2390 habet:
1195 2327 1390 2389 valde
1445 2328 1667 2391 enim¹

469 2414 753 2478 multum
787 2424 888 2477 est
919 2414 1249 2497 abnegare
1281 2416 1458 2497 quod
1494 2425 1611 2479 est.

655 2504 765 2565 udi
791 2522 949 2583 ergo
981 2524 1132 2566 cum
1166 2505 1346 2567 nudo
1381 2502 1542 2586 [Lec.
1578 2504 1668 2567 ix.

651 2590 884 2654 luctari
939 2590 1276 2655 debemus,
1391 2592 1569 2655 Nam
1617 2593 1670 2655 si

467 2679 746 2742 vestitus
785 2680 1065 2761 quisque
1111 2700 1261 2743 cum
1311 2680 1490 2742 nudo
1535 2680 1670 2745 luc-

468 2775 648 2830 tatur
675 2788 689 2830 :
736 2768 929 2830 citius
953 2768 1037 2829 ad
1061 2777 1302 2830 terram
1328 2768 1670 2850 dejicitur:

467 2854 626 2936 quia
649 2855 852 2918 habet
877 2856 1054 2919 unde
1077 2865 1395 2919 teneatur.
1487 2854 1670 2938 Quid

468 2943 674 3005 enim²
725 2954 882 3006 sunt
941 2954 1200 3008 terrena
1260 2944 1485 3007 omnia
1546 2946 1670 3007 nisi

468 3032 758 3113 quedam
863 3034 1155 3114 corporis
1263 3033 1669 3097 indumenta.

469 3120 601 3201 Qui
666 3140 826 3201 ergo
886 3130 1116 3184 contra
1183 3120 1522 3183 diabolum
1586 3121 1669 3184 ad

466 3218 803 3271 certamen
858 3218 1208 3291 properat:
1273 3209 1673 3271 vestimenta

469 3295 742 3377 abjiciat
774 3317 858 3359 ne
888 3297 1292 3360 succumbat.
1389 3296 1570 3358 Nihil
1606 3298 1671 3358 in

468 3383 594 3446 hoc
649 3384 900 3447 mundo
950 3384 1241 3447 amando
1295 3385 1671 3465 possideat:

465 3492 552 3535 ne
603 3472 779 3534 unde
829 3472 914 3534 ad
970 3482 1200 3536 votum
1252 3473 1536 3552 tegitur:
1586 3473 1671 3536 ad

469 3579 694 3623 casum
731 3559 886 3621 inde
918 3569 1238 3622 teneatur.

466 3647 688 3710 Aliud
710 3648 1054 3710 secundum
1088 3646 1458 3710 matheum-'²

464 3738 610 3867 ln
645 3736 758 3797 illo
804 3745 1143 3817 tempore:
1194 3736 1390 3798 Dixit
1434 3734 1675 3817 Jhesus

567 3822 909 3905 discipulis
933 3826 1067 3887 suis
1093 3846 1106 3887 :
1159 3824 1338 3886 Nihil
1365 3834 1671 3905 opertum

466 3913 646 3993 quod
711 3932 844 3973 non
907 3913 1232 3976 reveletur
1292 3931 1507 3993 neque
1557 3912 1673 3974 ab·

463 4001 846 4063 sconditum
924 4000 1104 4083 quod
1183 4020 1318 4063 non
1411 4002 1673 4063 sciatur.

469 4086 560 4150 Et
591 4088 860 4169 reliqua.

670 4248 682 4277 ¹
717 4262 810 4311 pro
841 4250 855 4275 ‘
873 4248 1008 4295 enim
1026 4246 1039 4269 ’
1061 4255 1228 4297 autem
1255 4266 1266 4296 :
1303 4248 1366 4298 G.

665 4314 686 4343 ²
719 4328 810 4376 pro
840 4318 853 4340 ‘
871 4313 1002 4361 enim
1021 4314 1032 4336 ’
1057 4322 1223 4363 autem
1250 4332 1262 4363 :
1299 4316 1360 4364 G.
1374 4314 1440 4363 N.

663 4380 684 4409 ⁸
725 4378 977 4428 ‘x.'add.·
1011 4380 1076 4428 E.
1093 4380 1210 4429 G.S.

667 4448 686 4475 ⁴
719 4446 919 4508 puncti:
957 4446 1016 4495 E.

2338 372 2436 425 24

1772 477 2027 543 Omelia
2080 476 2255 541 beati
2308 475 2674 558 hieronymi
2710 476 2969 560 presby-

1770 567 1908 630 ten’.
2617 566 2831 629 Lectio
2858 567 2966 648 vij.

1778 652 2201 821 Quomodo
2236 672 2397 736 ergo
2429 652 2664 716 fratres
2711 655 2781 717 in
2828 675 2968 735 pre-

1903 743 2076 805 senti
2138 741 2361 805 seculo
2432 741 2803 805 multorum·
2858 744 2965 805 diu

1767 830 1931 893 latet
1978 830 2387 911 hypocrisis:
2432 849 2592 912 ergo
2634 832 2720 894 de
2752 830 2969 893 futuro

1764 926 2069 1000 tempore
2098 917 2603 1001 intelligendum
2629 928 2731 981 est
2764 938 2967 1000 quan-

1768 1007 1856 1070 do
1926 1005 2255 1086 judicabit
2328 1007 2640 1069 dominus
2710 1005 2969 1069 occulta

1766 1094 2131 1157 hominum.
2209 1094 2391 1157 Nam
2414 1094 2585 1158 sicut
2608 1114 2781 1157 unus
2806 1095 2966 1157 ami-

1768 1202 1993 1245 corum
2026 1182 2204 1244 beati
2246 1180 2368 1263 job
2411 1182 2751 1245 verissime
2782 1182 2967 1246 dixit.

1770 1270 1951 1333 Laus
2012 1270 2367 1351 impiorum
2428 1271 2645 1334 brevis
2706 1280 2853 1334 est:
2905 1280 2970 1334 et

1767 1357 2087 1441 gaudium
2162 1356 2511 1441 hypocrite
2590 1358 2679 1421 ad
2766 1359 2971 1421 instar

1768 1444 2109 1529 peruncti.⁴
2585 1446 2803 1510 Lectio
2832 1446 2967 1528 viij.

1766 1535 1910 1667 Si
1944 1533 2315 1597 ascenderit
2348 1533 2434 1596 ad
2480 1534 2697 1598 celum
2743 1555 2967 1616 super·

1892 1621 2002 1684 bia
2034 1620 2178 1701 ejus
2205 1642 2220 1685 :
2268 1629 2335 1684 et
2359 1629 2562 1705 caput
2586 1622 2729 1702 ejus
2760 1623 2969 1686 nubes

1768 1709 2100 1791 tetigerit:
2148 1710 2339 1791 quasi
2384 1710 2873 1792 sterquilinium
2906 1712 2967 1773 in

1768 1797 1899 1860 fine
1960 1798 2287 1879 perdetur.
2412 1798 2491 1860 In
2554 1797 2686 1860 fine
2755 1799 2969 1880 inquit

1768 1886 2119 1969 perdetur:
2165 1888 2278 1968 qui
2304 1886 2369 1947 in
2396 1886 2718 1967 principio
2738 1886 2970 1949 florere

1765 1974 2133 2037 videbatur.
2227 1974 2320 2037 Et
2352 1984 2452 2036 est
2498 1994 2751 2037 sensus,
2844 1973 2971 2036 At-

1769 2062 2021 2125 tendite
2084 2081 2169 2123 ne
2242 2062 2627 2125 emulemini
2702 2061 2971 2124 simula-

1767 2159 1983 2214 tores:
2032 2150 2190 2230 quia
2219 2151 2444 2212 veniet
2474 2149 2775 2233 profecto
2805 2159 2971 2212 tem-

1767 2258 1891 2320 pus
1938 2240 2005 2301 in
2054 2257 2187 2319 quo
2234 2247 2457 2301 vestra
2502 2240 2708 2301 virtus
2759 2239 2973 2300 omni-

1768 2326 1936 2390 bus:
1986 2335 2055 2388 et
2100 2345 2329 2388 eorum
2384 2326 2707 2390 reveletur
2757 2326 2975 2413 hypo-

1764 2415 1965 2479 crisiS.
2643 2414 2859 2477 Lectio
2891 2416 2975 2478 ix.

1766 2505 2167 2636 Sequitur.
2292 2502 2628 2585 Quoniam
2676 2502 2845 2584 qui⁵
2908 2503 2973 2563 in

1891 2593 2177 2655 tenebris
2228 2592 2535 2655 dixistis:
2605 2591 2671 2652 in
2722 2590 2977 2653 lumine

1770 2680 2108 2744 dicentur:
2156 2679 2222 2741 id
2257 2689 2359 2742 est
2396 2700 2527 2761 que
2573 2680 2746 2741 inter
2790 2686 2978 2741 tene-

1770 2766 1921 2829 bras
1952 2768 2289 2849 quondam
2338 2786 2791 2849 pressurarum
2834 2786 2978 2829 car-

1770 2876 2126 2938 cerumque
2171 2857 2441 2919 umbras
2470 2854 2576 2919 vel
2618 2854 2823 2917 locuti
2874 2854 2979 2917 vel

1770 2946 1946 3027 passi
1972 2953 2123 3007 sunt
2151 2944 2431 3025 apostoli
2460 2966 2473 3007 :
2496 2963 2670 3007 nunc
2690 2943 2715 2980 ⁶
2738 2942 2981 3006 clarifi-

1771 3041 1921 3095 cata
1952 3052 2071 3114 per
2101 3030 2373 3096 orbem⁷
2417 3031 2737 3097 ecclesia:
2788 3031 2984 3094 lectis

1770 3139 1997 3182 eorum
2032 3121 2289 3184 actibus
2335 3120 2597 3201 publice
2630 3120 2984 3203 predican-

1770 3206 1920 3271 ται-,8
1991 3216 2090 3288 pf.
2168 3208 2267 3270 Te
2298 3209 2518 3272 deum.
2595 3226 2641 3295 y
2691 3208 2987 3271 Posuisti

1770 3296 2058 3359 domine.

1768 3384 1853 3446 In
1884 3382 2202 3446 laudibus.
2601 3384 2983 3465 antiphona.

1907 3473 1969 3533 ui
2006 3492 2114 3534 me
2144 3470 2481 3534 confessus
2512 3471 2707 3534 fuerit
2748 3492 2983 3535 coram

1906 3560 2285 3622 hominibus
2318 3559 2687 3624 confitebor
2732 3569 2805 3623 et
2854 3580 2985 3641 ego

1772 3668 1923 3711 eum
1959 3668 2181 3711 coram
2209 3658 2397 3729 patre
2422 3668 2589 3710 meo,
2652 3656 2756 3729 ps'z
2838 3648 2985 3711 Do-

1772 3736 1989 3799 minus
2049 3737 2368 3817 regnavit.
2457 3736 2591 3798 Aa.
2684 3735 2826 3816 Qui
2886 3757 2990 3800 se-

1771 3826 1995 3905 quitur
2026 3845 2132 3887 me
2180 3845 2312 3887 non
2361 3824 2661 3887 ambulat
2694 3824 2765 3885 in
2798 3834 2991 3887 tene-

1774 3912 1907 3975 bris
1938 3913 2053 3975 sed
2085 3912 2359 3976 habebit
2392 3912 2616 3975 lumen
2650 3913 2791 3975 vite
2824 3914 2996 3975 dicit

1774 4001 2100 4065 dominus,
2207 4010 2308 4082 pff.
2420 4000 2731 4082 Jubilate.
2853 4003 2997 4063 Αῆ.

1775 4087 1907 4171 Qui
1942 4090 2102 4152 mihi
2138 4090 2469 4153 ministrat
2495 4110 2603 4153 me
2622 4098 2999 4171 sequatur:

2068 4251 2089 4281 ⁸
2129 4250 2427 4315 ‘qui'om.:
2464 4248 2517 4299 S.

2066 4318 2087 4346 ⁸
2122 4332 2260 4368 non:
2296 4316 2453 4365 W.G.

2068 4385 2085 4411 ⁷
2137 4384 2215 4431 ‘in
2238 4384 2251 4405 ’
2272 4382 2372 4431 add
2396 4400 2409 4431 z
2436 4382 2494 4429 E.

2072 4450 2093 4479 ⁸
2125 4450 2471 4512 predicentur:
2510 4446 2570 4495 E.
