3117 4959
1460 238 1568 290 IN
1606 231 1876 291 FESTO

948 343 1101 400 287

424 462 695 547 virginis
726 462 1055 527 illustrata
1084 461 1619 526 annunciatione.

431 553 579 616 Hec
599 559 703 616 est.
725 553 902 615 enim
937 551 1058 614 flos
1087 551 1347 634 campi:
1381 551 1469 616 de
1487 571 1622 633 qua

427 649 647 704 ortum
680 648 783 702 est
824 638 1193 722 preciosum
1226 638 1435 702 lilium
1468 659 1624 702 con-

428 727 743 792 vallium:
789 747 908 810 per
956 727 1145 809 cujus
1176 736 1441 808 partum
1481 748 1625 789 mu-

427 824 609 879 tatur
660 822 898 879 natura
925 835 941 880 :
971 815 1413 897 prothoplasti
1444 814 1627 879 dele-

429 912 541 967 tur
560 903 771 986 culpa.
819 903 934 967 Re.
970 903 1313 985 Ingressus
1344 902 1626 984 angelus

430 993 517 1054 ad
587 991 863 1054 mariam
940 991 1050 1055 ait.
1183 991 1337 1054 Ave
1418 991 1629 1054 maria

428 1079 643 1162 gratia
674 1079 871 1160 plena
899 1079 1208 1142 dominus
1239 1087 1476 1142 tecum.
1575 1095 1618 1164 γ

438 1167 799 1231 Benedicta
847 1174 920 1229 tu
980 1168 1048 1229 in
1112 1167 1493 1230 mulieribus
1558 1175 1631 1229 et

436 1254 825 1318 benedictus
884 1255 1133 1318 fructus
1193 1255 1439 1317 ventris
1514 1255 1631 1318 tui.

440 1341 610 1406 Ave.
1314 1342 1527 1404 Lectio
1562 1343 1633 1425 ὴ.

438 1430 865 1562 precisum
898 1437 999 1492 est
1035 1429 1103 1492 in
1154 1449 1232 1492 ea
1286 1429 1449 1493 illud
1510 1450 1632 1494 eve

438 1606 585 1670 titia
637 1606 852 1688 paries
904 1605 1089 1670 filios
1181 1606 1337 1686 quia
1391 1605 1517 1669 ista
1564 1607 1632 1668 in

440 1696 657 1758 leticia
687 1694 1031 1757 dominum
1066 1693 1427 1774 parturivit.
1482 1693 1634 1757 Vir-

440 1803 528 1864 go
588 1782 837 1864 quippe
896 1782 1167 1862 genuit:
1228 1781 1385 1863 quia
1444 1781 1634 1864 virgo

442 1871 762 1950 concepit.
899 1869 1230 1932 Inviolata
1302 1871 1559 1951 peperit
1615 1891 1632 1932 ε

444 1957 600 2039 quia
632 1959 697 2019 in
731 1965 1055 2039 conceptu
1090 1956 1294 2019 libido
1325 1977 1459 2020 non
1491 1957 1634 2020 fuit.

444 2046 695 2109 Extitit
767 2045 944 2107 enim
1018 2044 1161 2107 sine
1214 2045 1634 2128 corruptione

442 2133 755 2215 gravida:
801 2141 868 2194 et
901 2132 967 2194 in
1000 2141 1193 2212 partu
1224 2133 1411 2214 virgo
1442 2153 1634 2221 puer-

444 2241 622 2304 pera.
682 2220 821 2283 Re}
858 2219 1076 2282 Maria
1106 2228 1181 2283 ut
1215 2220 1470 2284 audivit
1501 2229 1637 2284 tur-

444 2309 604 2372 bata
636 2317 740 2370 est
770 2308 837 2370 in
872 2327 1177 2371 sermone
1210 2309 1446 2389 angeli.
1540 2308 1635 2372 Et

447 2396 787 2478 cogitabat
820 2395 1035 2477 qualis
1066 2405 1241 2459 esset
1286 2395 1413 2458 ista
1457 2395 1635 2459 salu-

449 2485 635 2548 tatio.
696 2502 741 2570 γ
790 2483 1153 2566 Quomodo
1186 2481 1297 2547 fiet
1330 2484 1636 2547 istud‘ait

448 2573 692 2636 maria:
725 2572 1039 2654 quoniam
1070 2572 1283 2635 virum
1316 2590 1447 2634 non
1480 2592 1636 2654 cog-

449 2679 669 2724 nosco,
762 2659 869 2722 Et.
1290 2658 1510 2722 Lectio
1540 2659 1635 2742 ἰῇ.

444 2751 691 2880 Ave
745 2746 959 2829 inquit
1012 2745 1288 2827 angelus
1336 2747 1422 2809 ad
1484 2768 1635 2810 eam

611 2835 824 2917 gratia
848 2834 1045 2916 plena
1062 2834 1371 2897 dominus
1394 2843 1637 2900 tecum.

450 2924 737 3005 Impleta
813 2932 916 2986 est
992 2922 1199 2984 maria
1242 2923 1506 3004 gratia:
1572 2931 1643 2986 et

446 3013 605 3075 eva²
635 3020 954 3075 evacuata
979 3019 1079 3073 est
1097 3030 1138 3073 a
1157 3009 1370 3091 culpa.
1428 3010 1643 3073 Male-

446 3100 649 3164 dictio
724 3119 894 3163 eve:
965 3099 1027 3161 in
1106 3097 1640 3161 benedictionem

447 3197 741 3250 mutatur
773 3186 977 3250 marie
1007 3187 1159 3250 Ave
1188 3187 1403 3267 gratia
1443 3185 1643 3267 plena

448 3277 757 3338 dominus
788 3283 1027 3338 tecum.
1112 3275 1365 3337 Tecum
1400 3274 1465 3336 in
1498 3294 1641 3338 cor-

447 3364 571 3427 de:
620 3373 836 3426 tecum
886 3363 954 3425 in
985 3370 1251 3425 ventre:
1298 3371 1519 3425 tecum
1573 3362 1641 3425 in

451 3461 638 3514 utero
714 3458 934 3513 tecum
998 3449 1065 3511 in
1126 3448 1394 3512 auxilio,
1493 3449 1642 3513 Re?

450 3538 811 3602 Benedicta
842 3546 913 3601 tu
948 3536 1013 3599 in
1054 3535 1454 3601 mulieribus,
1547 3538 1642 3601 Et

446 3626 835 3690 benedictus
894 3624 1141 3687 fructus
1202 3625 1451 3688 ventris
1516 3626 1638 3690 tui.

447 3732 495 3802 γ
539 3714 689 3778 Ave
737 3713 945 3776 maria
1003 3713 1222 3794 gratia
1270 3711 1469 3794 plena
1516 3714 1638 3776 do-

448 3804 668 3867 minus
723 3812 961 3866 tecum.
1084 3800 1178 3864 Et
1242 3800 1638 3864 benedictus

446 3893 689 3957 Gloria.
784 3891 876 3954 Et
936 3890 1344 3954 benedictus.
1451 3888 1537 3950 In
1585 3890 1646 3972 ῃ·

544 4030 557 4059 ¹
592 4028 761 4077 Verba
812 4042 844 4075 a
886 4025 973 4076 Re.
1034 4039 1190 4089 usque
1237 4024 1302 4074 ad
1354 4027 1368 4050 ⁸
1388 4022 1489 4072 Et·
1536 4038 1637 4073 om.

443 4095 679 4145 R.N.Sz.

538 4164 558 4191 ²
598 4159 747 4209 ‘eva’
772 4174 910 4207 om.:
946 4157 1103 4206 E.Sr.

534 4225 565 4258 ’ς
621 4227 711 4275 Re.
784 4223 1052 4287 Quomodo
1102 4221 1185 4270 fiet
1226 4220 1356 4271 istud
1398 4227 1459 4270 ut
1486 4228 1642 4285 supra

437 4295 495 4342 in
540 4290 776 4355 ‘vesperis’
822 4289 961 4338 add:
1016 4288 1249 4338 R.N.Sz.
1327 4287 1393 4336 Et
1446 4303 1477 4336 a
1532 4288 1624 4336 Re.

438 4365 452 4388 ⁸
470 4359 739 4408 Benedicta
756 4357 770 4380 ’
791 4370 948 4420 usque
970 4355 1034 4404 ad
1063 4359 1077 4383 ‘
1094 4354 1230 4418 virga
1246 4353 1259 4377 ’
1281 4353 1450 4403 omnia
1484 4369 1585 4403 om.
1617 4371 1630 4403 ε

432 4425 667 4476 R.N.Sz.

586 1518 991 1581 infelicitatis
1020 1517 1308 1599 elogium
1340 1539 1354 1582 ε
1387 1519 1453 1580 in
1484 1518 1640 1581 tris-'

2232 345 2388 400 238

1720 471 2029 526 nocturno
2058 469 2165 526 aii.
2253 463 2504 526 Missus
2533 471 2640 526 est
2671 463 2926 546 gabriel

1723 550 2000 632 angelus
2031 551 2118 613 ad
2152 551 2433 614 mariam
2454 552 2786 634 virginem
2817 551 2926 615 de-

1723 647 2110 720 sponsatam
2157 639 2414 720 joseph.
2489 649 2593 721 pff.
2647 640 2929 702 Eructa-

1723 727 1836 791 vit.
1890 726 1953 789 A
1963 735 2024 789 ἡ.
2058 726 2210 790 Ave
2243 727 2452 790 maria
2481 728 2700 808 gratia
2733 728 2930 810 plena

1724 813 2038 876 dominus
2106 823 2346 878 tecum.
2437 814 2798 878 benedicta
2859 825 2930 878 tu

1725 903 1794 963 in
1838 900 2240 966 mulieribus,
2315 911 2418 984 pf.
2467 904 2655 967 Deus
2705 911 2933 966 noster

1727 989 2071 1071 refugium.
2149 991 2288 1054 Αῆ.
2334 991 2641 1073 Angelus
2675 991 2934 1055 domini

1728 1078 2066 1140 nunciavit
2118 1079 2340 1142 marie.
2386 1088 2456 1141 et
2501 1079 2816 1160 concepit
2848 1078 2936 1142 de

1727 1165 1960 1248 spiritu
1993 1175 2244 1229 sancto,
2307 1176 2408 1248 pff.
2441 1167 2938 1230 Fundamenta.

1743 1340 2152 1474 Gratulare
2183 1341 2385 1406 beata
2428 1343 2657 1425 virgo:
2709 1342 2940 1406 Chris-

1865 1438 1972 1491 tus
2018 1450 2057 1491 e
2103 1429 2247 1493 celo
2291 1450 2414 1493 suo
2467 1431 2822 1494 descendit
2869 1431 2939 1493 in

1731 1525 1991 1580 uterum
2023 1526 2231 1581 tuum.
2326 1518 2438 1580 Ex
2487 1519 2633 1581 sinu
2685 1519 2944 1600 patris:

1731 1604 1798 1666 in
1833 1614 2094 1668 uterum
2141 1605 2454 1688 dignatus
2503 1616 2604 1670 est
2655 1609 2942 1671 descen-

1736 1692 1893 1754 dere
1943 1694 2193 1755 matriS.
2309 1694 2676 1758 Benedicta
2729 1705 2808 1758 tu
2871 1695 2942 1757 in

1734 1779 2116 1844 mulieribus
2150 1781 2407 1863 inquit:
2454 1803 2586 1864 que
2617 1783 2834 1846 vitam
2873 1792 2944 1844 et

1732 1867 1888 1930 viris
1965 1878 2032 1933 et
2125 1869 2506 1932 mulieribus
2601 1872 2942 1953 peperisti.

1736 1955 1960 2018 Mater
2002 1957 2264 2038 generis
2309 1958 2514 2021 nostri
2557 1979 2812 2039 penam
2846 1960 2951 2020 in-·

1733 2043 1884 2106 tulit
1945 2045 2196 2108 mundo
2247 2065 2262 2109 τ
2322 2047 2618 2126 genitrix
2681 2047 2942 2109 domini

1734 2131 1940 2194 nostri
2003 2131 2288 2196 salutem
2358 2134 2585 2197 attulit
2663 2134 2943 2197 mundo,
3058 2155 3067 2166 ·

1737 2218 1874 2284 Re.⁴
1925 2219 2121 2282 Dixit
2179 2221 2456 2303 angelus
2500 2222 2586 2284 ad
2635 2223 2942 2285 mariam.

1735 2326 1819 2368 ne
1863 2308 2101 2370 timeas
2149 2310 2359 2371 maria
2413 2309 2741 2372 Invenisti
2787 2330 2944 2392 gra-

1737 2395 1900 2457 tiam
1947 2395 2126 2477 apud
2175 2395 2538 2460 dominum.
2663 2415 2714 2484 γ
2763 2399 2943 2460 Ecce

1737 2482 2068 2565 concipies
2123 2493 2191 2548 et
2244 2485 2458 2565 paries
2521 2483 2732 2548 filiurn
2777 2507 2794 2550 ε
2869 2493 2944 2548 et

1735 2571 2005 2633 vocabis
2051 2591 2295 2636 nomen
2329 2573 2472 2654 ejus
2501 2575 2750 2656 Jesum.
2828 2573 2941 2636 In·

1736 2659 1997 2722 venisti.
2622 2661 2848 2724 Lectio
2877 2681 2941 2724 v.

1739 2747 2126 2877 Auctrix
2157 2748 2412 2829 peccati
2459 2768 2626 2812 eva:
2674 2749 2944 2812 auctrix

1908 2835 2123 2898 meriti
2157 2838 2382 2900 maria.
2450 2837 2600 2901 Eva
2629 2836 2946 2898 occiden-

1739 2921 1830 2984 do
1905 2922 2178 2988 obfuit:
2255 2925 2465 2987 maria
2537 2924 2944 2989 vivificando

1740 3007 2006 3091 profuit.
2098 3009 2426 3075 Percussit
2471 3011 2624 3077 illa:
2673 3013 2805 3075 ista
2835 3033 2998 3075 sa·-

1741 3097 1941 3160 navit.
2065 3097 2193 3161 Pro
2242 3098 2696 3163 inobedientia
2756 3101 2946 3162 enim

1739 3185 2127 3248 obedientia
2151 3187 2175 3223 ⁸
2206 3197 2673 3251 commutatur.
2735 3187 2948 3251 Fides

1741 3291 1862 3352 pro
1895 3271 2170 3354 perfidia
2189 3285 2678 3358 compensatur.
2731 3275 2954 3338 Beata

1741 3360 1943 3441 igitur
2017 3363 2224 3424 maria·
2283 3363 2548 3444 gestat⁶
2593 3363 2954 3426 infantem.

1742 3447 2172 3529 amplexatur
2201 3449 2427 3515 filium.
2477 3459 2702 3533 portat
2733 3473 2781 3514 a
2813 3471 2957 3534 quo

1741 3536 2149 3617 portabatur.
2229 3538 2374 3602 Nec
2404 3538 2682 3602 fortuitu
2713 3549 2796 3603 ut
2829 3540 2958 3602 fin·
3073 3531 3075 3534 ⁴

1741 3632 1911 3705 gunt
1961 3625 2308 3688 sabelliani
2363 3623 2654 3709 reperit⁷
2703 3648 2958 3709 parvu-

1742 3711 1900 3776 lum.
1989 3712 2106 3774 sed
2155 3712 2446 3776 decursis
2480 3735 2726 3778 novem
2763 3737 2960 3780 men-

1739 3800 1923 3862 sibus
2011 3802 2270 3881 peperit
2348 3799 2715 3866 Christum.
2845 3805 2956 3866 ΚΒ

1745 3887 1922 3950 Ecce
1954 3890 2284 3970 concipies
2337 3899 2406 3952 et
2452 3891 2676 3971 paries
2723 3890 2959 3959 filium.

1845 4024 1864 4053 ⁴
1897 4021 1946 4070 A
1975 4024 2091 4072 ‘Ra
2168 4023 2344 4073 Dixit·
2377 4040 2532 4090 usque
2549 4025 2618 4076 ad
2647 4031 2664 4056 ¹
2683 4029 2934 4079 Invenisti
2955 4031 2969 4050 ’

1743 4086 1913 4136 omnia
1937 4103 2036 4138 om.
2065 4107 2078 4138 ε
2116 4089 2350 4139 R.N.Sz.

1844 4155 1866 4185 ⁸
1903 4159 1916 4182 ‘
1933 4155 2220 4204 obedientia
2238 4155 2251 4178 ’
2273 4171 2373 4206 orn.
2405 4175 2419 4207 ε
2456 4157 2543 4208 52.

1842 4220 1863 4249 ⁶
1895 4228 2068 4282 gesta:
2105 4221 2191 4270 Sz.

1837 4289 1856 4316 ⁷
1889 4286 2140 4350 repperit:
2176 4287 2357 4338 8282.
2931 4293 2968 4304 ““

1833 4354 1852 4382 ⁸
1885 4352 1935 4401 A
1963 4354 2080 4402 ‘Re.
2158 4353 2292 4403 Ecce
2314 4354 2326 4377 ’
2351 4369 2510 4420 usque
2531 4357 2602 4407 ad
2631 4357 2792 4424 ‘ejus
2867 4359 2968 4411 1-:1'

1731 4419 1898 4467 omnia
1922 4434 2020 4467 om.
2050 4437 2062 4468 z
2099 4419 2160 4468 R.
2172 4419 2332 4470 N.Sz.
