3117 4959
831 215 893 270 S.
947 209 1048 273 SA
1056 211 1428 270 Mesoms
1475 213 1872 301 Eplscoet.

645 323 800 379 428

133 431 216 496 Et
233 429 400 494 dixit
419 427 804 512 imperator¹
839 427 1308 492 maximianus

133 523 510 584 Permaneat
563 519 628 580 in
677 533 841 599 pace
892 535 1170 598 regnum
1201 524 1306 578 tu-

128 629 273 672 um:
318 615 384 670 et
415 605 650 670 crede:
691 604 1006 686 quoniam
1041 613 1311 686 propter

131 705 194 760 te
221 695 561 758 suscitavit
591 713 712 756 nos
730 693 896 756 deus
916 701 985 755 et
1008 691 1311 763 vivimus.

133 784 215 848 Et
243 783 360 848 hec
391 783 620 846 dicens
647 780 1026 845 videntibus
1057 780 1312 843 cunctis

131 871 508 934 inclinantes
565 869 790 951 capita
847 887 968 930 sua
1028 867 1314 931 dormie-

131 969 268 1024 runt
289 980 303 1022 :
325 967 392 1022 et
411 958 826 1020 tradiderunt
849 955 1118 1038 spiritus
1140 975 1310 1019 suos,

135 1047 216 1110 Et
245 1049 634 1110 invenerunt
660 1066 675 1110 :
723 1045 906 1126 quod
938 1043 1314 1107 habuerunt

131 1143 442 1200 trecentos
464 1134 893 1216 septuaginta
911 1132 1080 1195 duos
1103 1150 1314 1194 annos

133 1243 210 1286 ex
255 1224 358 1285 die
406 1242 543 1304 qua
596 1221 1056 1304 requieverant
1103 1239 1314 1300 usque

133 1311 192 1374 in
235 1311 406 1373 diem
456 1328 594 1393 qua
641 1307 1093 1391 expergefacti
1139 1316 1310 1370 sunt.

135 1399 409 1480 Septima
499 1396 684 1461 lectio
772 1396 855 1459 de
939 1394 1319 1477 expositione

131 1485 444 1568 evangelii.
495 1485 782 1548 Intravit
799 1484 1010 1565 Jesus.
1062 1482 1317 1548 Omelia

135 1574 289 1638 beati
334 1573 685 1657 augustini
739 1573 1004 1654 episcopi
1060 1571 1314 1636 Secun-

133 1661 277 1726 dum
297 1663 320 1699 ²
349 1661 794 1744 evangelium.
867 1659 1078 1738 Quere
1103 1660 1174 1722 in
1203 1658 1315 1722 do-

133 1749 354 1814 minica
396 1749 591 1832 infra
633 1759 892 1812 octavas
937 1749 1000 1812 A
1005 1747 1316 1829 ssumpti-

135 1837 276 1902 onis.
927 1835 1141 1899 Lectio
1171 1834 1312 1918 viij.

133 1927 271 2057 A
282 1926 820 2008 ppropinquante
869 1923 1032 1987 hora
1078 1923 1318 1988 transi-

281 2023 386 2077 tus
439 2015 640 2078 beate
690 2011 948 2076 marthe
979 2011 1154 2074 foras
1199 2011 1315 2075 de-

135 2099 266 2164 ferri
310 2122 381 2166 se
427 2101 668 2184 jussit:
715 2111 793 2164 ut
822 2100 1040 2164 celum
1089 2106 1316 2181 posset

133 2189 353 2254 videre.
385 2198 456 2254 et
485 2189 744 2272 lignum
777 2190 986 2252 crucis
1016 2207 1216 2270 super
1244 2206 1318 2251 se

135 2279 364 2342 teneri:
409 2297 490 2342 ac
546 2279 614 2340 in
663 2276 788 2340 hec
837 2274 1042 2339 verba
1085 2275 1316 2339 oravit.

139 2363 390 2448 Hospes
421 2366 622 2430 chare
641 2364 814 2428 hanc
829 2362 1316 2447 pauperculam

122 2454 419 2518 custodi:
465 2462 536 2517 et
583 2455 755 2517 sicut
788 2471 1049 2516 mecum
1081 2452 1316 2533 digna-

122 2547 232 2606 ,tus
259 2551 326 2605 et
369 2541 742 2625 hospitari:
789 2541 884 2604 sic
915 2559 1023 2603 me
1055 2539 1318 2622 suscipe

137 2627 195 2692 in
223 2628 516 2713 hospicio
544 2638 670 2693 tuo
699 2627 945 2692 celesti.
1023 2628 1116 2692 Et
1145 2627 1318 2691 lecta

135 2735 316 2798 super
341 2737 414 2780 se
445 2717 756 2800 passione
808 2716 1174 2780 secundum
1221 2715 1320 2779 lu-

135 2819 268 2868 cam
297 2827 310 2869 :
356 2826 510 2870 cum
575 2806 946 2870 diceretur:
995 2804 1192 2867 Pater
1249 2803 1318 2866 in

137 2911 354 2957 manus
383 2903 536 2958 tuas
570 2893 968 2957 commendo
1012 2891 1318 2974 spiritum

139 2999 385 3046 meum:
431 2982 548 3046 illa
581 2981 799 3044 emisit
829 2980 1152 3062 spiritum.
1200 2978 1320 3044 Se-

137 3069 346 3148 quenti
370 3089 528 3134 vero
560 3070 686 3133 die.
717 3069 968 3132 scilicet
988 3066 1325 3132 dominica

137 3154 292 3220 circa
319 3157 554 3222 horam
587 3157 854 3220 tertiam
887 3157 1064 3238 apud
1099 3165 1319 3238 petra-

137 3247 394 3324 gorcas³
445 3246 650 3310 beato
702 3244 993 3308 frontoni
1047 3245 1318 3308 missam

122 3330 518 3398 celebranti:
568 3340 639 3396 et
668 3341 823 3414 post
853 3331 1206 3413 epistolam
1250 3333 1320 3395 in

122 3419 436 3485 cathedra
465 3421 826 3485 dormienti
860 3419 1170 3484 dominus
1203 3439 1319 3501 ap·

137 3509 340 3587 paruit
397 3509 646 3574 dicens,
752 3507 827 3573 Si
885 3509 986 3572 vis
1046 3507 1320 3589 implere

139 3613 256 3676 que
277 3596 436 3660 olim
455 3597 720 3680 hospite
743 3606 966 3660 nostre
985 3595 1320 3678 pollicitus

122 3701 230 3748 es:
259 3704 529 3768 sequere
553 3705 676 3749 me.
745 3683 901 3766 Quo
925 3684 1110 3765 jussa
1139 3704 1319 3748 com·

141 3770 388 3850 plente:
433 3773 640 3837 ambo
688 3772 1152 3836 tharasconum
1210 3793 1319 3835 ve·

141 3870 361 3924 nerunt
419 3871 488 3925 et
550 3861 963 3942 complentes
1029 3860 1318 3923 officium

141 3963 358 4030 corpus
389 3951 534 4032 ejus
565 3949 634 4014 in
664 3947 1014 4031 sepulchro
1036 3947 1318 4012 colloca-

139 4046 375 4101 verunt.
921 4041 926 4044 ’
978 4035 1194 4098 Lectio
1224 4037 1318 4100 ix.

278 4144 460 4189 erum
491 4125 653 4189 dum
686 4124 864 4208 apud
896 4133 1321 4207 petragorcas

281 4213 596 4277 diaconus
672 4212 960 4278 lecturus
1035 4233 1318 4296 evange-

1924 326 2077 380 424

1413 427 1577 492 lium
1597 428 2163 494 :benedictionem
2184 441 2418 513 petens
2442 433 2613 516 epis-

1413 536 1657 598 copum
1689 518 2013 582 excitaret
2042 539 2057 582 ε
2088 523 2445 602 respondit.
2480 523 2618 587 Cur

1417 625 1526 668 me
1586 605 1977 670 excitastis?
2051 607 2363 672 dominus
2432 611 2613 673 enim

1417 712 1605 756 meus
1623 693 1817 774 Jesus
1838 694 1922 757 ad
1954 715 2193 778 corpus
2227 696 2485 761 marthe
2505 718 2615 763 me

1415 781 1655 845 duxit:
1692 789 1761 845 et
1792 783 2007 864 ipsam
2057 782 2457 849 tradidimus
2510 807 2613 849 se·

1417 868 1699 952 pulture.
1790 869 2079 952 Dirigite
2111 871 2263 936 illuc
2299 872 2616 937 velociter

1417 958 1695 1019 nuncios
1724 977 1739 1020 ε
1786 959 1899 1039 qui
1936 957 2127 1023 nobis
2159 959 2429 1024 anulum
2462 982 2612 1025 nos·

1418 1052 1595 1107 trum
1625 1065 1897 1108 aureum
1925 1055 1992 1110 et
2022 1045 2341 1112 cirotecas
2373 1051 2615 1114 criseas

1417 1131 1737 1196 deferant.
1830 1132 1981 1215 Que
2028 1135 2190 1198 dum
2240 1137 2324 1200 ad
2376 1158 2615 1220 corpus

1417 1220 1876 1303 sepeliendum
1940 1243 2049 1286 me
2108 1232 2448 1306 aptarem:
2510 1245 2617 1289 sa-

1415 1309 1615 1371 criste
1673 1311 2180 1376 commendavi:
2249 1321 2317 1376 et
2377 1333 2459 1377 ea
2516 1314 2613 1376 di-

1417 1397 1607 1460 misi:
1652 1397 1813 1478 quia
1856 1417 1965 1461 me
1993 1407 2133 1462 tam
2166 1399 2301 1463 cito
2330 1401 2615 1466 excitas-

1417 1485 1522 1548 tis,
1614 1485 1805 1548 Missi
1837 1505 1994 1548 vero
2025 1487 2250 1551 nuncii
2295 1489 2391 1552 ita
2434 1491 2613 1554 inve-

1418 1572 1717 1637 nientes:
1764 1574 2037 1638 anulum
2071 1575 2419 1658 solamque
2450 1577 2614 1641 ciro-

1418 1668 1637 1724 tecam
1698 1661 2125 1727 attulerunt:
2201 1662 2399 1727 aliam
2458 1685 2616 1729 vero

1420 1748 1488 1810 in
1509 1746 1709 1829 hujus
1736 1749 1828 1812 rei
1859 1750 2311 1814 testimonium
2344 1753 2619 1817 sacrista

1417 1836 1705 1900 retinuit.
1784 1837 2097 1901 Marcella
2127 1860 2285 1903 vero
2332 1841 2477 1944 ejus
2523 1840 2616 1904 sa-

1421 1922 1603 1987 mula
1660 1925 1867 1988 vitam
1944 1927 2159 2029 ipsius·
2224 1929 2617 2012 conscripsit

1419 2031 1552 2094 que
1626 2015 2057 2095 postmodum
2140 2015 2209 2079 in
2285 2017 2615 2081 coloniam

1419 2119 1702 2182 pergens
1762 2109 1829 2164 et
1892 2101 2137 2166 ibidem
2198 2105 2617 2186 evangelium

1423 2188 1669 2253 Christi
1689 2189 2071 2270 predicans:
2102 2201 2257 2273 post
2280 2194 2615 2257 decimum

1421 2295 1670 2339 annum
1726 2297 1767 2340 a
1813 2276 2213 2343 dormitione
2244 2282 2502 2345 marthe
2546 2283 2615 2345 in

1419 2383 1585 2446 pace
1614 2365 1880 2446 quievit.
1934 2365 2157 2432 Cetera
2186 2367 2265 2431 de
2292 2369 2623 2434 communi

1419 2451 1620 2514 unius
1709 2453 1993 2535 virginis
2088 2475 2213 2520 non
2288 2458 2616 2539 martyris.

1419 2539 1752 2604 Memoria
1769 2542 1794 2579 ⁴
1861 2543 1941 2605 de
1997 2545 2411 2625 martyribus.
2500 2545 2628 2611 Ad

1421 2637 1715 2709 vesperas
1742 2629 1965 2692 omnia
1991 2630 2073 2694 de
2096 2633 2435 2698 communi.
2524 2635 2624 2697 Et

1403 2715 1594 2797 fiant
1608 2716 1910 2780 memorie
1926 2718 2006 2780 de
2017 2729 2235 2782 sancto
2250 2731 2585 2802 sampsone
2594 2723 2621 2760 ⁸

1421 2803 1693 2886 episcopo
1721 2814 1786 2867 et
1809 2805 2161 2886 confessore
2198 2817 2262 2870 et
2297 2808 2380 2872 de
2402 2819 2621 2872 sancto

1407 2891 1831 2974 pantaleone⁶
1860 2902 2147 2974 martyre
2192 2915 2337 2958 cum
2384 2897 2621 2960 oratio-

1425 2979 1619 3042 nibus
1645 2978 1725 3042 de
1750 2979 2089 3046 communi.

1429 3071 1493 3145 (Ι
1543 3067 1781 3131 Sancti
1830 3067 2191 3152 sampsonis
2244 3069 2510 3154 episcopi
2562 3081 2625 3136 et

1423 3155 1905 3236 confessoris,
2334 3161 2547 3224 Lectio
2556 3162 2619 3242 j.

1426 3246 1685 3395 Post
1717 3243 2095 3309 abscessum
2151 3245 2357 3328 patris
2407 3249 2618 3313 sancti

1574 3331 1949 3414 sampsonis
2008 3341 2077 3396 et
2136 3336 2439 3399 avunculi
2516 3337 2619 3401 sui

1423 3420 1875 3484 vastissimum
1936 3420 2277 3487 heremum
2336 3434 2623 3508 quatuor

1424 3527 1579 3571 cum
1610 3527 1692 3571 eo
1724 3509 2195 3574 comitantibus
2216 3512 2399 3575 adire
2414 3515 2621 3578 desti-

1425 3597 1624 3660 navit.
1704 3596 1795 3660 Et
1819 3596 2021 3679 juxta
2050 3598 2351 3664 abrinum
2373 3601 2621 3668 flumen

1423 3683 1770 3747 castellum
1802 3704 1956 3748 cum
1986 3685 2171 3751 sonte
2216 3687 2621 3755 lucidissimo

1425 3771 1496 3835 in
1555 3791 1640 3834 eo
1700 3772 2089 3839 inveniens:
2165 3774 2617 3843 habitaculum

1425 3858 1561 3923 suis
1593 3859 1903 3924 fratribus
1927 3861 2121 3926 fecit:
2153 3863 2352 3926 deum
2378 3885 2621 3948 rogans

1424 3957 1501 4011 ut
1549 3949 1675 4012 sub
1724 3957 1897 4013 terra
1952 3948 2336 4032 speluncam
2386 3952 2446 4015 ei
2478 3954 2625 4036 dig-

1427 4045 1697 4100 naretur
1754 4037 2115 4101 ostendere.
2208 4036 2432 4120 Quam
2477 4060 2626 4122 pre-

1425 4145 1573 4188 cem
1604 4125 1916 4188 dominus
1941 4125 2255 4205 dignatus
2285 4134 2388 4190 est
2418 4147 2627 4194 exau-

1425 4212 1588 4277 dire.
1678 4213 1859 4276 Nam
1889 4212 2183 4295 quadam
2234 4214 2345 4278 die
2389 4217 2625 4281 silvam

143 4341 156 4372 ¹
186 4344 495 4410 imperatori.
533 4349 596 4400 R.
606 4348 674 4400 N.
684 4348 739 4400 S.
823 4349 846 4380 ⁸
878 4363 972 4414 pro
1011 4347 1352 4397 ‘'secundum
1374 4354 1637 4398 sanctum.
1676 4347 1739 4398 R.
1748 4345 1816 4399 N.
1826 4347 1881 4399 S.
1955 4348 1974 4378 ⁸
2006 4349 2382 4414 petragoricas:
2418 4353 2481 4404 R.
2490 4354 2554 4405 N.
2566 4355 2620 4406 S.

145 4410 164 4440 ⁴
195 4414 445 4464 memorie.
467 4415 522 4465 S.

875 4417 896 4447 ⁸
925 4427 1168 4464 sansone:
1201 4415 1266 4464 R.
1273 4415 1326 4465 ὁ.
1346 4415 1558 4479 passim.

1882 4415 2289 4480 ⁸:pantkaleone
2322 4419 2388 4469 R.
2410 4424 2620 4484 passima
