3117 4959
797 259 1381 318 TRANSFJGURA
1394 259 1449 314 T
1440 260 1483 315 I
1480 259 1680 316 ONIS
1721 261 2058 318 DOMINI.

705 370 837 424 761

162 473 292 580 Α
306 473 469 534 dhuc
514 491 589 534 eo
642 475 927 549 loquente
981 491 1123 534 ecce
1176 473 1369 534 nubes

304 552 503 614 lucida
555 552 931 612 obumbravit
984 571 1089 612 eos
1140 563 1201 612 et
1252 569 1371 611 vox

160 629 249 692 de
276 633 439 691 nube
468 630 690 692 dicens.
750 631 873 690 Hic
904 642 993 692 est
1020 630 1173 691 filius
1199 647 1369 690 meus

160 709 424 799 dilectus
464 710 527 769 in
568 729 689 786 quo
716 709 897 770 michi
924 711 1079 770 bene
1106 710 1367 784 compla-

53 827 60 834 ·
162 807 269 848 cm
297 811 313 848 :
351 789 547 866 ipsum
574 788 793 848 audite.
850 788 1007 864 Quia
1032 787 1371 876 impruden:

164 877 263 927 ter
303 867 759 944 interrogaverat
788 879 1101 944 propterea
1138 866 1369 926 domim

163 947 625 1022 responsionem
640 947 657 982 ¹
690 965 813 1006 non
854 957 1111 1007 meretur
1136 946 1244 1006 sed
1271 963 1370 1020 pa-

162 1035 261 1084 ter
314 1027 635 1102 respondet
685 1044 795 1101 pro
840 1024 964 1084 filio
1016 1035 1083 1084 ut
1124 1025 1370 1085 verbum

162 1103 403 1163 domini
440 1106 847 1180 compleretur.
933 1106 1065 1180 Ego
1105 1102 1369 1164 testimo-

161 1179 339 1241 nium
360 1201 482 1242 non
504 1183 643 1242 dico
670 1184 749 1243 de
774 1201 875 1243 me
924 1183 1031 1242 sed
1060 1192 1227 1258 pater
1266 1179 1369 1258 qui

162 1279 271 1320 me
299 1260 459 1320 misit
484 1260 613 1338 ipse
651 1280 761 1338 pro
802 1280 901 1328 me
931 1259 1078 1322 dicit
1104 1260 1369 1320 testimo·

161 1338 355 1400 nium.
440 1341 651 1400 Nubes
689 1350 889 1401 autem
915 1338 1147 1400 videtur
1172 1338 1372 1398 lucida

164 1429 234 1479 et
262 1419 577 1479 obumbrat
604 1437 708 1480 eos
738 1441 753 1478 :
794 1429 859 1479 ut
901 1417 1005 1497 qui
1032 1419 1267 1478 carnale
1306 1416 1371 1478 in

159 1497 481 1557 frondibus
545 1509 647 1558 aut
712 1497 979 1558 tentoriis
1047 1498 1373 1573 querebant

164 1578 647 1650 tabernaculum,
666 1575 842 1637 nubis
860 1576 1059 1637 lucide
1077 1575 1373 1652 operiren-

161 1665 267 1715 tur
290 1657 653 1715 umbraculo.
711 1657 847 1716 Vox
874 1674 1119 1734 quoque
1145 1655 1223 1716 de
1242 1656 1373 1715 celo

162 1732 359 1810 patris
400 1732 698 1810 loquentis
744 1733 1019 1794 auditur:
1062 1753 1181 1812 que
1209 1733 1369 1794 testi-

162 1813 445 1872 monium
483 1812 871 1890 perhibebat²
898 1811 1039 1872 filio.
1082 1823 1143 1872 et
1174 1811 1327 1889 petri
1346 1809 1373 1849 ⁸

164 1909 371 1952 errore
436 1893 673 1951 sublato
739 1893 957 1952 doceat
972 1891 997 1928 ⁴
1066 1891 1371 1952 veritatem

162 1969 363 2030 immo
390 1988 505 2031 nos
520 1971 547 2007 ⁵
574 1969 715 2046 per⁶
752 1981 985 2047 petrum
1023 1981 1371 2047 ceterosque

163 2050 493 2125 apostolos.
582 2049 707 2109 Hic
754 2061 845 2110 est
886 2049 969 2110 ait
1008 2049 1164 2110 filius
1204 2068 1375 2110 meus

164 2127 429 2188 dilectus
458 2127 623 2188 Huic
660 2128 926 2188 fiendum
968 2138 1059 2187 est
1102 2130 1371 2188 taberna-

165 2208 377 2266 culum
418 2207 555 2266 huic
608 2207 1159 2284 obtemperandum.
1250 2205 1373 2265 Hie

164 2296 267 2346 est
314 2285 485 2346 filius.
528 2285 613 2345 illi
660 2286 811 2346 servi
854 2297 991 2346 sunt
1037 2304 1274 2362 moyses
1314 2295 1375 2345 et

164 2363 377 2424 helias.
423 2364 647 2425 debent
694 2376 755 2425 et
798 2364 911 2441 ipsi
954 2365 1265 2424 nobiscum
1310 2363 1373 2424 in

165 2443 639 2520 penetrabilibus
652 2442 677 2480 ⁷
704 2443 899 2503 cordis
917 2442 1005 2504 sui
1022 2442 1270 2502 domino
1288 2453 1372 2502 ta-

164 2523 556 2582 bernaculum
585 2541 907 2599 preparare.
965 2523 1069 2582 Re.
1113 2523 1375 2582 Descen-

167 2600 457 2661 dentibus
509 2601 621 2660 illis
674 2603 753 2662 de
796 2611 1014 2662 monte.
1102 2599 1375 2675 Precepit

162 2683 351 2756 Jesus
377 2679 585 2740 dicens
609 2703 623 2740 :
659 2679 885 2740 nemini
912 2678 1173 2740 dixeritis
1200 2677 1375 2739 visio-

164 2777 315 2818 nem
370 2777 551 2834 quam
616 2758 845 2819 vidistis
876 2781 889 2818 :
957 2759 1155 2818 donec
1220 2759 1374 2818 filius

164 2837 434 2897 hominis
472 2857 511 2896 a
550 2837 795 2898 mortuis
822 2847 1095 2914 resurgat.
1182 2838 1235 2912 Ῡ
1275 2838 1372 2897 Ne

166 2935 338 2976 mors
366 2918 494 2992 ejus
519 2917 723 2993 aliquo
750 2917 936 2978 modo
964 2915 1367 2992 impediretur:

167 2993 227 3054 si
252 2997 369 3055 hec
394 2995 541 3056 visio
568 2995 769 3055 statim
794 2994 857 3054 in
882 2997 1139 3072 populos
1180 2993 1370 3054 divul-

164 3084 421 3151 garetur.
506 3073 795 3150 Precepit.
1102 3075 1259 3132 lectio
1284 3073 1365 3134 alx.

164 3155 323 3260 Et
358 3152 665 3214 audientes
709 3151 985 3229 discipuli
1027 3152 1371 3212 ceciderunt

294 3231 357 3290 in
402 3231 614 3292 faciem
664 3250 849 3292 suam.
894 3244 954 3291 et
982 3230 1006 3266 ⁸
1050 3231 1371 3291 timuerunt

162 3311 362 3370 valde.
427 3311 746 3387 Triplicem
775 3312 855 3371 ob
882 3329 1123 3370 causam
1152 3327 1371 3385 pavore

160 3399 474 3450 terrentur.
559 3391 675 3450 Vel
718 3389 859 3466 quia
890 3408 953 3449 se
982 3406 1204 3449 errasse
1230 3407 1369 3466 cog-

160 3480 459 3529 noverant
495 3491 509 3528 :
579 3469 673 3529 vel
732 3467 874 3544 quia
926 3468 1119 3528 nubes
1171 3465 1373 3526 lucida

162 3559 485 3624 operuerat
537 3566 643 3608 eos
694 3558 799 3608 aut
851 3545 991 3623 quia
1044 3545 1143 3606 dei
1190 3545 1371 3622 patris

158 3645 382 3686 vocem
436 3629 781 3704 loquentem
827 3625 1153 3686 audierant.
1236 3627 1369 3684 Hu-

158 3723 351 3764 mana
388 3705 664 3782 fragilitas
705 3716 1095 3782 conspectum
1134 3701 1373 3780 majoris

158 3783 355 3861 glorie
402 3783 719 3845 formidat:
762 3795 823 3844 et
861 3785 1009 3844 ferre
1048 3801 1171 3842 non
1201 3781 1371 3841 susti-

160 3881 320 3922 nens
348 3886 361 3921 t
390 3882 463 3922 ac
488 3874 619 3923 toto
646 3861 847 3923 animo
868 3873 928 3922 et
956 3881 1201 3940 corpore
1229 3880 1372 3920 con·

158 3943 517 4002 tremiscens
558 3943 635 4002 ad
678 3953 891 4002 terram
946 3941 1107 4001 cadit
1146 3951 1371 4016 quanto

159 4020 301 4098 quis
329 4021 618 4112 ampliora
644 4019 923 4098 quesierit
951 4043 963 4080 :
992 4031 1159 4080 tanto
1186 4017 1372 4096 magis

158 4101 245 4160 ad
273 4099 553 4162 inferiora
578 4098 891 4161 collabitur
928 4098 979 4160 si
1020 4095 1371 4176 ignoraverit

232 4294 251 4324 ¹
288 4293 534 4342 rationem
560 4311 572 4341 :
610 4292 663 4342 S.

234 4361 257 4390 ⁴
288 4359 505 4409 docebat
531 4377 544 4408 :
581 4358 645 4408 N.

233 4429 253 4455 '
286 4415 650 4490 penetralibus:
675 4423 741 4476 N.
932 4427 953 4455 ⁸
991 4421 1095 4472 ‘et’
1120 4437 1248 4472 om.:
1274 4421 1325 4472 S.

1205 4293 1226 4387 ε
1258 4289 1553 4406 {25323’232

1986 369 2140 424 762

1469 489 1807 532 mensuram
1835 490 2019 532 suam.
2105 474 2183 532 Et
2222 472 2470 533 accessit
2495 475 2670 550 Jesus

1472 561 1533 610 et
1558 549 1748 627 tetigit
1775 568 1894 611 eos.
1982 551 2142 626 Quia
2169 551 2252 610 illi
2288 553 2568 628 jacebant
2608 565 2668 612 et

1470 647 1707 706 surgere
1735 648 1858 688 non
1884 639 2157 706 poterant
2184 653 2198 690 :
2240 630 2366 707 ipse
2408 632 2666 692 clemen-

1470 717 1559 768 ter
1602 708 1834 770 accedit
1882 719 1942 768 et
1983 709 2171 786 tangit
2214 728 2359 770 eos:
2398 721 2465 770 ut
2505 721 2668 770 tactu

1470 787 1637 864 fuget
1672 787 1946 848 timorem
1974 809 1988 847 :
2030 799 2090 849 et
2127 788 2436 848 debilitata
2477 808 2664 848 mem·

1470 865 1578 926 bra
1605 864 1944 926 solidentur.
2021 865 2305 946 Dixitque
2332 867 2416 928 eis
2437 869 2666 944 Surgite

1471 955 1532 1004 et
1558 943 1742 1003 nolite
1769 943 1975 1006 timere
2002 946 2171 1021 Quos
2211 965 2394 1006 manu
2433 965 2670 1009 sanave-

1468 1033 1599 1082 rat:
1641 1034 1811 1082 sanat
1849 1023 2113 1101 imperio,
2200 1025 2404 1089 Nolite
2440 1025 2664 1086 timere.

1470 1100 1736 1162 Primum
1763 1102 1940 1163 timor
1965 1104 2276 1180 expellitur
2307 1128 2322 1166 :
2361 1117 2427 1166 ut
2455 1117 2666 1182 postea

1469 1179 1742 1240 doctrina
1767 1181 2064 1242 tribuatur.
2145 1185 2439 1244 Levantes
2467 1197 2668 1246 autem
2699 1207 2704 1210 ·

1471 1260 1681 1318 oculos
1707 1279 1850 1320 suos
1875 1283 1888 1319 :
1929 1261 2230 1322 neminem
2256 1263 2527 1324 viderunt
2553 1263 2669 1324 nisi

1472 1337 1668 1398 solum
1710 1341 1932 1414 Jesum.
2016 1339 2470 1402 Rationabiliter
2512 1354 2671 1418 post-

1472 1435 1656 1493 quam
1696 1429 2098 1482 surrexerant:
2138 1439 2262 1480 non
2306 1420 2512 1480 vident
2553 1420 2666 1482 nisi

1472 1497 1667 1554 solum
1683 1497 1915 1572 Jesum:
1943 1515 2020 1556 ne
2048 1497 2098 1558 si
2127 1516 2358 1577 moyses
2381 1511 2440 1562 et
2465 1500 2668 1576 helyas

1472 1587 1944 1650 perseverassent
1971 1595 2108 1636 cum
2152 1578 2442 1640 domino:
2486 1577 2668 1654 patris

1471 1671 1588 1713 vox
1641 1652 1935 1714 videretur
1985 1655 2210 1716 incerta
2241 1679 2254 1718 :
2301 1657 2398 1717 cui
2437 1657 2671 1734 potissi-

1472 1750 1638 1792 mum
1691 1733 1860 1793 daret
1913 1733 2332 1796 testimonium.
2443 1737 2670 1798 Vident

1474 1829 1616 1887 ergo
1641 1813 1848 1886 Jesum
1895 1823 2150 1874 stantem
2175 1815 2376 1876 ablata
2401 1817 2579 1888 nube,
2608 1825 2668 1876 et

1474 1907 1742 1965 moysem
1771 1900 1832 1950 et
1858 1891 2092 1968 helyam
2119 1893 2443 1956 evanuisse.
2510 1894 2669 1969 Quia
2731 1911 2742 1918 ·

1474 1979 1794 2045 postquam
1820 1968 1966 2045 legis
1993 1981 2054 2033 et
2079 1973 2502 2048 prophetarum
2542 1993 2670 2032 um-

1475 2049 1582 2106 bra
1607 2048 1958 2110 discesserat
1985 2071 2000 2110 :
2039 2069 2157 2126 que
2195 2053 2530 2112 velamento
2557 2071 2669 2112 suo

1474 2128 1780 2204 apostolos
1807 2138 2031 2188 texerat
2058 2151 2072 2189 :
2113 2149 2316 2190 verum
2361 2133 2564 2192 lumen
2605 2131 2668 2190 in

1476 2205 1784 2281 evangelio
1808 2205 2104 2283 reperitur.
2192 2211 2272 2269 Et
2303 2211 2670 2270 descenden-

1474 2282 1634 2344 tibus
1689 2283 1802 2344 illis
1856 2286 1935 2346 de
1989 2297 2196 2347 monte
2242 2289 2510 2366 precepit
2557 2289 2670 2349 illis

1473 2365 1650 2438 Jesus
1678 2362 1900 2424 dicens.
1984 2365 2226 2426 Nemini
2254 2367 2516 2428 dixeritis
2543 2368 2674 2428 visi-

1476 2459 1656 2500 onem
1685 2441 1882 2502 donec
1908 2442 2060 2503 filius
2082 2445 2338 2506 hominis
2366 2467 2401 2504 a
2429 2447 2674 2508 mortuis
2779 2494 2784 2500 -

1472 2532 1751 2596 resurgat.
1811 2523 1860 2580 F
1863 2521 2017 2584 uturi
2043 2523 2207 2600 regni
2235 2525 2674 2601 premeditatio:

1476 2609 1536 2659 et
1583 2600 1769 2676 gloria
1811 2601 2225 2678 triumphantis
2270 2605 2674 2666 demonstrata

1474 2679 1665 2738 fuerat
1691 2678 1752 2736 in
1781 2691 2002 2740 monte.
2081 2683 2224 2741 Non
2252 2686 2377 2742 vult
2405 2683 2580 2760 ergo⁹
2610 2685 2672 2743 in

1474 2758 1702 2833 populo
1755 2757 2048 2833 predicari
2091 2778 2170 2819 ne
2217 2772 2277 2821 et
2323 2760 2671 2824 incredibile

1476 2847 1632 2896 esset
1659 2835 1741 2896 rei
1771 2837 2218 2913 magnitudine:
2268 2850 2326 2898 et
2372 2850 2508 2916 post
2547 2852 2674 2901 tan·

1474 2924 1597 2973 tam
1651 2915 1898 2990 gloriam
1969 2917 2128 2992 apud
2193 2918 2371 2978 rudes
2437 2919 2671 2982 animos

1475 3011 1732 3070 sequens
1797 3012 1940 3054 crux
2007 2996 2358 3056 scandalum
2436 2999 2670 3060 faceret.

1471 3073 1578 3130 Re.
1662 3071 1892 3133 Videns
1943 3083 2144 3149 petrus
2210 3093 2478 3152 moysem
2495 3076 2543 3112 ¹⁰
2614 3089 2674 3138 et

1472 3151 1709 3227 helyam
1737 3149 1799 3210 in
1824 3151 2010 3227 gloria
2036 3163 2097 3212 et
2122 3155 2330 3241 Jesum
2371 3153 2434 3214 in
2475 3155 2675 3216 medio

1473 3247 1678 3290 eorum
1729 3241 1795 3289 ut
1842 3231 2032 3290 solem
2079 3241 2293 3292 virtute
2347 3234 2674 3310 fulgentem

1472 3307 1571 3368 ait.
1669 3307 1928 3369 Domine
1982 3312 2208 3371 bonum
2263 3322 2354 3372 est
2407 3332 2518 3373 nos
2573 3313 2672 3374 hic

1474 3405 1620 3447 esse.
1703 3385 1766 3448 Si
1793 3386 1880 3448 vis
1909 3388 2192 3450 faciamus
2219 3390 2318 3450 hic
2344 3391 2454 3452 tria
2479 3394 2671 3453 taber-

1471 3468 1687 3526 nacula
1740 3464 1848 3526 tibi
1902 3487 2089 3526 unum
2143 3469 2333 3547 moysi
2380 3490 2564 3531 unum
2611 3484 2672 3534 et

1472 3545 1646 3622 helye
1673 3564 1875 3606 unum.
1960 3548 2013 3622 Ῡ
2055 3549 2261 3608 Petrus
2301 3569 2442 3611 vero
2479 3563 2539 3612 et
2567 3551 2673 3628 qui

1472 3643 1612 3684 cum
1657 3623 1761 3685 illo
1809 3638 1976 3686 erant
2017 3628 2192 3688 valde
2220 3628 2478 3689 letificati
2505 3629 2670 3690 vide·

1472 3713 1609 3762 runt
1635 3705 2006 3778 majestatem
2033 3705 2262 3766 domini
2284 3719 2344 3768 et
2365 3726 2468 3768 eos
2495 3709 2670 3786 glori-

1474 3800 1613 3841 osos
1667 3782 1809 3841 hinc
1847 3782 1990 3843 inde
2036 3804 2174 3843 cum
2218 3784 2320 3844 illo
2365 3797 2425 3845 et
2468 3787 2553 3846 ait
2591 3789 2672 3846 ad

1472 3863 1682 3937 Jesum
1722 3873 1922 3939 petrus
1951 3862 2230 3922 Domine.
2298 3863 2516 3923 Gloria.
2589 3865 2670 3925 Si.

1470 3943 1523 4018 Ῡ
1564 3941 1901 4000 Adoremus
1929 3952 2154 4018 patrem
2197 3953 2259 3999 et
2305 3943 2493 4001 filium
2534 3963 2672 4002 cum

1448 4029 1682 4079 -sancto
1730 4018 1948 4095 spiritu.
2033 4021 2136 4078 Re.
2185 4021 2558 4097 Regnantem
2608 4021 2672 4081 in

1472 4099 1590 4174 maj
1597 4107 1782 4158 estate
1800 4116 1918 4157 sua.
1953 4099 2032 4156 In
2047 4099 2316 4157 laudibus
2329 4101 2665 4175 antiphona.

2037 4288 2058 4385 ζ
2091 4293 2286 4417 pepterrum
2311 4303 2323 4337 z
2357 4288 2490 4405 Νξῖ.

2098 4357 2112 4380 ‘
2245 4353 2257 4374 ’
2281 4369 2380 4404 om.
2478 4395 2490 4407 .

1495 4424 1516 4452 ⁹
1555 4418 1833 4470 ‘hoc’add
1860 4418 1912 4472 S.
2029 4421 2068 4453 ¹⁰
2103 4433 2344 4484 moysen:
2380 4421 2448 4472 N.
