3117 4959
1244 249 1305 304 S.
1358 248 1488 302 MA
1505 248 1715 303 THIE
1763 248 2192 305 APOSTOLI.

996 356 1159 410 209

458 472 531 527 ut
554 462 907 527 honorem¹
946 463 1292 546 apostolici
1314 463 1660 528 sortiretur

456 553 781 616 culminiS.
1343 552 1558 616 Lectio
1591 552 1658 634 ij.

454 643 749 772 Nam
863 641 1089 702 omnia
1200 641 1658 722 apostolorum

638 748 881 810 opera:
929 729 1139 791 sancti
1186 729 1452 810 spiritus
1502 748 1660 792 con-

456 815 741 880 firmavit
772 816 1004 898 gratia.
1070 815 1246 879 Nam
1272 827 1499 899 petrus
1530 817 1661 880 deo

458 901 932 967 fidentissimus
985 905 1099 986 qui
1152 904 1371 968 claves
1420 907 1660 968 meruit

458 993 737 1055 retinere
767 991 1101 1056 celorum:
1143 992 1290 1073 jure
1322 994 1658 1075 perditum

460 1081 791 1162 reparavit
822 1101 1169 1143 numerum
1204 1081 1660 1162 apostolorum

459 1188 655 1231 urens
674 1170 698 1206 ²
728 1189 847 1232 sua
868 1177 1202 1250 potestate
1231 1191 1245 1232 ε
1280 1179 1354 1232 ut
1385 1171 1496 1251 qui
1530 1170 1664 1250 pri-

460 1276 607 1319 mus
655 1267 794 1320 erat
828 1258 891 1319 in
926 1257 1358 1321 auctoritate:
1406 1258 1658 1340 primus

457 1355 630 1408 esset
651 1344 715 1407 in
738 1343 1078 1407 electionis
1098 1345 1438 1426 dignitate.
1472 1346 1547 1408 L.
1562 1344 1658 1426 iij.

454 1435 748 1564 Lucas
808 1435 987 1495 enim
1041 1433 1327 1514 qualiter
1374 1433 1660 1496 mathias

592 1521 677 1582 ad
734 1520 1183 1602 apostolatum
1240 1522 1609 1602 pervenerit
1645 1541 1659 1583 :

456 1608 787 1672 subtiliter
816 1610 1103 1672 innotuit
1134 1610 1375 1673 dicens,
1439 1609 1660 1672 Exur-

453 1716 620 1778 gens
680 1706 907 1780 petrus
967 1698 1034 1759 in
1097 1698 1320 1760 medio
1380 1699 1656 1760 fratrum

455 1785 648 1848 dixit.
740 1786 903 1848 Erat
948 1794 1171 1848 autem
1220 1785 1416 1848 turba
1446 1784 1658 1847 homi-

456 1893 617 1936 nurn
668 1871 862 1935 simul
918 1873 1051 1935 sere
1098 1883 1369 1936 centum
1402 1873 1656 1955 viginti.

454 1961 596 2024 Viri
623 1962 853 2024 fratres
876 1970 1141 2042 oportet
1174 1961 1429 2043 impleri
1455 1963 1659 2043 scrip-

453 2057 670 2112 turam
734 2069 937 2130 quam
998 2049 1290 2130 predixit
1357 2051 1657 2132 spiritus-

452 2145 723 2200 sanctus
768 2157 887 2218 per
931 2157 1005 2198 os
1058 2137 1259 2200 david
1309 2138 1395 2200 de
1441 2138 1657 2220 juda:

457 2226 571 2306 qui
604 2225 728 2286 fuit
759 2225 902 2287 dux
934 2244 1160 2287 eorum
1196 2226 1306 2308 qui
1356 2246 1655 2307 compre-

454 2312 829 2375 henderunt
857 2313 1121 2393 Jesum:
1155 2315 1265 2395 qui
1300 2334 1658 2378 connume-

454 2411 635 2464 ratus
667 2410 808 2463 erat
842 2401 905 2462 in
940 2402 1131 2464 nobis
1164 2409 1231 2464 et
1252 2403 1523 2465 sortitus
1555 2410 1659 2465 est

452 2498 701 2552 sortem
736 2489 1078 2552 ministerii
1110 2488 1322 2570 hujus,
1369 2490 1505 2554 Lec.
1534 2489 1656 2572 iiij.

455 2577 605 2708 In
670 2578 1032 2640 undenario
1094 2598 1370 2641 numero
1429 2587 1657 2660 petrus

559 2685 899 2728 remanere
992 2666 1331 2747 apostolos
1413 2667 1654 2730 timuit.

460 2753 684 2818 Omne
732 2754 908 2816 enim
965 2763 1313 2836 peccatum
1363 2755 1658 2817 undena-

456 2841 623 2904 rium
650 2851 788 2906 est:
821 2843 977 2924 quia
997 2843 1157 2904 dum
1182 2843 1330 2923 quis
1357 2863 1657 2923 perverse

457 2931 639 3012 agit:
688 2940 1000 3012 precepta
1053 2930 1353 3012 decalogi
1403 2931 1655 2994 transit.

454 3017 701 3081 Beatus
752 3017 950 3101 igitur
999 3028 1225 3100 petrus
1279 3019 1483 3082 alium
1534 3039 1656 3100 pro

450 3106 617 3187 juda
648 3108 949 3169 ordinare
980 3107 1209 3170 volens
1240 3107 1656 3188 apostolum:

457 3215 588 3258 non
624 3195 798 3258 hunc
830 3195 1243 3276 neophytum
1276 3195 1393 3256 sed
1418 3195 1656 3276 proba-

456 3292 599 3345 tum
634 3303 723 3344 ex
770 3291 1071 3364 tempore
1116 3284 1369 3346 curavit
1412 3283 1657 3365 eligere

456 3370 768 3433 videlicet
798 3391 887 3432 ex
920 3390 1146 3433 eorum
1180 3391 1455 3434 numero
1486 3372 1654 3434 viro·

459 3479 603 3521 rum
638 3458 751 3539 qui
784 3459 869 3520 ab
902 3457 1089 3520 initio
1134 3469 1321 3522 erant
1352 3479 1503 3523 cum
1536 3461 1653 3522 do-

457 3547 682 3609 mino:
734 3554 802 3608 et
852 3566 983 3626 que
1030 3547 1207 3627 apud
1256 3546 1441 3610 illum
1474 3547 1656 3610 vide-

457 3633 655 3698 runt³
708 3641 777 3696 et
822 3633 1214 3696 audierunt⁴
1262 3635 1513 3717 absque
1560 3635 1658 3698 ul-

460 3723 523 3784 la
574 3722 1015 3803 ambiguitate
1076 3723 1417 3803 predicare
1481 3723 1660 3786 vale-

459 3812 638 3874 bant.
1351 3811 1567 3874 Lectio
1597 3833 1654 3876 v.

454 3901 637 4031 Et
666 3908 1041 3963 statuerunt
1072 3901 1240 3963 duos
1270 3899 1510 3982 joseph
1542 3901 1656 3982 qui

608 3989 968 4052 vocabatur
989 3988 1332 4052 barsabas:
1364 3989 1475 4071 qui
1503 4009 1658 4070 cog-

458 4078 839 4140 nominatus
872 4087 971 4140 est
1011 4077 1269 4158 justus:
1316 4086 1383 4140 et
1416 4078 1658 4140 mathi-

455 4186 567 4228 am
600 4175 668 4230 et
697 4177 963 4230 orantes
992 4167 1325 4230 dixerunt.
1399 4166 1505 4230 Tu
1539 4166 1659 4228 do-

456 4255 637 4318 mine
691 4256 803 4337 qui
854 4255 1055 4318 corda
1102 4257 1275 4319 nosti
1309 4256 1658 4318 omnium:

656 4393 667 4422 ¹
704 4391 897 4440 honor:
928 4392 987 4441 S.

754 4462 771 4490 ⁴
805 4459 1095 4507 audierant:
1134 4459 1197 4509 G.

1450 4393 1471 4422 ²
1503 4400 1647 4442 utens
1669 4411 1681 4441 :
1721 4393 1800 4441 W.

2291 357 2436 412 210

1765 464 2046 528 ostende
2106 484 2304 547 quem
2367 463 2643 547 elegeris
2705 470 2798 528 e'x
2875 461 2972 528 his
3085 447 3089 460 ⁴

1766 551 2028 615 duobus
2053 573 2256 615 unum
2278 553 2574 634 accipere
2601 553 2824 616 locum
2859 555 2973 616 mi-

1767 640 2018 703 nisterii
2102 639 2298 721 hujus
2396 651 2464 704 et
2557 641 2974 722 apostolatus

1766 728 1852 790 de
1898 749 2032 810 quo
2078 729 2528 810 prevaricatus
2572 739 2676 792 est
2716 729 2973 810 judas:

1767 826 1843 880 ut
1889 817 2102 880 abiret
2155 818 2223 879 in
2278 816 2497 879 locum
2544 837 2736 879 suum
2771 818 2848 880 id
2881 827 2978 879 est

1766 905 1833 967 in
1867 904 2268 985 profundum
2300 904 2554 968 inferni.
2652 905 2744 967 Hi
2769 905 2976 968 ambo

1767 993 1881 1074 qui
1915 994 1999 1055 ad
2033 1002 2279 1055 sortem
2301 993 2718 1075 apostolatus
2735 993 2976 1056 statuti

1766 1089 1965 1144 sunt:
2013 1080 2330 1144 barsabas
2375 1080 2684 1144 videlicet
2727 1090 2799 1144 et
2838 1101 2977 1144 ma-

1767 1167 1980 1232 thias:
2027 1169 2114 1231 de
2145 1187 2422 1231 numero
2452 1168 2717 1231 fuerunt
2747 1179 2976 1251 septu-

1769 1257 1996 1337 aginta
2015 1257 2486 1338 discipulorum
2514 1257 2776 1321 Christi.
2832 1257 2975 1321 Lec.

1765 1339 2052 1476 'Igitur
2094 1345 2329 1408 fratres
2374 1343 2692 1408 barsabas
2749 1343 2976 1428 [sexta.

1879 1431 2049 1495 filius
2110 1434 2404 1515 quietis:
2497 1433 2786 1495 mathias
2871 1433 2976 1495 dei

1766 1540 2008 1602 parvus
2069 1521 2554 1603 interpretatur.
2668 1521 2776 1584 De
2845 1541 2980 1602 quo

1764 1618 1988 1670 orator
2021 1608 2254 1690 inquit.
2346 1608 2408 1672 O
2459 1617 2786 1690 quantum
2841 1609 2980 1671 dis-

1765 1705 1914 1760 tant
1975 1696 2270 1759 humana
2329 1698 2630 1778 supernis
2684 1696 2976 1776 judiciis.

1767 1784 1958 1847 Parvi
2007 1786 2248 1848 merito
2312 1785 2804 1848 transcenditur
2869 1783 2978 1848 ille

1766 1872 1945 1935 laudi
1989 1872 2334 1935 hominum
2384 1873 2496 1954 qui
2541 1873 2760 1953 justus
2811 1881 2976 1936 erat.

1768 1961 1858 2023 Et
1890 1960 2216 2023 dederunt
2248 1969 2458 2024 sortes
2502 1961 2630 2023 eis:
2677 1969 2749 2023 et
2803 1961 2978 2024 ceci-

1764 2049 1865 2112 dit
1911 2069 2050 2112 sors
2095 2069 2294 2130 super
2338 2049 2707 2112 mathiam:
2756 2057 2828 2112 et
2859 2069 2979 2111 an·

1765 2145 2148 2199 numeratus
2221 2147 2324 2199 est
2409 2156 2558 2200 cum
2657 2137 2972 2200 undecim
3087 2159 3089 2162 ⁴

1763 2225 2100 2306 apostoliS.
2187 2224 2394 2306 Cujus
2427 2225 2676 2287 meritis
2707 2245 2976 2306 semper
3086 2267 3089 2310 3

1766 2313 2144 2375 muniamur
2173 2322 2247 2376 ut
2295 2314 2379 2375 ad
2421 2313 2670 2393 gaudia
2699 2313 2974 2376 celestia

1763 2401 2216 2464 sublevemur:
2263 2421 2381 2483 per
2428 2420 2580 2463 eum
2631 2401 2746 2481 qui
2807 2401 2972 2463 vivit

1765 2496 1833 2552 et
1907 2498 2141 2570 regnat
2213 2489 2278 2551 in
2326 2488 2549 2552 secula
2593 2489 2968 2551 seculorum

1763 2596 1979 2641 amen.
2070 2577 2154 2639 In
2203 2576 2298 2658 iij.
2344 2587 2499 2640 noct.
2529 2586 2635 2640 αῆ.
2685 2577 2970 2640 Exalta-

1763 2664 2010 2727 buntur
2054 2685 2299 2728 cornua
2339 2665 2500 2746 justi
2547 2664 2613 2727 in
2645 2673 2966 2728 eternum.

1750 2762 1849 2835 pff.
1900 2752 2401 2816 Confitebimur.
2460 2753 2596 2816 Ανῖ.
2634 2753 2790 2816 Lux
2821 2763 2969 2816 orta

1763 2850 1866 2904 est
1891 2841 2075 2921 Justo
2107 2841 2302 2904 rectis
2331 2842 2532 2904 corde
2564 2841 2800 2904 leticia.
2866 2849 2966 2922 pf.

1767 2929 2099 2994 Dominus
2129 2931 2430 3011 regnavit
2461 2928 2742 2992 exultet.
2833 2930 2966 2993 Aa.

1765 3016 2250 3080 Custodiebant
2281 3019 2666 3082 testimonia
2709 3016 2856 3098 ejus
2899 3027 2969 3080 et

1762 3116 2077 3187 precepta
2107 3105 2249 3186 ejus
2279 3125 2410 3187 que
2441 3106 2629 3169 dedit
2659 3105 2806 3170 illis.
2868 3114 2967 3187 pf.

1767 3195 2096 3258 Dominus
2131 3195 2429 3276 regnavit
2461 3195 2845 3258 irascantur.
2923 3211 2968 3277 y

1767 3283 1984 3346 Nimis
2015 3281 2342 3346 honorati.
2407 3283 2542 3346 Sec.
2577 3282 2970 3345 Matkeum.⁵

1761 3373 1860 3502 l
1865 3390 1905 3432 n
1961 3369 2075 3433 illo
2124 3381 2472 3452 tempore:
2523 3371 2968 3452 Respondens

1859 3459 2052 3539 jesus
2119 3459 2310 3524 dixit.
2441 3458 2788 3524 Confiteor
2846 3457 2968 3521 tibi

1763 3555 1952 3628 pater
1999 3547 2269 3609 domine
2313 3547 2432 3611 celi
2474 3556 2546 3610 et
2589 3558 2764 3611 terre
2809 3547 2966 3628 quia

1761 3634 2166 3699 abscondisti
2201 3635 2322 3698 hec
2369 3655 2408 3697 a
2451 3635 2871 3718 sapientibus
2899 3644 2966 3698 et

1763 3723 2200 3805 prudentibus
2231 3745 2244 3786 :
2275 3731 2344 3787 et
2375 3724 2680 3786 revelasti
2705 3744 2788 3788 ea
2819 3745 2967 3806 par-

1761 3812 1951 3874 vulis.
2015 3811 2106 3874 Et
2140 3811 2407 3894 reliqua.
2505 3812 2766 3876 Omelia
2800 3812 2973 3875 beati

1762 3898 2108 3981 augustini
2131 3900 2410 3982 episcopi.
2601 3900 2824 3964 Lectio
2853 3901 2967 3983 vii.

1762 3990 1962 4122 M
1963 4007 2139 4070 agna
2199 3998 2266 4052 et
2328 3989 2796 4052 inestimabilis
2863 3991 2968 4054 dei

1965 4077 2317 4140 clementia
2348 4078 2414 4141 in
2454 4076 2653 4158 hujus
2685 4099 2970 4159 evange-

1766 4164 1832 4227 lii
1911 4165 2192 4230 lectione
2269 4166 2461 4229 nobis
2537 4167 2970 4230 commenda-

1764 4263 1886 4317 tur.
1955 4255 2104 4338 Que
2143 4255 2318 4317 enim
2354 4254 2800 4318 excellentior
2829 4277 2967 4318 esse

2331 4394 2350 4421 ⁸
2385 4391 2650 4441 viderant:
2687 4393 2754 4442 G.

2001 4462 2020 4490 δ
2061 4463 2074 4485 ‘
2091 4459 2164 4522 xj.
2187 4459 2198 4482 ³
2223 4457 2330 4506 add
2346 4475 2365 4506 .·
2405 4459 2456 4508 S.
