3117 4959
928 235 1289 295 OMNIUM
1332 239 1776 296 FIDELIUM

637 345 795 404 6⁸9

140 455 459 524 solenniter
469 463 531 518 et
543 454 857 537 m‘leiljiat
868 454 949 518 de
967 464 1187 519 sancto
1200 475 1308 518 eu-

141 545 359 611 stachio
370 543 491 607 tali
502 563 675 606 anno
692 543 830 608 nisi
836 543 1149 606 memoria
1163 553 1309 606 tan-

144 645 269 698 tum
286 633 391 696 die
400 631 721 694 dominica
720 641 877 712 post
888 642 1180 714 vesperas
1196 631 1309 694 do—

144 721 461 786 minicales.
524 719 616 784 Si
638 724 857 782 autem
878 719 985 782 die
1004 719 1157 782 lune
1179 739 1317 783 eve·

144 812 273 873 nica
281 809 523 889 festum
566 807 860 871 omnium
894 817 1266 871 sanctorum
1290 829 1317 871 .-

144 918 251 961 non
271 905 498 978 oportet
518 895 695 978 quod
701 895 811 959 die
826 895 1149 960 dominica
1165 905 1320 978 post

143 997 409 1066 vesperas
445 989 737 1047 mnium
779 993 1149 1046 sanctorum
1176 983 1319 1066 fiat

140 1072 423 1136 memoria
462 1072 545 1134 de
585 1071 910 1135 dominica
956 1092 1100 1135 cum
1149 1071 1318 1136 satis

126 1161 297 1242 plene
360 1159 658 1224 habuerit
696 1161 901 1241 prius
968 1160 1315 1224 servitium

136 1268 326 1314 suum.

1919 319 2102 406 eoo

1406 455 1537 538 piis
1567 455 2164 540 supplicationibus
2195 476 2612 540 consequan-

1409 553 1533 608 tur.
1627 543 1761 626 Qui
1813 546 1976 609 vivis
2029 555 2099 610 et
2157 565 2396 628 regnas
2453 566 2608 610 cum

1409 633 1541 696 deo
1613 642 1806 715 patre
1879 635 1947 698 in
2023 634 2280 698 unitate
2339 634 2610 717 spiritus

1408 722 1622 784 sancti
1681 722 1844 785 deus
1917 741 2036 804 per
2108 722 2336 785 omnia
2388 723 2612 786 secula

1408 808 1799 874 seculorum.
1867 829 2086 874 amen.
2166 809 2320 872 Non
2349 811 2615 873 dicatur

1414 897 1750 961 Dominus
1831 897 2192 962 vobiscum.
2280 897 2401 960 sed
2478 898 2610 961 Re-

1408 985 1760 1066 quiescant
1790 984 1860 1048 in
1891 1005 2070 1068 pace.
2126 985 2618 1066 Roepondeatur

1408 1072 1656 1136 Amen.
1749 1073 2084 1155 Sequatur
2134 1074 2609 1155 completorium

1408 1161 1491 1223 de
1514 1160 1636 1225 die.
1713 1160 1841 1224 Ad
1861 1161 2118 1225 maluti.
2207 1163 2450 1226 Inveta.
2483 1181 2610 1226 non

1407 1247 1698 1312 dicitur:
1744 1269 1855 1312 nec
1865 1249 2168 1332 psalmus
2200 1251 2461 1316 Venite.
2521 1251 2609 1314 In

142 1341 199 1414 ΙΙ
239 1336 319 1400 In
370 1334 967 1400 commemoratione
1017 1334 1313 1400 omnium
1394 1337 1620 1424 primo
1647 1347 1952 1401 nocturno
1979 1337 2348 1419 antiphona.

126 1423 425 1508 fidelium.

134 1511 247 1574 Ad
267 1523 553 1594 vesperas

910 1509 1311 1594 Antiphona.
1350 1579 1355 1584 ,

1406 1425 1728 1556 Dirige
1759 1425 2030 1488 domine
2075 1426 2241 1489 deus
2289 1445 2476 1489 meus
2507 1425 2606 1488 in-

1565 1521 1924 1596 conspectu
1972 1523 2090 1578 tuo
2137 1514 2313 1577 viam
2365 1533 2606 1578 meam.

134 1599 501 1732 placebo
560 1599 839 1664 domino
897 1599 967 1662 in
1043 1599 1313 1682 regione
1396 1609 1495 1681 pff.
1541 1600 1769 1664 Verba
1800 1621 1964 1664 mea.
2025 1600 2160 1666 Αῆ.
2203 1601 2607 1666 Convertere

274 1687 588 1752 vivorum.
634 1697 738 1770 pf.
786 1687 1036 1752 Dilexi.
1083 1701 1132 1774 y
1178 1687 1327 1750 Re:

136 1775 337 1857 quiem
370 1785 687 1840 eternam.
772 1785 841 1839 et
871 1785 1182 1858 sequatur
1220 1774 1319 1838 ad

135 1863 452 1944 quemlibet
495 1864 831 1945 psalmum
892 1865 1021 1928 loco
1082 1862 1311 1928 Gloria

136 1950 303 2032 patri.
408 1952 739 2034 Requiem
784 1961 1101 2016 eternam.
1212 1951 1317 2015 Et

132 2039 569 2124 similiterfiat
592 2040 689 2103 ad
712 2040 1079 2104 matutinas
1116 2047 1183 2104 et
1221 2038 1320 2102 ad

134 2125 321 2190 horas.
410 2129 791 2210 Antzjohona
827 2129 979 2192 Heu
1014 2147 1123 2192 me
1152 2128 1311 2209 quia

134 2213 437 2280 incolatus
482 2237 673 2281 meus
718 2215 1153 2298 prolongatus
1190 2225 1309 2281 est.

120 2311 207 2382 pf.
250 2303 361 2367 Ad
382 2305 729 2368 dominum
762 2325 913 2368 cum
945 2303 1309 2368 tribularer.

132 2391 249 2454 Αῆ.
281 2391 609 2456 Dominus
630 2393 923 2456 custodit
951 2402 1021 2456 te
1050 2393 1138 2457 ab
1168 2411 1311 2455 om-

134 2479 193 2539 ni
230 2480 399 2566 malo
430 2480 764 2545 custodiat
794 2481 1087 2545 animam
1121 2489 1307 2544 tuam

130 2565 435 2632 dominus.
514 2578 617 2651 pff.
666 2569 933 2634 Levavi.
1022 2569 1154 2633 Aa.
1234 2566 1309 2633 Si

134 2651 495 2737 iniquitates
542 2656 992 2720 observaveris
1036 2655 1309 2720 domine

135 2741 381 2806 domine
409 2745 563 2828 quis
592 2744 961 2810 sustinebit.
1047 2752 1153 2826 psi
1203 2744 1309 2808 De

132 2830 471 2910 profundis.
538 2833 673 2896 Αῆ.
722 2832 948 2916 Opera
989 2851 1307 2896 manuum

134 2924 373 2983 tuarum
406 2921 681 2984 domine
712 2941 798 2984 ne
828 2920 1173 3004 despicias.
1204 2927 1309 3002 pf.

136 3003 518 3075 Confitebor.
637 3025 686 3093 γ
777 3009 847 3072 Α
907 3018 1119 3092 porta.
1222 3009 1311 3072 In

130 3112 291 3159 evan.
346 3105 455 3161 αῆ.
534 3096 755 3172 Tuam
796 3096 964 3160 deus
1006 3096 1311 3178 deposci-

128 3199 265 3246 mus
340 3185 667 3267 pietatem
730 3194 806 3248 ut
863 3185 959 3248 eis
1020 3185 1311 3248 tribuere

130 3267 397 3350 digneris
428 3271 685 3337 lucidas
730 3282 799 3337 et
829 3273 1089 3356 quietas
1122 3291 1309 3336 man-

128 3356 343 3423 siones,
420 3370 520 3442 pf.
573 3359 982 3442 Magnificat.
1068 3360 1309 3442 Kyrie-

130 3435 403 3527 eleyson.
450 3447 719 3513 Christe
740 3448 1031 3531 eleyson.
1066 3446 1309 3532 Kyrie-

128 3531 399 3614 eleyson.
462 3537 663 3600 Pater
692 3547 933 3602 noster.
993 3545 1095 3619 ps‘.
1131 3536 1307 3599 Lau-

126 3620 207 3683 da
232 3623 453 3687 anima
484 3644 653 3688 mea.
748 3625 1079 3688 Sacerdos.
1175 3625 1306 3688 Re-

126 3709 335 3790 quiem
382 3722 701 3776 eternam.
795 3713 1013 3778 Credo
1064 3713 1306 3776 videre.

124 3795 189 3859 A
230 3809 437 3880 porta.
482 3801 730 3864 elevata
776 3821 921 3864 voce
974 3800 1306 3864 Dominus

122 3884 483 3958 vobiscum..
1056 3889 1304 3954 Oratio.

120 3974 537 4102 Fidelium
568 3975 733 4040 deus
754 3975 1053 4040 omnium
1080 3977 1305 4040 condi-

264 4070 369 4126 tor
411 4073 483 4128 et
526 4064 907 4147 redemptor
953 4064 1305 4128 animabus

122 4143 513 4215 famulorum
568 4152 1101 4236 famularumque
1159 4161 1307 4217 tua-

122 4253 259 4299 rum
362 4239 817 4304 remissionem
914 4249 1303 4305 cunctorum

122 4323 326 4389 tribue
356 4337 781 4409 peccatorum
832 4337 906 4394 ut
956 4328 1303 4411 indulgen-

132 4409 274 4476 *iam
336 4435 541 4497 quam
595 4437 857 4500 semper
907 4425 1310 4502 optaverunt

1406 1687 1682 1752 domine
1710 1697 1780 1752 et
1807 1690 1990 1772 eripe
2019 1688 2315 1752 animam
2349 1708 2608 1754 meam:

1406 1777 1728 1858 quoniam
1773 1795 1910 1840 non
1955 1786 2057 1841 est
2107 1778 2172 1840 in
2231 1787 2444 1840 morte
2491 1777 2606 1860 qui

1408 1883 1668 1927 memor
1704 1865 1793 1928 sit
1840 1865 1956 1930 tui.
2037 1873 2133 1946 ps‘.
2185 1865 2476 1928 Domine
2523 1884 2608 1928 ne

1408 1951 1477 2014 in
1507 1950 1742 2016 surore.
1831 1952 1968 2018 Αἰὶ.
2019 1953 2394 2035 Nequando
2436 1953 2612 2034 rapi-

1406 2047 1481 2103 at
1532 2049 1610 2104 ut
1663 2039 1770 2104 leo
1801 2041 2096 2104 animam
2133 2060 2394 2104 meam:
2441 2042 2607 2106 dum

1408 2147 1544 2191 non
1578 2137 1678 2192 est
1723 2129 1840 2210 qui
1893 2129 2178 2192 redimat
2231 2148 2448 2211 neque
2493 2129 2607 2210 qui

1406 2215 1666 2279 salvum
1699 2214 1916 2281 saciat.
1968 2214 2072 2298 ps<
2121 2217 2412 2280 Domine
2443 2217 2608 2280 deus

1410 2323 1616 2368 meus.
1737 2321 1785 2391 γ
1833 2304 1915 2368 In
1977 2305 2300 2368 memoria
2360 2314 2606 2370 eterna.

1404 2393 1718 2523 Parce
1749 2391 1910 2455 mihi
1940 2393 2206 2456 domine
2233 2412 2248 2456 ε
2299 2393 2536 2476 [Lectio
2544 2393 2610 2476 j.

1569 2481 1730 2543 nihil
1793 2481 1968 2544 enim
2031 2490 2186 2544 sunt
2246 2481 2389 2544 dies
2457 2482 2607 2545 mei.

1408 2566 1592 2650 Quid
1624 2577 1726 2632 est
1757 2568 1999 2632 homo:
2031 2569 2186 2651 quia
2220 2569 2610 2650 magnificas

1406 2675 1561 2720 eum
1605 2675 1622 2720 :
1699 2665 1816 2719 aut
1876 2657 2037 2738 quid
2099 2658 2382 2738 apponis
2450 2677 2610 2739 erga

1406 2764 1562 2806 eum
1609 2764 1724 2807 cor
1782 2745 2033 2808 tuum?
2141 2745 2391 2808 Visitas
2452 2765 2607 2808 eum

1406 2831 1740 2896 diluculo:
1772 2841 1841 2895 et
1871 2833 2094 2895 subito
2125 2831 2370 2914 probas
2401 2832 2606 2896 illum.

1417 2919 1784 3002 Usquequo
1817 2939 1948 2982 non
1983 2921 2198 3001 parcis
2231 2916 2393 2982 mihi
2422 2939 2438 2982 :
2485 2940 2606 2983 nee

1405 3008 1692 3071 dimittis
1726 3027 1869 3072 me:
1902 3017 1976 3071 ut
2007 3008 2295 3089 gluciam
2327 3007 2607 3072 salivam

1408 3096 1676 3158 meam?
1770 3096 2059 3159 Peccavi.
2151 3095 2332 3178 Quid
2367 3096 2606 3159 faciam

1408 3183 1531 3247 tibi
1565 3203 1607 3246 o
1635 3193 1861 3252 custos
1905 3181 2250 3247 hominum
2279 3184 2304 3248 ἓ
2382 3183 2610 3266 Quare

1406 3273 1684 3352 posuisti
1719 3290 1826 3335 me
1869 3272 2272 3336 contrarium
2323 3271 2486 3336 tibi:
2538 3280 2608 3335 et

1404 3359 1624 3423 sactus
1671 3379 1820 3424 sum
1873 3359 2303 3442 mihimetipsi
2336 3359 2606 3442 gravis?

1408 3447 1545 3512 Cur
1575 3467 1706 3511 non
1742 3447 1916 3511 tollis
1947 3458 2296 3530 peccatum
2330 3468 2553 3512 meum
2591 3469 2607 3513 τ

1404 3548 1473 3598 et
1503 3556 1710 3618 quare
1751 3555 1885 3600 non
1935 3536 2154 3600 aufers
2185 3537 2606 3619 iniquitatem

1408 3624 1681 3688 meam?
1774 3623 1950 3688 Ecce
1999 3643 2175 3688 nunc
2223 3625 2292 3688 in
2337 3625 2608 3708 pulvere

1402 3712 1704 3776 dormio:
1736 3720 1804 3776 et
1835 3713 1890 3776 si
1923 3733 2121 3776 mane
2153 3733 2261 3776 me
2290 3713 2608 3795 quesieris

1402 3819 1537 3862 non
1570 3800 1947 3864 subsistam.
2020 3800 2138 3864 Re.
2182 3801 2400 3864 Credo
2424 3802 2606 3884 quod

1403 3889 1787 3970 redemptor
1819 3908 2006 3951 meus
2035 3888 2196 3952 vivit
2227 3909 2242 3951 ε
2289 3897 2359 3952 et
2391 3889 2455 3951 in
2489 3909 2608 3952 no-

1401 3976 1674 4040 vissimo
1727 3976 1836 4040 die
1864 3976 1951 4039 de
1980 3985 2156 4039 terra
2199 3984 2610 4040 surrecturus

1402 4083 1551 4128 sum
1589 4084 1606 4126 t
1651 4072 1721 4127 et
1779 4065 1847 4126 in
1907 4083 2104 4127 carne
2151 4083 2301 4126 mea
2361 4065 2608 4128 videbo

1404 4151 1613 4216 deum
1676 4150 2099 4217 Salvatorem
2191 4170 2438 4215 meum.
2559 4169 2608 4237 γ

1406 4240 1628 4324 Quem
1659 4239 1916 4303 visurus
1959 4258 2108 4302 sum
2163 4258 2291 4321 ego
2339 4239 2484 4321 ipse
2538 4250 2608 4304 et

1405 4348 1537 4391 non
1585 4326 1754 4391 alius
1797 4337 1866 4390 et
1917 4327 2090 4390 oculi
2125 4327 2256 4391 mei
2287 4348 2604 4410 conspec-

1406 4415 1533 4481 turi
1567 4425 1740 4481 sunt.
1834 4415 2270 4482 Salvatorem.
2357 4415 2498 4480 Lec.
2535 4417 2605 4500 ij.
