3117 4959
1470 242 1520 295 C
1520 242 1648 297 OM
1642 240 1901 296 MUNE

989 353 1086 405 47

453 458 580 522 bus
629 457 1081 522 illuminandis
1131 455 1420 539 apostoli
1476 456 1663 519 missi

453 556 623 610 sunt.
1330 543 1548 607 Lectio
1578 541 1661 607 ix.

453 634 725 766 Non
763 640 988 716 potest
1055 632 1288 695 civitas
1341 629 1663 696 abscondi

621 740 821 803 supra
851 729 1147 783 montem
1179 720 1415 803 posita.
1465 720 1666 784 Mons

455 828 614 872 vero
687 811 811 872 iste
883 807 1225 873 Christum
1303 806 1658 889 significat.

458 896 710 961 Civitas
781 916 940 960 vero
1015 904 1228 960 totam
1313 895 1663 959 ecclesiam

458 984 750 1048 Christi:
819 982 991 1066 que¹
1053 1004 1143 1047 ex
1197 982 1424 1046 multis
1499 1002 1661 1064 gen-

457 1072 678 1136 tibus:
755 1072 922 1135 sicut
983 1090 1072 1134 ex
1136 1071 1362 1134 multis
1423 1070 1661 1153 lapidi-

457 1160 583 1224 bus
614 1168 717 1223 est
748 1168 1142 1223 constructa.
1236 1159 1386 1223 Hec
1414 1168 1566 1222 tuta
1584 1157 1661 1221 fit

454 1248 856 1313 intrantibus
881 1269 895 1312 ε
925 1248 1042 1310 sed
1064 1246 1389 1310 laboriosa
1412 1247 1662 1311 adeun-

457 1336 654 1401 tibus·

458 1423 627 1488 Alia
659 1423 1030 1489 Secundum
1059 1421 1420 1486 Marcum?

559 1531 600 1574 n
649 1512 763 1575 illo
793 1521 1096 1594 tempore
1125 1510 1186 1575 :⁸
1227 1511 1474 1575 Videte
1495 1510 1661 1592 vigi·

557 1599 694 1665 late
739 1608 806 1663 et
850 1610 1052 1664 orate.
1146 1599 1436 1663 Nescitis
1479 1599 1659 1661 enim

459 1689 733 1769 quando
769 1696 1034 1770 tempus
1065 1687 1166 1751 sit.
1261 1687 1354 1751 Et
1385 1687 1659 1769 reliqua.

466 1775 721 1840 Omelia
772 1774 1158 1839 venerabilis
1207 1772 1356 1839 bede
1395 1774 1660 1857 presby-

457 1863 600 1927 teri.
1296 1863 1516 1927 Lectio
1545 1862 1660 1944 vij.

615 1949 910 2033 erspicue
929 1950 1223 2014 ostendit
1243 1970 1448 2033 quare
1459 1970 1661 2032 supra

614 2038 832 2102 dixit:
893 2038 980 2101 de
1027 2039 1136 2102 die
1184 2037 1296 2101 illa
1345 2038 1449 2103 vel
1495 2039 1661 2103 hora

463 2146 662 2190 nemo
707 2126 874 2190 scit:
921 2146 1136 2207 neque
1181 2126 1401 2207 angeli
1443 2146 1660 2208 neque

461 2215 679 2280 filius:
727 2215 852 2279 nisi
897 2223 1128 2298 pater:
1175 2216 1331 2296 quia
1376 2234 1509 2278 non
1543 2236 1662 2277 ex-

461 2304 691 2388 pediat
720 2304 884 2367 scire
915 2301 1235 2384 apostolis
1267 2310 1342 2365 ut
1372 2301 1661 2384 pendule

461 2391 949 2474 expectationis
967 2392 1218 2454 incerto
1228 2410 1490 2472 semper
1507 2411 1660 2454 eum

459 2480 736 2543 credant
795 2500 938 2543 esse
996 2487 1390 2543 venturum:
1459 2496 1661 2560 quem

460 2568 772 2650 ignorant
794 2568 818 2605 ⁴
851 2568 1121 2649 quando
1150 2575 1464 2629 venturus
1496 2566 1599 2629 sit.

459 2658 664 2788 E·
683 2675 816 2718 non
861 2655 1036 2718 dixit
1071 2674 1218 2718 nes·
1249 2652 1490 2737 [Lectio
1519 2654 1661 2735 viij.

610 2742 818 2806 cimus
877 2742 1148 2824 quando
1207 2750 1474 2823 tempus
1535 2743 1660 2806 sit:

461 2830 580 2893 sed
605 2830 886 2894 nescitis.
977 2828 1432 2912 premissoque
1452 2830 1660 2911 patris

429 2916 746 2982 ·samilias
797 2916 1154 2999 exemplo:
1218 2934 1336 2981 cur
1385 2915 1689 2981 reticeat*

461 3006 1052 3070 consummationis
1133 3005 1363 3070 dIem:
1446 3005 1655 3068 mani-

461 3093 691 3157 festius
751 3096 948 3158 docet
1007 3093 1252 3157 dicens,
1363 3092 1659 3176 Vigilate

460 3202 618 3263 ergo
667 3182 932 3246 nescitis
983 3182 1163 3245 enim
1216 3180 1488 3263 quando
1539 3182 1660 3246 do-

461 3271 679 3332 minus
737 3268 979 3333 domus
1051 3269 1276 3331 veniat
1349 3288 1497 3332 sero
1572 3286 1657 3332 an

461 3356 684 3420 media
743 3366 940 3420 nocte
999 3376 1082 3419 an
1148 3356 1508 3437 gallicantu
1572 3375 1659 3419 an

461 3463 678 3507 mane.
767 3444 875 3507 Ne
926 3462 1080 3507 cum
1130 3442 1426 3506 venerit:
1480 3444 1661 3506 inve-

461 3532 602 3594 niat
631 3550 749 3593 vos
780 3530 1203 3594 dormientes
1328 3530 1545 3593 Lectio
1576 3532 1661 3595 ix.

647 3638 804 3681 omo
833 3625 1056 3681 autem
1077 3617 1193 3699 qui
1217 3638 1488 3700 peregre
1511 3639 1661 3701 pro-

644 3705 856 3769 fectus
907 3712 1012 3767 est
1059 3704 1322 3787 reliquit
1381 3706 1658 3770 domum

455 3812 646 3857 suam
671 3791 850 3855 haud
874 3792 1150 3871 dubium
1171 3794 1330 3876 quin
1358 3794 1663 3859 Christus

456 3882 582 3944 sit:
633 3880 746 3962 qui
795 3880 880 3943 ad
935 3888 1192 3963 patrem
1247 3890 1401 3966 post
1449 3902 1661 3946 resur-

456 3967 817 4032 rectionem
850 3988 1040 4031 suam
1063 3970 1276 4033 victor
1293 3971 1661 4035 ascendens

455 4055 802 4120 ecclesiam
874 4056 1304 4139 corporaliter
1377 4057 1659 4141 reliquit.

456 4142 680 4225 Quam
742 4154 968 4208 tamen
1033 4164 1374 4227 nunquam
1435 4146 1659 4211 divine

456 4232 786 4314 presentie
817 4232 1107 4315 presidio
1124 4233 1470 4299 destituit.
1518 4254 1660 4298 ma-

460 4379 742 4445 ¹qui:W.
810 4380 1264 4457 J‘xijsshaddE
1344 4382 1534 4447 ‘’xrij.’:
1562 4382 1679 4433 GS.

755 4446 1041 4510 ⁴ignorat.
1075 4446 1130 4498 S.

1435 4449 1711 4497 ‘servulus
1728 4451 1788 4501 ?:
1824 4450 1876 4501 S.

2318 351 2420 405 48

1765 472 1929 519 nens
1982 472 2134 519 cum
2187 454 2302 518 illa
2360 454 2671 519 omnibus
2730 456 2954 522 diebus

1764 562 1977 626 usque
2024 544 2113 607 ad
2167 545 2811 608 consummationem
2858 566 2954 607 se·

1764 632 1912 695 culi.
1988 640 2089 713 pf.
2165 632 2266 694 Te
2290 632 2507 695 deum.
2591 647 2634 716 γ
2682 632 2821 697 Ora
2840 652 2955 716 pro

1766 720 1959 782 nobis
1990 719 2186 783 beate
2218 720 2301 783 N.
2397 719 2497 785 Ut
2524 719 2730 801 digni.

1765 813 1830 885 (s
1874 808 1960 870 In
1990 806 2295 870 laudibus
2320 816 2429 871 ari.

1761 897 2027 1027 Ecce
2057 895 2365 959 sacerdos
2412 914 2697 978 magnus
2742 896 2853 978 qui
2890 896 2951 960 in

1912 983 2148 1048 diebus
2198 983 2337 1047 suis
2395 983 2644 1066 placuit
2704 985 2833 1048 deo
2890 995 2954 1048 et

1762 1071 2069 1134 inventus
2092 1080 2194 1135 est
2218 1070 2455 1151 justus,
2529 1080 2632 1153 ps.
2728 1072 2954 1136 Domi-

1764 1180 1888 1223 nus
1917 1159 2233 1241 regnavit.
2324 1160 2455 1222 An.
2551 1160 2707 1223 Non
2729 1170 2835 1223 est
2863 1161 2955 1223 in-

1760 1257 2001 1311 ventus
2031 1246 2262 1311 similis
2312 1246 2405 1310 illi
2450 1247 2564 1329 qui
2612 1268 2951 1311 conserva-

1763 1344 1863 1399 ret
1882 1334 2099 1419 legem
2132 1334 2401 1399 excelsi.
2474 1344 2579 1417 pf.
2646 1335 2951 1418 jubilate.

1759 1423 1893 1488 Aa.
1998 1422 2245 1487 Beatus
2305 1422 2414 1486 ille
2473 1444 2701 1487 servus
2760 1444 2955 1506 quem

1758 1530 1913 1574 cum
1988 1512 2241 1575 venerit
2314 1511 2623 1574 dominus
2690 1511 2833 1593 ejus
2890 1521 2956 1574 et

1760 1598 2119 1682 pulsaverit
2172 1598 2449 1680 januam
2508 1607 2579 1662 et
2638 1599 2956 1663 invenerit

1758 1704 1913 1749 eum
1944 1686 2349 1769 vigilantem.
2410 1695 2513 1767 p3’.
2586 1686 2773 1749 Deus
2796 1688 2957 1750 deus

1760 1794 1966 1838 meus.
2071 1774 2208 1838 Αῇ.
2314 1773 2563 1837 Fidelis
2616 1794 2841 1838 servus
2888 1785 2957 1839 et

1757 1863 2049 1945 prudens
2066 1881 2267 1945 quem
2286 1862 2631 1927 constituit
2651 1862 2959 1926 dominus

1758 1970 1957 2033 super
1986 1950 2308 2015 familiam
2352 1968 2565 2014 suam.
2638 1958 2739 2031 ρἒ
2832 1952 2956 2014 Be-

1758 2040 2063 2104 nedicite.
2152 2040 2286 2103 An.
2377 2037 2584 2102 Serve
2658 2038 2835 2103 bone
2893 2046 2961 2103 et

1760 2126 1975 2193 fidelis
2010 2128 2183 2191 intra
2228 2128 2293 2190 in
2337 2126 2659 2209 gaudium
2704 2126 2959 2189 domini

1758 2216 1873 2280 tui.
1952 2224 2053 2297 ps.
2146 2215 2466 2279 Laudate.
2568 2213 2959 2296 Capitulum.

1763 2303 2387 2439 Benedictionem
2448 2304 2749 2367 omnium
2800 2322 2961 2385 gen-

1906 2392 2073 2455 tium
2128 2392 2315 2454 dedit
2372 2389 2467 2453 illi
2530 2390 2845 2454 dominus
2892 2399 2961 2454 et

1761 2486 2237 2543 testamentum
2292 2498 2487 2542 suum
2540 2478 2963 2542 confirmavit

1762 2587 1959 2647 super
1986 2577 2189 2649 caput
2219 2566 2378 2647 ejus,
2630 2566 2961 2645 Hymnus.

1909 2675 2023 2717 esu
2059 2654 2439 2736 redemptor
2482 2653 2783 2717 omnium
2816 2674 2965 2735 per-

1906 2762 2023 2825 pes
2064 2762 2311 2807 corona
2357 2741 2695 2824 presulum
2736 2742 2809 2804 in
2838 2741 2965 2805 hac

1760 2832 1868 2895 die
1950 2831 2339 2894 clementius
2416 2830 2659 2893 nostris
2736 2829 2967 2893 faveto

1758 2918 2047 2982 vocibus.
2147 2918 2271 2981 Tui
2306 2918 2473 2981 sacri
2506 2936 2639 3000 qua
2673 2916 2967 2981 nominis

1756 3006 2095 3070 confessor
2166 3006 2382 3069 almus
2462 3004 2700 3069 claruit
2774 3006 2969 3086 cujus

1756 3093 2047 3157 celebrat
2077 3112 2300 3157 annua
2342 3093 2585 3157 devota
2630 3093 2827 3175 plebs
2856 3110 2969 3157 so-

1758 3180 1996 3247 lennia.
2090 3180 2219 3259 Qui
2266 3180 2389 3245 rite
2433 3182 2669 3244 mundi
2712 3182 2973 3263 gaudia

1756 3268 1953 3349 hujus
1984 3269 2235 3333 caduca
2282 3286 2598 3351 respuens
2640 3288 2803 3333 cum
2848 3288 2973 3333 an-

1756 3356 1923 3440 gelis
1953 3357 2305 3421 celestibus
2336 3356 2505 3420 letus
2530 3358 2791 3440 potitur
2820 3376 2975 3439 pre-

1759 3446 1926 3509 miis.
2052 3444 2279 3526 Hujus
2360 3444 2649 3527 benigne
2740 3464 2977 3509 annue

1758 3532 1951 3597 nobis
1996 3534 2183 3615 sequi
2231 3533 2511 3614 vestigia
2562 3532 2764 3615 huJ'us
2818 3554 2980 3615 pre·

1758 3630 1911 3684 catu
1974 3619 2281 3684 servulis⁵
2356 3620 2622 3685 dimitte
2702 3640 2975 3686 noxam
3086 3618 3088 3623 ’

1758 3707 2065 3772 criminis,
2156 3708 2267 3772 Sit
2321 3707 2585 3775 Christe
2630 3730 2755 3773 rex
2806 3711 2979 3792 piis·

1759 3797 1925 3859 sime
1986 3796 2106 3860 tibi
2168 3796 2473 3879 patrique
2532 3798 2749 3880 gloria
2811 3818 2979 3863 cum

1756 3884 1989 3966 spiritu
2044 3884 2366 3966 paraclito
2426 3886 2491 3949 in
2553 3887 2984 3968 sempiterna

1756 3970 1993 4035 secula.
2084 3972 2327 4043 Amen.
2417 3991 2466 4058 γ
2526 3975 2767 4056 Justus
2824 3996 2985 4058 ger·

1758 4058 2065 4123 minabit⁶
2111 4060 2283 4125 sicut
2324 4060 2553 4126 lilium.
2644 4062 2741 4127 Et
2776 4062 2984 4126 flore·

1756 4147 1855 4211 bit
1904 4148 1972 4211 in
2020 4158 2321 4213 eternum
2372 4158 2531 4213 ante
2589 4150 2981 4216 dominum.
3084 4133 3086 4145 ¹

1755 4234 1840 4297 In
1888 4256 2069 4300 evan.
2123 4246 2231 4301 αῆ.
2297 4238 2490 4321 Euge
2540 4258 2729 4302 serve
2788 4239 2980 4304 bone

1812 4384 1989 4435 ‘Dixit
2008 4386 2154 4451 Jesus
2175 4386 2433 4453 discipulis
2456 4388 2556 4439 suis
2566 4386 2731 4440 Τἀά
2758 4388 2828 4441 Ε.
2834 4390 2911 4441 G.
2920 4391 2972 4439 S.

2147 4454 2528 4515 ‘germinavitz
2562 4454 2646 4505 W.
