3117 4959
1477 303 1583 357 IN
1621 300 1894 358 FESTO

986 413 1125 468 149

456 519 655 584 celis:
700 537 901 601 quem
942 518 1009 580 in
1040 515 1229 582 terris
1260 515 1479 600 posita
1505 524 1654 579 tota

456 606 811 671 devotione
859 605 1083 668 dilexi.
1168 614 1269 686 pf.
1336 605 1653 668 Benedic-

456 703 581 758 tus.
676 693 910 758 Oratio
941 693 1387 774 Omnipotens
1410 691 1654 774 sempi-

458 789 643 844 terne
672 782 855 845 deus.
944 781 1069 844 Ad
1088 781 1285 844 horas
1311 779 1659 860 antiphone

459 871 539 932 de
564 868 884 932 laudibus.
967 868 1189 934 Cetera
1232 867 1313 930 a'e
1336 867 1662 930 communi

462 955 661 1018 unius
704 955 989 1037 virginis
1044 964 1111 1018 et
1157 955 1471 1035 martyris
1511 975 1659 1018 cum

462 1043 749 1107 oratione
759 1043 1048 1124 propria.

469 1134 536 1207 (Ι
584 1131 819 1194 Sancti
846 1131 1155 1193 vincentii
1181 1129 1510 1210 martyris.

465 1218 591 1283 Ad
641 1229 802 1300 vesp.
863 1225 969 1281 an.
1066 1217 1371 1299 Ingressa
1436 1235 1660 1298 agnes.

464 1315 659 1369 cetere
699 1305 1040 1387 antiphone
1080 1305 1161 1368 de
1188 1304 1491 1368 laudibus
1518 1325 1663 1366 cum

458 1392 737 1476 psalmis
749 1392 1123 1474 ferialibus.
1198 1391 1345 1474 Cap.
1415 1393 1661 1454 Beatus

470 1481 569 1544 vir
627 1481 742 1563 qui
803 1480 1049 1544 suffert.
1162 1479 1277 1543 Re.
1376 1479 1664 1544 Sanctus

466 1568 851 1632 vincentius,
912 1567 1111 1647 Hym.
1173 1567 1359 1630 Deus
1380 1575 1662 1654 tuorum.

468 1674 518 1742 γ
582 1655 811 1720 Gloria
864 1663 933 1718 et
984 1654 1249 1718 honore.
1342 1654 1429 1718 In
1480 1675 1663 1718 evan.

468 1750 575 1807 an.
668 1743 945 1808 Sacram
989 1741 1185 1825 hujus
1218 1741 1347 1805 diei
1380 1742 1667 1805 solenni-

470 1839 682 1894 tatem
731 1827 963 1893 humili
1014 1829 1419 1904 celebremus
1463 1829 1668 1892 devo-

471 1918 655 1980 tione
683 1937 818 2000 qua
848 1917 1129 1980 invictus
1151 1917 1394 1982 Christi
1414 1926 1670 1998 martyr

470 2005 839 2068 vincentius
898 2013 1186 2085 tyranno
1245 2005 1509 2068 devicto
1571 2006 1666 2067 in-

472 2091 761 2174 signem¹
824 2091 1096 2155 victorie
1172 2092 1463 2175 palmam
1526 2089 1668 2156 celo

473 2179 773 2262 gaudens
833 2179 1069 2244 intulit.
1164 2188 1263 2260 pf.
1358 2179 1668 2262 Magnifi-

474 2277 599 2331 cat.
1422 2267 1666 2332 Oratio.

474 2355 835 2488 Adesto
924 2355 1315 2436 quesumus*
1398 2354 1670 2417 domine

642 2442 1233 2524 supplicationibus
1266 2443 1505 2505 nostris
1534 2463 1548 2505 :
1596 2450 1672 2505 ut

477 2530 591 2613 qui
624 2550 711 2593 ex
743 2531 1093 2611 iniquitate
1116 2540 1340 2593 nostra
1372 2549 1494 2592 nos
1527 2549 1672 2592 reos

480 2637 626 2681 esse
656 2619 1117 2698 cognoscimus
1150 2617 1325 2680 beati
1358 2617 1672 2680 vincentii

481 2706 790 2786 martyris
823 2705 923 2768 tui
953 2705 1417 2768 intercessione
1444 2705 1676 2767 libere-

482 2812 631 2855 mur
652 2812 771 2874 per
792 2793 1157 2856 dominum.
1248 2793 1579 2856 Memoria
1600 2791 1679 2854 de

478 2890 703 2944 sancta
730 2881 999 2962 Agnete.
1060 2882 1191 2944 An'.
1258 2879 1459 2945 Stans
1479 2879 1678 2942 beata

482 2989 685 3050 agnes
716 2969 783 3031 in
816 2967 1037 3030 medio
1061 2966 1329 3032 flamme
1360 2969 1678 3050 expansis

483 3056 790 3120 manibus
850 3057 1085 3120 orabat
1144 3056 1231 3118 ad
1292 3054 1676 3118 dominum:

482 3144 905 3226 omnipotens
943 3143 1315 3207 adorande:
1361 3142 1676 3205 colende:

481 3233 825 3295 tremende
867 3231 1189 3294 benedico
1224 3241 1329 3295 te:
1376 3239 1445 3294 et
1480 3229 1679 3312 glori-

484 3319 612 3382 fico
672 3338 913 3380 nomen
981 3327 1171 3382 tuum
1233 3319 1300 3380 in
1359 3328 1679 3382 eternum.

488 3423 535 3491 y
584 3405 847 3468 Diffusa
894 3413 1010 3468 est.
1108 3405 1352 3470 Oratio.
1446 3405 1681 3471 Omni-

486 3503 727 3575 potens
801 3492 1199 3574 sempiterne
1265 3493 1447 3556 deus.
1566 3491 1689 3557 Ad

488 3592 688 3645 matu.
751 3579 953 3642 Invit.
1044 3579 1441 3643 Vincentem
1492 3601 1685 3643 mun-

492 3669 654 3733 dum
716 3668 1067 3730 adoremus
1126 3668 1489 3731 dominum.
1601 3669 1683 3731 In

491 3775 626 3838 quo
713 3774 1047 3836 pressuras
1126 3756 1355 3818 mundi
1435 3766 1687 3837 martyr

487 3845 649 3907 vicit
726 3843 1106 3906 vincentius,
1213 3853 1313 3925 pff.
1424 3843 1684 3906 Venite.

490 3931 817 4010 Hymnus.
940 3931 1123 3994 Deus
1198 3940 1479 3995 tuorum.
1601 3933 1685 3995 In

476 4025 699 4102 primo
782 4034 1083 4081 nocturno
1156 4029 1264 4084 an.
1400 4020 1687 4086 Sanctus

490 4107 859 4170 vincentius
952 4127 993 4170 a
1081 4109 1369 4189 puericia
1454 4110 1688 4172 studiis

496 4195 830 4258 literarum
889 4193 1173 4259 traditus
1224 4217 1511 4278 superna
1560 4197 1687 4259 sibi

496 4283 887 4366 providente
980 4282 1333 4347 clementia
1420 4286 1689 4366 gemina

803 4416 815 4444 ¹
852 4414 1078 4480 insigne:
1114 4417 1198 4465 W.

798 4483 817 4514 ²
856 4486 871 4508 ⁴
897 4483 1187 4546 quesumus'
1214 4497 1311 4532 om.
1346 4499 1357 4532 ι
1394 4482 1445 4535 S.

2282 409 2424 464 150

1753 515 2028 580 scientia
2057 516 2506 580 efficacissime
2529 512 2784 578 claruit.
2861 519 2958 594 pf.
3068 571 3077 585 ,

1757 606 2002 669 Beatus
2088 606 2205 669 vir.
2325 605 2458 668 An’.
2585 601 2962 667 Sanctitate

1753 713 2021 776 quoque
2097 693 2372 775 insignis
2445 690 2736 754 diaconii
2815 708 2964 751 arce

1756 789 2104 863 suscepta:
2182 783 2357 844 vices
2418 777 2754 861 pontificis
2818 775 2966 838 dili-

1756 877 1992 950 genter
2008 868 2484 950 exequebatur.
2558 874 2656 946 ps.
2739 863 2967 945 Quare

1759 956 2184 1019 fremuerunt.
2244 958 2377 1019 Αῆ.
2431 953 2738 1017 Valerius
2765 953 2970 1033 igitur

1762 1045 2112 1126 episcopus
2173 1054 2243 1107 et
2316 1041 2518 1105 levita
2591 1040 2968 1104 vincentius

1760 1151 1880 1213 spe
1955 1131 2213 1194 fruendi
2287 1130 2568 1193 victoria
2642 1129 2968 1190 divinitus

1759 1219 2031 1281 subnixi
2087 1220 2155 1281 in
2217 1217 2632 1280 confessione
2691 1215 2970 1277 deitatis

1761 1307 2065 1369 alacriter
2109 1313 2548 1369 cucurrerunt.
2626 1311 2729 1383 pff.
2829 1301 2972 1364 Do-

1763 1395 1940 1456 mine
1972 1393 2150 1475 quid.
2243 1409 2290 1478 y
2337 1391 2564 1456 Gloria
2594 1399 2660 1452 et
2693 1389 2970 1452 honore.

1760 1480 2212 1612 Probabile
2259 1481 2420 1543 satis
2453 1488 2555 1541 est
2585 1478 2670 1540 ad
2708 1477 2881 1561 [Lec.
2906 1477 2972 1557 j.

1913 1569 2193 1651 gloriam
2265 1565 2578 1630 vincentii
2655 1564 2974 1646 martyris

1762 1657 1940 1739 quod
1990 1657 2336 1738 descriptis
2386 1653 2708 1736 passionis
2757 1652 2972 1734 ipsius

1761 1746 1966 1824 gestis
2043 1743 2241 1807 titulo
2327 1743 2565 1805 invidit
2639 1740 2970 1803 inimicus.

1766 1833 1980 1914 Igitur
2051 1831 2378 1913 gloriosus
2439 1829 2640 1892 levita
2717 1827 2970 1892 Christi

1763 1921 2171 1984 vincentius:
2218 1938 2369 1982 cum
2420 1917 2808 1999 episcopum
2856 1935 2974 1978 va-

1763 2007 1995 2070 lerium
2043 2007 2434 2089 magistrum
2480 2023 2674 2067 suum
2715 2005 2780 2065 in
2813 2023 2974 2084 sup-

1765 2095 1976 2179 pliciis
2009 2096 2300 2177 positum
2346 2093 2637 2156 videret:
2684 2093 2777 2153 ita
2811 2109 2970 2152 eum

1765 2183 2162 2264 alloquitur:
2209 2179 2390 2263 Quid
2454 2179 2596 2260 agis
2657 2180 2974 2261 episcope

1767 2271 1923 2333 dei?
2012 2270 2193 2352 Quid
2225 2278 2456 2331 contra
2481 2287 2714 2331 canem
2735 2267 2975 2329 leniter

1770 2358 2047 2422 musitas
2073 2357 2136 2421 ἓ*
2224 2357 2556 2436 Exclama
2605 2355 2670 2417 in
2723 2373 2975 2436 magna

1767 2447 2010 2509 virtute
2041 2443 2455 2508 christicola:
2501 2451 2575 2505 ut
2606 2441 2719 2523 qui
2753 2461 2874 2524 per
2901 2451 2972 2504 te

1769 2543 2098 2615 exoptant
2143 2531 2548 2596 corroborari
2593 2540 2663 2593 te
2708 2530 2974 2592 discant

1771 2620 2030 2684 imitari.
2122 2621 2239 2683 Re.
2333 2619 2606 2684 Sacram
2646 2618 2976 2700 presentis

1771 2709 1879 2772 dei
1911 2708 2376 2771 solennitatem
2419 2705 2650 2768 humili
2683 2704 2976 2768 celebre·

1775 2817 1922 2859 mus
1994 2796 2399 2858 devotione:
2477 2814 2615 2875 qua
2690 2793 2976 2856 invictus

1775 2883 2020 2949 Christi
2052 2892 2306 2964 martyr
2343 2881 2716 2946 vincentius
2748 2891 2978 2962 tyran-

1774 2991 1864 3035 no
1923 2971 2205 3034 devict0.
2300 2969 2639 3052 Insignem
2701 2969 2980 3031 victorie

1776 3059 2068 3141 palmam
2101 3058 2244 3121 celo
2268 3059 2565 3139 gaudens
2597 3057 2843 3120 intulit.
2931 3072 2982 3140 y

1779 3148 2054 3210 Peracto
2097 3147 2419 3228 passionis
2450 3165 2566 3208 sue
2597 3144 2985 3208 venerando

1777 3233 2116 3315 triumpho
2162 3233 2547 3315 angelorum
2578 3233 2841 3295 cetibus
2873 3252 2988 3295 co·-

1780 3323 2068 3386 mitatur.
2162 3322 2521 3402 Insignem.
2661 3319 2884 3383 Lectio
2913 3320 2986 3402 ij.

1778 3409 2180 3543 Audiens
2225 3408 2348 3472 hec
2396 3408 2714 3472 dacianus
2755 3429 2989 3490 preses

1947 3496 2164 3561 dixit:
2212 3497 2547 3561 Amovete
2588 3497 2986 3578 episcopum

1780 3585 1982 3648 istum
2007 3585 2408 3648 vincentium
2428 3605 2584 3648 vero
2606 3586 2988 3665 graviorem

1785 3673 2136 3736 rebellem:
2183 3673 2296 3754 qui
2345 3673 2410 3736 in
2453 3672 2792 3754 publicam
2827 3693 2992 3736 con-

1783 3761 2128 3824 tumeliam
2186 3762 2368 3823 venit
2439 3761 2775 3842 applicate
2853 3770 2996 3823 tor-

1787 3850 2045 3912 mentis.
2168 3848 2349 3911 Dum
2427 3858 2653 3911 autem
2731 3859 2998 3930 martyr

1789 3936 2033 4001 Christi
2087 3935 2469 4000 cederetur:
2525 3947 2997 4019 torqueretur:

1786 4045 1910 4088 nec
1957 4025 2366 4088 vinceretur:
2435 4033 2725 4106 tyranno
2777 4025 3002 4088 subri-

1787 4113 1953 4175 dens
2007 4113 2142 4176 ait:
2211 4112 2486 4194 Insurge
2541 4112 2859 4177 diabole:
2927 4122 2998 4176 et

1785 4210 1930 4264 toto
1980 4201 2411 4282 malignitatis
2441 4209 2556 4262 tue
2591 4201 2832 4282 spiritu
2880 4202 2998 4264 de-

1782 4287 2144 4354 bachare⁴:
2213 4298 2288 4351 ut
2346 4288 2508 4351 dum
2573 4309 2684 4354 me
2747 4291 2995 4371 punis:

2080 4423 2118 4452 ‘⁸
2139 4421 2367 4470 mussitas
2389 4438 2402 4471 :
2437 4421 2500 4470 G.

2097 4490 2115 4519 ⁴
2149 4487 2483 4538 debacchare:
2519 4487 2583 4537 G.
