3117 4959
1441 203 1552 260 IN
1590 202 1859 260 FESTO

963 312 1104 367 481

443 415 668 482 oliveti
703 414 938 498 posita.
1031 415 1170 482 Ubi
1215 417 1284 479 in
1327 415 1473 498 ejus
1515 417 1639 480 ho-

447 525 606 568 nore
637 503 957 568 sabricata
1001 513 1102 568 est
1147 504 1424 568 ecclesia
1471 507 1640 569 miro

447 591 712 674 lapideo
741 591 1080 654 tabulatu:
1126 593 1192 655 in
1219 612 1353 673 qua
1381 594 1645 675 sepulta

450 678 700 743 fuisse:
775 688 850 741 ut
909 680 1074 742 scire
1149 682 1480 762 potestis:
1553 682 1643 744 ab

449 766 858 830 hominibus¹
921 767 1168 830 ibidem
1251 769 1643 849 predicatur.

451 854 568 917 sed
601 873 776 916 nunc
805 874 1088 918 vacuum
1133 875 1278 918 esse
1323 857 1647 918 cernenti-

451 942 578 1005 bus
611 942 862 1006 cunctis
892 942 1280 1006 ostenditur.
1373 943 1520 1005 Hec
1545 942 1648 1004 id-

455 1030 627 1093 circo
671 1029 1000 1092 dixerim:
1047 1030 1204 1112 quia
1251 1030 1442 1094 multi
1496 1051 1650 1094 nos-

455 1125 706 1181 trorum
790 1115 1101 1180 dubitant
1133 1137 1150 1180 :
1241 1127 1464 1180 utrum
1537 1137 1648 1180 as-

455 1213 724 1284 sumpta
743 1203 938 1267 fuerit
955 1203 1152 1268 simul
1172 1225 1322 1269 cum
1343 1225 1648 1288 corpore:

457 1311 545 1354 an
593 1291 831 1354 obierit
874 1292 1105 1356 relicto
1150 1313 1441 1374 corpore.
1529 1293 1649 1357 Re.

456 1379 632 1442 Veni
691 1379 904 1442 electa
964 1400 1115 1443 mea
1159 1388 1228 1444 et
1273 1400 1520 1462 ponam
1583 1381 1651 1443 in

455 1475 526 1530 te
562 1467 873 1530 thronum
921 1487 1140 1530 meum
1189 1467 1366 1550 Quia
1409 1489 1653 1531 concu-

456 1555 624 1637 pivit
699 1575 821 1618 rex
901 1556 1190 1637 speciem
1281 1565 1484 1619 tuam.
1603 1573 1654 1640 y

457 1643 644 1706 Audi
707 1641 842 1705 filia
899 1652 969 1706 et
1027 1643 1218 1706 vide:
1276 1652 1345 1706 et
1407 1643 1653 1706 inclina

457 1749 684 1794 aurem
717 1740 920 1794 tuam.
1009 1731 1201 1814 Quia.
1343 1732 1560 1794 Lectio
1592 1751 1649 1795 v.

469 1818 727 1984 Quod
788 1826 857 1881 et
925 1818 1012 1881 de
1086 1818 1286 1881 beato
1353 1818 1653 1900 johanne

595 1905 1002 1988 evangelista
1074 1906 1216 1987 ejus
1298 1907 1599 1971 ministro
1636 1926 1651 1969 :

459 1994 563 2056 cui
593 1994 828 2076 virgini
861 2015 902 2058 a
934 1993 1198 2058 Christo
1241 1996 1428 2076 vIrgo
1471 2013 1653 2058 com-

460 2082 664 2144 missa
731 2089 834 2144 est
908 2082 1172 2163 plurimi
1233 2091 1653 2146 asseverant:

458 2169 615 2250 quia
646 2170 712 2231 in
743 2169 1090 2250 sepulchro
1127 2169 1270 2250 ejus
1301 2179 1376 2232 ut
1406 2169 1612 2233 fertur
1638 2191 1653 2234 ε

459 2276 594 2319 non
627 2256 751 2318 nisi
785 2277 1030 2320 manna
1053 2257 1418 2320 invenitur:
1469 2256 1650 2338 quod

461 2353 531 2407 et
559 2343 875 2407 scaturire
904 2346 1207 2408 cernitur.
1296 2345 1653 2409 Verumta-

461 2451 615 2494 men
647 2433 804 2512 quid
844 2431 1077 2496 horum
1122 2431 1336 2495 verius
1383 2453 1653 2496 censea-

460 2527 587 2584 tur·
625 2519 1042 2602 ambigimus,
1136 2520 1377 2583 Melius
1424 2528 1651 2583 tamen

460 2608 590 2670 deo
619 2615 838 2670 totum
868 2628 882 2670 :
931 2608 1034 2672 cui
1065 2607 1226 2670 nihil
1247 2608 1652 2690 impossibile

459 2703 561 2757 est
593 2696 1107 2760 committimus:
1154 2715 1355 2777 quam
1403 2695 1652 2778 aliquid

459 2790 709 2847 temere
741 2784 1022 2846 diffinire
1061 2783 1339 2847 velimus
1373 2784 1653 2847 auctori-

459 2880 600 2934 tate
631 2882 856 2934 nostra
901 2873 1080 2953 quod
1113 2891 1244 2933 non
1279 2871 1661 2953 probamus,

458 2959 574 3022 Re.
666 2958 818 3041 Que
847 2968 948 3022 est
991 2961 1116 3022 ista
1161 2979 1291 3040 que
1336 2961 1655 3041 processit

459 3047 631 3110 sicut
681 3047 824 3111 sol:
877 3056 946 3110 et
993 3048 1282 3110 formosa
1330 3049 1651 3128 tanquam

461 3133 874 3198 hierusalem.
963 3135 1292 3198 Viderunt
1339 3153 1486 3196 eam
1521 3133 1653 3196 filie

461 3241 672 3303 syon:
717 3231 785 3284 et
839 3223 1102 3285 beatam
1158 3223 1514 3285 dixerunt:
1584 3229 1655 3284 et

462 3309 687 3390 regine
719 3308 1153 3372 laudaverunt
1185 3329 1351 3372 eam.
1388 3327 1432 3396 γ
1465 3309 1654 3374 Sicut

459 3397 602 3458 dies
676 3396 857 3458 verni
934 3397 1434 3460 circumdabant
1503 3417 1652 3459 eam

461 3482 656 3544 flores
710 3502 1002 3544 rosarum
1066 3492 1134 3546 et
1195 3483 1330 3546 lilia
1371 3485 1655 3560 ‘conval-

463 3569 642 3632 lium.
734 3568 1080 3632 Viderunt.
1327 3570 1538 3634 Lectio
1568 3571 1652 3653 vj.

459 3660 654 3789 De
687 3655 788 3719 his
819 3656 902 3718 de
934 3657 1176 3738 quibus
1222 3659 1380 3720 certi
1425 3677 1655 3721 sumus

619 3746 940 3826 tantisper
993 3743 1381 3826 loquamur:
1430 3755 1503 3808 ut
1558 3765 1655 3808 re·

463 3833 622 3916 ligio
659 3840 1081 3897 conservetur
1126 3852 1246 3914 pro
1291 3831 1656 3897 famulatu:

462 3932 529 3985 et
563 3922 828 3984 devotio
866 3930 1186 4000 augeatur
1230 3940 1350 4002 pro
1396 3921 1654 3984 affectu.

464 4009 663 4093 Quod
719 4009 774 4071 si
827 4009 1156 4090 queritur:
1225 4017 1379 4089 post
1431 4028 1658 4071 ascen-

462 4099 718 4160 sionem
795 4097 1099 4159 domini:
1164 4096 1325 4176 quid
1389 4096 1657 4177 egerit:

463 4204 670 4249 unum
715 4203 836 4265 pro
878 4193 1062 4248 certo
1092 4193 1236 4248 est:
1283 4184 1444 4266 quia
1471 4185 1659 4266 virgo

759 4316 774 4347 ¹
809 4318 1039 4369 omnibus
1063 4335 1078 4369 ε
1112 4315 1252 4370 RN.

759 4381 780 4411 ²
813 4383 964 4444 Quo:
999 4385 1066 4436 N.

1740 2442 1838 2514 pr.

2247 309 2411 366 482

1739 424 1976 481 sancta
2032 433 2310 499 corpore
2368 433 2453 480 ac
2516 421 2753 478 mente
2808 433 2953 495 per-

1740 506 2006 569 mansit.
2096 504 2413 568 Ceterum
2446 504 2541 567 ad
2564 502 2955 584 exemplum

1742 593 2036 656 humane
2106 593 2247 654 vite
2318 591 2757 654 conversatio
2820 590 2963 670 ejus

1742 690 1899 763 post
1928 681 2385 742 ascensionem
2437 679 2701 743 Christi
2734 697 2967 760 gener-

1744 769 1939 832 aliter
1968 788 2117 831 cum
2166 767 2491 848 apostolis
2540 767 2673 828 suit
2724 785 2969 846 quous-

1744 876 1877 937 que
1906 857 2377 938 disperguntur
2398 856 2579 917 sicut
2604 855 2801 916 lucas
2832 873 2969 914 me-
3062 855 3065 860 ’

1748 944 1943 1006 minit
2001 944 2229 1006 dicens
2264 963 2279 1006 :
2357 941 2567 1025 Quod
2594 942 2621 978 ²
2686 941 2969 1022 regressi
3062 961 3065 976 ·

1746 1030 2019 1112 quidem
2054 1051 2095 1092 a
2126 1039 2353 1093 monte
2398 1029 2637 1093 oliveti
2670 1029 2971 1092 hieroso-

1746 1118 1999 1200 lymam
2058 1125 2427 1180 venerunt:
2504 1127 2581 1180 et
2644 1117 2973 1180 ascende-

1748 1214 1901 1268 runt
1949 1205 2017 1267 in
2064 1203 2502 1270 cenaculum:
2550 1204 2675 1268 ubi
2738 1225 2973 1267 mane-

1747 1293 1913 1356 bant
1944 1304 2169 1375 petrus
2200 1301 2269 1356 et
2292 1293 2635 1374 johannes
2660 1302 2739 1355 et
2772 1294 2973 1354 ceteri

1748 1380 2051 1462 apostoli.
2140 1380 2259 1443 Re.
2352 1380 2576 1461 Stirps
2622 1379 2819 1460 jesse
2848 1382 2977 1442 vir-

1748 1487 1905 1549 gam
1960 1469 2282 1550 produxit
2330 1470 2664 1550 virgaque
2718 1467 2975 1530 florem.

1752 1555 1846 1619 Et
1874 1576 2074 1638 super
2088 1554 2263 1618 hunc
2286 1554 2533 1618 florem.
2636 1557 2977 1637 Requies-

1750 1644 1841 1707 cit
1870 1644 2139 1725 spiritus
2185 1643 2416 1707 almuS.
2510 1644 2839 1729 y·Virga
2868 1644 2973 1706 dei

1750 1733 2041 1814 genitrix
2071 1732 2258 1813 virgo
2290 1741 2394 1794 est
2425 1729 2547 1793 flos
2582 1731 2773 1793 filius
2813 1733 2973 1812 ejus.

1754 1821 1845 1882 Et
1896 1838 2109 1901 super.
2204 1818 2449 1882 Gloria.
2546 1819 2972 1900 Requiescit.

1748 1906 1834 1969 In
1898 1907 1993 1989 iij.
2056 1917 2361 1970 nocturno
2417 1915 2525 1970 αῆ.
2656 1907 2845 1970 Veni
2908 1909 2974 1968 in

1750 2007 1969 2057 ortum
2003 2015 2227 2058 meum
2282 2015 2469 2056 soror
2518 2013 2672 2056 mea
2716 2015 2975 2076 sponsa

1752 2084 1995 2145 messui
2074 2081 2411 2165 myrrham
2492 2102 2725 2145 meam
2818 2103 2975 2145 cum

1751 2171 2156 2234 aromatibus
2181 2171 2361 2233 meiS.
2380 2179 2480 2250 pi
2518 2171 2826 2234 Caritate
2860 2173 2977 2251 (j.)

1750 2259 1885 2321 Αῆ.
1979 2258 2259 2322 Comedi
2291 2257 2519 2320 savum
2553 2277 2712 2322 cum
2766 2259 2975 2320 melle

1753 2365 1905 2408 meo
1935 2345 2073 2408 bibi
2102 2347 2333 2410 vinum
2365 2364 2521 2408 cum
2565 2346 2748 2408 lacte
2800 2367 2973 2409 meo.

1933 2434 2266 2497 Dominus
2316 2434 2625 2514 regnavit
2674 2434 2971 2497 exultet.

1751 2521 1886 2584 Αῆ.
1939 2520 2270 2584 Descendi
2316 2523 2380 2583 in
2416 2531 2641 2584 ortum
2690 2541 2975 2584 meum:

1754 2618 1829 2671 ut
1858 2608 2151 2672 viderem
2178 2629 2381 2690 poma
2404 2609 2829 2672 convallium
2856 2630 2873 2672 :
2904 2618 2974 2672 et

1754 2697 2143 2778 inspicerem
2164 2698 2220 2758 si
2244 2697 2623 2759 floruissent
2642 2698 2879 2760 vinee:
2904 2707 2973 2761 et

1750 2784 2235 2866 germinassent
2256 2783 2433 2846 mala
2454 2786 2725 2866 punica:
2750 2807 2973 2848 rever-

1752 2881 1894 2935 tere
1934 2882 2261 2934 revertere
2300 2873 2697 2935 sunamitis:
2746 2893 2972 2936 rever-

1752 2967 1892 3022 tere
1928 2969 2293 3022 revertere:
2342 2968 2417 3022 ut
2446 2959 2842 3022 intueamur
2882 2971 2966 3023 te.

1738 3056 1839 3127 ps’:
1874 3047 2163 3112 Cantate
2196 3046 2317 3128 (ij.)
2406 3063 2451 3132 γ
2504 3047 2727 3109 Maria
2778 3049 2969 3130 virgo

1754 3145 2097 3216 assumpta
2129 3145 2228 3197 est
2254 3135 2338 3197 ad
2366 3134 2713 3197 ethereum
2748 3137 2971 3199 thala-

1754 3241 1956 3284 mum.
2052 3223 2132 3284 In
2179 3241 2313 3302 quo
2364 3242 2485 3284 rex
2536 3243 2773 3302 regum
2810 3224 2969 3286 stel-

1754 3309 1891 3372 lato
1914 3311 2103 3372 sedet
2126 3309 2307 3371 soli0.
2358 3309 2523 3374 all’a.
2586 3310 2967 3372 Secundum

1750 3400 1900 3529 ln
1934 3397 2048 3459 illo
2072 3407 2372 3478 tempore
2396 3416 2411 3458 :
2434 3397 2653 3459 Intra-
2676 3397 2969 3480 [lucam.²

1856 3484 1953 3547 vit
1995 3485 2188 3565 Jesus
2221 3485 2287 3546 in
2324 3485 2672 3565 quoddam
2720 3486 2969 3548 castel-

1753 3571 1932 3634 lum:
1977 3581 2043 3634 et
2076 3571 2311 3634 mulier
2357 3573 2653 3652 quedam
2695 3573 2963 3636 martha

1754 3658 2022 3721 nomine
2052 3659 2320 3740 excepit
2352 3659 2541 3721 illum
2574 3659 2645 3721 in
2678 3661 2959 3724 domum

1752 3765 1961 3824 suam.
2053 3745 2144 3808 Et
2174 3746 2443 3827 reliqua.

1758 3833 1987 3896 Sermo
2002 3853 2083 3894 ex
2098 3833 2554 3896 commentario
2574 3836 2961 3898 venerabilis

1754 3920 1902 3983 bede
1913 3920 2287 4001 presbyteri.
2598 3923 2819 3985 Latio
2848 3923 2956 4004 vasji

1754 4010 1935 4139 H
1951 4027 2025 4070 ec
2060 4007 2256 4070 lectio
2288 4008 2609 4090 superiori
2655 4011 2955 4092 pulcher-

1840 4149 1847 4155 .
1950 4096 2117 4157 rima
2209 4097 2467 4158 ratione
2544 4101 2959 4162 connectitur

1755 4183 1913 4264 quia
1959 4182 2269 4248 videlicet
2322 4183 2478 4246 illa⁴
2533 4186 2947 4252 dilectionem

2116 4317 2138 4348 ⁸
2176 4317 2444 4369 ‘xstaddz
2480 4319 2533 4370 S.

2124 4383 2353 4435 ‘'illam:
2390 4385 2535 4438 R.N.

3054 3455 3058 3518 f
