3117 4959
608 271 669 326 S.
732 267 1205 324 VALENTINI
1242 265 1696 322 MARTYRIS.

996 377 1131 431 197

468 483 940 548 denunciavit.¹
993 483 1215 549 Cetera
1242 480 1324 545 de
1340 479 1671 546 communi

463 572 666 635 unius
694 571 981 652 virginis
1010 592 1135 633 non
1168 570 1495 650 martyris.

472 665 536 737 εἷ
560 659 793 722 Sancti
820 659 1140 721 valentini
1160 657 1488 738 martyris.
1518 657 1666 722 Ofo.

467 750 791 878 presta
839 767 1197 828 quesumus
1244 747 1670 828 omnipotens

617 836 781 897 deus
834 844 908 897 ut
961 835 1075 918 qui
1122 835 1300 897 beati
1344 834 1664 897 valentini

470 924 779 1004 martyris
810 924 906 986 tui
939 922 1239 985 natalitia
1269 922 1547 985 colimus
1579 944 1592 985 :
1625 941 1666 984 a

467 1013 725 1074 cunctis
744 1011 933 1074 malis
953 1011 1452 1074 imminentibus
1476 1031 1490 1074 :
1523 1011 1667 1091 ejus

466 1099 934 1162 intercessione
966 1098 1331 1162 liberemur.
1379 1117 1499 1180 per
1546 1098 1666 1160 do-

472 1189 750 1250 minum.
1372 1184 1592 1248 Lectio
1605 1184 1664 1268 j.

465 1279 801 1406 Beatus
845 1274 945 1337 vir
986 1275 1478 1337 terraminensis
1508 1274 1666 1336 civi-

612 1363 769 1426 tatis
857 1363 1207 1444 presbyter
1294 1362 1668 1424 valentinus

467 1450 639 1513 bene
684 1451 970 1514 vivendo
1024 1451 1261 1512 meruit
1314 1449 1667 1512 virtutibus

468 1539 811 1602 adherere.'
886 1539 1167 1601 Factum
1199 1546 1301 1600 est
1334 1548 1556 1601 autem
1591 1547 1668 1600 ut

470 1627 699 1690 unicus
768 1627 1057 1689 cratonis
1117 1625 1291 1688 filius
1356 1645 1664 1688 ceremon

466 1715 740 1777 nomine
777 1715 981 1777 talem
1025 1715 1380 1777 incurreret
1422 1715 1666 1795 egritu-

469 1802 695 1866 dinem
728 1811 801 1864 ut
847 1803 1225 1865 incurvatus
1270 1803 1510 1865 dorso:
1558 1821 1668 1864 ca-

468 1899 591 1971 put
621 1891 875 1952 habens
907 1891 1077 1952 inter
1093 1909 1313 1971 genua
1336 1898 1667 1953 maneret:

472 1987 539 2040 et
574 1976 790 2040 nullus
822 1979 1115 2041 medicus
1162 1978 1221 2040 ei
1267 1987 1495 2059 posset
1524 1998 1670 2040 suc-

467 2085 773 2129 currere:
822 2065 997 2128 dixit
1028 2066 1300 2147 quidam
1351 2087 1365 2130 :
1411 2086 1669 2147 germa-

472 2173 633 2216 num
682 2173 875 2216 suum
925 2173 965 2215 a
1019 2153 1213 2216 simili
1270 2156 1503 2217 morbo
1551 2173 1672 2234 per

468 2241 803 2322 quendam
858 2240 1263 2304 valentinum
1326 2242 1669 2324 presbyte-

470 2349 619 2390 rum
683 2349 826 2391 esse
886 2339 1187 2392 curatum
1250 2338 1319 2392 et
1366 2330 1672 2392 hortatur

470 2417 828 2480 transmitti
861 2418 945 2479 ad
979 2436 1148 2480 eum.
1356 2417 1568 2480 Lectio
1601 2417 1668 2500 ᾔ.

611 2525 757 2566 uem
806 2524 957 2568 curn
1008 2504 1384 2568 venientem
1435 2514 1666 2568 craton

608 2592 903 2673 hospicio
980 2593 1331 2674 recepisset
1368 2615 1381 2656 :
1457 2593 1666 2655 filium

470 2699 663 2742 suurn
698 2699 1111 2743 ceremonem
1145 2681 1438 2744 ostendit
1468 2682 1567 2744 ei:
1601 2691 1669 2744 et

468 2768 646 2850 cepit
707 2778 978 2849 petere:
1056 2778 1130 2831 ut
1188 2770 1359 2832 sicut
1416 2770 1671 2833 curavit

471 2876 862 2937 germanum
913 2857 1165 2919 fontei:
1225 2857 1318 2919 ita
1366 2857 1472 2919 isti
1522 2877 1669 2919 suc-

468 2954 772 3008 curreret.
866 2945 991 3010 Cui
1039 2944 1413 3007 valentinus
1472 2945 1667 3008 dixit.

472 3033 686 3097 Crede
717 3053 875 3114 ergo
908 3031 1115 3095 filium
1150 3033 1257 3096 dei
1289 3053 1517 3096 verum
1551 3034 1670 3096 de-

470 3140 583 3183 um
646 3141 791 3184 esse
841 3121 1071 3201 Jesum
1135 3121 1526 3186 Christum:
1603 3131 1672 3185 et

469 3209 781 3272 omnibus
812 3211 1123 3272 renuncia
1160 3209 1572 3272 simulachris
1604 3218 1673 3272 et

470 3296 727 3360 videbis
802 3297 1057 3359 salvum
1158 3297 1365 3360 filium
1461 3307 1667 3360 tuum.

472 3382 665 3446 Tunc
727 3392 953 3447 craton
1002 3386 1265 3447 vocavit
1318 3385 1672 3467 conjugem

470 3491 700 3534 suam:
748 3479 817 3534 et
868 3491 1137 3535 omnem
1184 3472 1503 3536 familiam
1567 3494 1675 3536 su-

472 3578 624 3622 am:
671 3568 737 3621 et
788 3560 1069 3640 pedibus
1118 3559 1259 3642 ejus
1306 3571 1673 3641 prostratus

473 3647 651 3728 cepit
712 3647 1098 3728 promittere
1150 3667 1165 3710 :
1241 3650 1557 3729 quoniam
1619 3649 1674 3712 si

474 3735 586 3798 ille
617 3734 838 3797 salvus
868 3743 1041 3798 esset
1072 3755 1305 3800 omnes
1337 3737 1674 3802 crederent

480 3823 759 3888 Christo,
1336 3825 1549 3888 Lectio
1581 3826 1674 3907 it'j.

496 3911 742 4044 J'imc
772 3911 1147 3975 valentinus
1186 3911 1381 3993 jussit
1428 3914 1677 3977 silenti-

614 4020 725 4063 um
760 4002 949 4062 unius
981 4001 1111 4063 diei
1144 4011 1211 4064 et
1244 4002 1437 4065 unius
1463 4005 1678 4066 noctis

476 4087 662 4152 fieri:
709 4099 775 4152 et
808 4089 1043 4152 clausit
1088 4091 1332 4153 ostium
1380 4109 1578 4171 super
1607 4110 1678 4153 se

476 4185 544 4238 et
577 4197 851 4259 puerum
884 4199 898 4240 :
945 4186 1012 4240 et
1044 4186 1186 4241 tota
1234 4187 1429 4241 nocte
1462 4180 1527 4240 in
1571 4179 1680 4242 die

481 4264 788 4327 laudibus
812 4275 879 4329 et
900 4267 1199 4329 oratione
1219 4267 1678 4348 perseveravit.

483 4351 621 4418 Sed
654 4355 879 4434 spacio
910 4354 1102 4417 unius
1134 4353 1291 4417 hore
1318 4363 1680 4418 transacto:

552 4479 565 4508 ¹
607 4480 619 4503 ⁴
640 4477 721 4528 Tu
744 4487 911 4527 autem
932 4477 943 4499 ’
970 4477 1070 4528 add
1098 4495 1109 4528 :
1146 4479 1209 4529 G.

1319 4481 1339 4510 ²
1360 4495 1451 4544 pro
1482 4483 1495 4506 ‘
1517 4480 1595 4529 vel
1616 4480 1628 4503 ’
1653 4495 1783 4530 nec:
1821 4480 1885 4530 G.

1799 311 1804 316 .
1899 265 1964 322 S.
2009 263 2390 336 JULIANE
2445 263 2828 322 WRGINIS.

2293 373 2433 430 198

1765 479 2054 544 surrexit
2084 500 2250 563 puer
2279 479 2683 543 sanissimus,
2774 477 2979 542 Tunc

1765 579 1997 633 craton
2039 588 2191 632 curn
2221 568 2506 650 conjuge
2535 589 2656 631 sua
2685 576 2757 630 et
2785 567 2980 630 omni

1770 658 1973 720 domo
2034 657 2362 721 credens:
2409 657 2790 738 baptizatus
2855 663 2980 718 est.

1769 746 1962 809 Tunc
2021 745 2392 826 indignatio
2443 764 2616 826 pene
2667 743 2980 807 omnium

1769 843 2150 896 senatorum
2206 853 2482 896 accensa
2533 842 2678 896 est:
2725 843 2792 895 et
2829 842 2979 895 ten·

1766 931 1915 984 tum
2006 921 2416 984 valentinum
2489 931 2694 1002 atque
2767 921 2980 1000 virgis

1767 1029 1994 1073 cesum
2028 1011 2613 1072 incarceraverunt.
2707 1008 2796 1071 Et
2833 1029 2982 1070 me·-

1772 1098 1885 1161 dio
1945 1099 2159 1161 noctis
2218 1096 2483 1159 silentio
2541 1095 2832 1178 ejectum
2887 1097 2983 1159 de

1770 1205 2029 1248 carcere
2059 1185 2554 1249 decollaverunt
2594 1184 2778 1264 jussu
2831 1184 2986 1266 pla.-

1765 1275 1924 1337 cidii
1985 1273 2166 1336 urbis
2215 1272 2504 1354 prefecti.
2611 1272 2838 1338 Cetera
2899 1272 2988 1334 de

1765 1360 2093 1425 communi
2119 1362 2317 1424 unius
2347 1362 2675 1441 martyris.

1773 1455 1840 1528 (s
1910 1451 2148 1514 Sancte
2198 1449 2466 1532 juliane
2554 1447 2845 1531 virginis
2917 1459 2990 1511 et

1771 1539 2105 1618 martyris.
2681 1536 2906 1598 Lectio
2913 1537 2984 1618 j.

1791 1626 2305 1758 Temporibus
2380 1624 2582 1706 igitur
2657 1625 2988 1686 maximi-

1927 1715 2034 1777 ani
2069 1715 2481 1796 imperatoris
2523 1712 2986 1775 scelestissimi

1775 1802 2303 1868 Christianorum
2337 1801 2772 1882 persecutoris
2803 1821 2818 1863 :
2853 1821 2986 1862 ex-

1771 1891 1910 1954 titit
1940 1891 2227 1973 quedam
2261 1890 2447 1970 virgo
2472 1887 2728 1969 juliana
2759 1889 2986 1950 norni-

1773 1998 1896 2042 ne:
1945 1978 2190 2041 nobilis
2247 1996 2535 2059 genere:
2601 1977 2719 2038 sed
2783 1977 2984 2038 nobi-

1773 2067 1898 2130 lior
1927 2067 2075 2130 fide.
2153 2065 2304 2148 Que
2335 2066 2496 2128 dum
2529 2063 2794 2128 floreret
2827 2065 2981 2146 pul-

1773 2156 2133 2224 cherrima:
2179 2174 2220 2216 a
2251 2153 2544 2235 quodam
2579 2151 2782 2214 nobili
2821 2151 2981 2214 licet

3084 1663 3087 1756 x

3083 1813 3087 1882 ι

3084 1961 3087 2071 l

1771 2244 2004 2325 gentili
2037 2251 2106 2306 et
2136 2240 2455 2322 sacrilego
2495 2241 2582 2304 ad
2637 2240 2977 2302 maritales
3084 2267 3087 2282 ⁴

1773 2333 2092 2395 invitatur
2119 2330 2492 2411 amplexus,
2561 2328 2770 2408 Cujus
2801 2348 2974 2408 nup-

1771 2421 1900 2482 tias
1931 2419 2308 2501 prophanas
2327 2418 2489 2479 dum
2511 2418 2701 2498 virgo
2733 2415 2976 2480 abhor-

1773 2516 1942 2570 reret
1977 2527 1992 2570 :
2067 2506 2416 2570 tormentis
2489 2503 2802 2586 gravibus
2877 2514 2978 2566 est

1770 2593 2032 2659 afflicta.
2095 2595 2230 2660 Sed
2263 2594 2424 2656 dum
2457 2613 2580 2657 nec
2612 2592 2806 2655 idolis
2837 2591 2978 2654 vel²

1773 2684 2024 2764 nuptiis
2055 2683 2463 2745 consentiret
2491 2701 2505 2745 :
2537 2681 2974 2744 carceralibus

1773 2772 2190 2852 mancipatur
2219 2770 2525 2833 tenebris
2659 2769 2882 2832 Lectio
2910 2769 2972 2850 ij.

1791 2860 2170 2990 Veniens
2202 2869 2426 2921 autem
2459 2858 2548 2919 ad
2582 2857 2797 2938 ipsam
2835 2858 2974 2919 dia-

1941 2946 2132 3009 bolus
2207 2947 2274 3008 in
2345 2945 2556 3027 figura
2633 2943 2970 3027 angelica:

1773 3035 2002 3099 dicens
2028 3055 2100 3098 se
2130 3055 2171 3097 a
2203 3033 2346 3098 celo
2367 3035 2683 3096 missum:
2715 3032 2970 3095 blandis

1773 3143 1924 3185 eam
2000 3122 2322 3185 illecebris
2411 3120 2768 3203 persuadet
2803 3141 2818 3184 :
2903 3129 2974 3182 ut

1776 3211 1971 3273 idolis
2020 3220 2087 3273 et
2141 3210 2390 3291 nuptiis
2451 3208 2972 3271 consentiendo:

1776 3319 1985 3381 penas
2013 3298 2348 3360 horrificas
2379 3297 2519 3378 jam
2551 3297 2678 3360 sibi
2709 3305 2972 3379 paratas

1774 3387 2142 3468 effugeret.⁸
2231 3386 2480 3451 Sancta
2509 3385 2699 3467 virgo
2732 3383 2972 3449 Christi

1771 3474 2025 3556 juliana
2101 3473 2188 3537 ad
2262 3493 2638 3536 sermonem
2729 3471 2974 3535 diaboli

1777 3563 2166 3645 perterrita:
2225 3562 2610 3642 cogitabat:
2667 3562 2974 3643 quisnam

1778 3659 1992 3714 esset:
2085 3651 2198 3732 qui
2287 3649 2450 3712 talia
2529 3651 2974 3731 persuaderet.

1782 3738 1932 3823 Que
1979 3759 2141 3802 mox
2173 3759 2213 3800 a
2244 3739 2372 3801 deo
2425 3737 2666 3800 edocta
2720 3747 2790 3800 et
2839 3757 2978 3800 cor-

1782 3828 2090 3890 roborata
2121 3826 2560 3908 apprehendit
2589 3825 2978 3888 diabolum:

1782 3925 1850 3979 et
1880 3915 2176 3996 alligavit
2221 3933 2414 3977 eum:
2460 3923 2528 3976 et
2573 3915 2814 3976 tandiu
2843 3933 2982 3976 ver·

1782 4003 2047 4066 beribus
2123 4001 2344 4083 palam
2408 4000 2650 4064 afflixit
2678 4022 2693 4064 :
2771 4001 2980 4064 donec

1783 4090 2010 4154 omnia
2085 4091 2262 4153 mala
2291 4109 2306 4152 :
2388 4109 2520 4170 que
2615 4089 2706 4152 ab
2799 4089 2978 4152 initio

1785 4178 2015 4241 mundi
2044 4177 2318 4241 fecerat:
2345 4186 2412 4240 et
2433 4178 2456 4214 ⁴
2489 4176 2842 4240 confessus
2871 4185 2980 4240 est.

1783 4267 2180 4398 Denique
2210 4266 2450 4329 educta
2491 4266 2577 4328 de
2613 4265 2864 4348 [Lectio
2891 4264 2976 4347 iis.

1941 4375 2196 4419 carcere
2269 4353 2571 4437 juliana:
2651 4363 2978 4418 tormenta

1960 4483 1979 4510 ⁸
2001 4479 2238 4544 effugaret
2264 4497 2274 4529 :
2309 4480 2360 4528 S.
2439 4482 2456 4510 ⁴
2487 4478 2592 4528 ‘et’
2615 4495 2716 4530 om.
2751 4498 2765 4529 :
2791 4479 2936 4528 W.G.
