3117 4959
1458 183 1565 236 IN
1592 183 1675 237 [A
1700 181 2137 240 VENTIONE

1079 293 1214 344 441

549 396 818 460 exthasi
834 397 850 435 ¹
865 395 1138 461 effectus
1151 395 1601 480 semivigilans
1618 417 1633 461 :
1653 395 1749 458 vi-

549 486 621 548 di
641 485 852 549 virum
871 505 1097 548 senem
1117 485 1395 549 barbam
1415 485 1749 567 prolixam

549 573 948 637 habentem:
995 572 1314 638 amictum
1345 572 1587 656 pallio:
1634 593 1752 635 au-

551 681 734 724 ream
763 663 1017 743 virgam
1042 661 1111 725 in
1133 679 1337 724 manu
1369 669 1705 724 tenentem
1733 681 1748 723 ε

551 748 904 813 calciatum
965 749 1201 832 caligis
1275 748 1343 812 in
1401 747 1749 831 superficie

551 837 926 902 deauratis:
956 835 1498 901 deambulantem
1522 855 1745 900 coram

551 945 660 988 me
719 932 790 988 et
847 933 1202 990 tacentem.
1289 925 1406 988 Re.
1501 925 1747 988 Beatus

550 1012 861 1093 gamaliel
895 1012 1184 1077 doctoris
1229 1011 1530 1094 gentium
1564 1011 1745 1094 pauli

548 1099 961 1164 didascolus²
997 1102 1306 1184 apparuit
1351 1099 1597 1165 Christi
1644 1119 1747 1162 sa-

549 1188 802 1252 cerdoti
825 1187 1089 1252 luciano
1108 1189 1174 1251 in
1193 1187 1436 1253 vestitu
1455 1187 1747 1251 candido

549 1275 834 1339 amictus
885 1275 1106 1359 pallio.
1219 1275 1313 1340 Et
1363 1275 1620 1357 virgam
1677 1275 1745 1338 in

550 1384 752 1428 manu
783 1363 1094 1446 gestabat
1118 1381 1403 1428 auream.
1494 1379 1544 1450 γ
1592 1361 1747 1427 Cal-

545 1459 774 1516 ceatus
786 1452 811 1490 ³
840 1451 1105 1534 caligis
1085 1470 1156 1514 in
1174 1449 1518 1533 superficie
1541 1450 1745 1514 deau-

547 1539 706 1604 ratis
764 1539 954 1622 quasi
1023 1538 1458 1603 deambulans
1518 1558 1743 1602 coram

545 1647 642 1690 eo.
738 1627 846 1692 Et.
1423 1625 1643 1690 Lectio
1675 1625 1743 1708 y'.

544 1717 726 1846 Et
757 1715 1040 1798 pulsavit
1065 1734 1172 1779 me
1193 1721 1333 1778 ter:
1361 1733 1610 1778 vocans
1634 1733 1743 1778 me

695 1805 965 1868 nomine
995 1822 1148 1866 meo
1185 1802 1412 1867 dicens
1446 1801 1743 1866 Luciane

545 1891 803 1954 luciane
833 1893 1134 1955 luciane:
1177 1910 1389 1971 surge.
1439 1890 1743 1970 Respon-

542 1979 665 2043 di:
743 1978 910 2062 Quis
969 1999 1040 2042 es
1105 1977 1434 2042 domine?
1557 1977 1742 2042 Dicit

545 2067 749 2132 mihi:
797 2068 1010 2149 Surge
1061 2076 1131 2131 et
1180 2065 1438 2130 vade:⁴
1483 2064 1593 2128 dic
1636 2063 1739 2146 jo-

541 2154 746 2218 hanni
770 2156 1084 2236 episcopo
1107 2151 1699 2234 hierosolymitano
1722 2173 1739 2218 ε

545 2263 754 2324 usque
802 2262 938 2324 quo
984 2241 1189 2306 clausi
1234 2239 1512 2304 sumus?
1606 2241 1737 2306 Us-

543 2350 809 2412 quequo
839 2351 972 2394 non
1006 2329 1220 2412 aperis
1245 2329 1478 2394 nobis:
1520 2327 1739 2392 maxi-‘-

544 2439 651 2482 me
703 2438 856 2482 cum
908 2418 1041 2482 tuis
1091 2416 1504 2499 temporibus
1555 2435 1741 2480 reve-

542 2505 724 2570 landi
777 2527 1023 2570 sumus,
1116 2505 1289 2570 Cum
1343 2505 1466 2569 hec
1517 2504 1738 2568 audis·

541 2614 722 2658 sem:
769 2595 914 2658 dixi
945 2595 1033 2660 ad
1065 2613 1256 2659 eum:
1302 2593 1408 2656 Tu
1439 2592 1589 2675 quis
1621 2612 1736 2656 es:

539 2692 612 2746 et
659 2683 772 2765 qui
825 2689 982 2747 sunt
1029 2679 1304 2746 tecum?
1414 2679 1507 2744 Et
1557 2679 1738 2744 dixit

541 2771 694 2854 Ego
741 2791 888 2834 sum
937 2768 1290 2852 gamaliel:
1336 2767 1452 2850 qui
1492 2767 1737 2832 nutrivi

539 2858 816 2942 paulum
849 2857 1242 2941 apostolum.
1334 2854 1469 2938 Qui
1509 2863 1736 2920 autem

541 2967 802 3012 mecum
820 2947 1032 3029 jacet:
1057 2946 1200 3028 ipse
1210 2951 1314 3009 est
1332 2941 1736 3027 stephanus:

537 3036 652 3118 qui
699 3055 740 3100 a
778 3034 998 3118 judeis
1033 3033 1366 3116 lapidatus
1397 3039 1515 3096 est.
1610 3029 1736 3096 Ille

537 3142 698 3188 vero
731 3123 938 3188 alius⁶
968 3123 1082 3204 qui
1125 3139 1280 3185 cum
1326 3120 1473 3203 ipso
1511 3117 1736 3201 Jacet:

539 3213 682 3294 ipse
743 3221 844 3276 est
893 3210 1330 3276 nichodemus
1386 3207 1504 3290 qui
1551 3205 1735 3272 venit

537 3300 625 3366 ad
685 3299 918 3380 Jesum
967 3307 1179 3362 nocte.
1272 3295 1364 3360 Et
1422 3296 1490 3358 in
1537 3295 1735 3360 tertia

538 3396 728 3469 parte
773 3385 1005 3450 abibas
1035 3383 1211 3448 filius
1264 3403 1452 3448 meus
1503 3383 1617 3464 qui
1663 3383 1733 3446 in

537 3494 704 3556 pura
747 3472 1126 3556 virginitate
1172 3470 1465 3553 perrexit
1495 3470 1581 3533 ad
1614 3469 1733 3534 do-

539 3563 809 3626 minum.
883 3559 1002 3624 Re.
1073 3558 1288 3641 Igitur
1315 3557 1732 3622 dissimulata

535 3647 848 3732 gamaliel
877 3645 1416 3711 deambulatione
1438 3645 1621 3709 venit
1644 3646 1729 3710 ad

536 3757 688 3802 eum
719 3757 734 3801 :
781 3745 850 3801 et
877 3735 1065 3818 virga
1107 3752 1312 3816 quam
1349 3753 1550 3796 manu
1583 3753 1731 3815 ges-

533 3827 762 3891 tabat:
808 3824 1032 3906 tetigit
1067 3822 1254 3888 illum
1299 3841 1544 3885 vocans
1576 3841 1728 3886 eum

531 3915 732 3980 tertio
797 3913 1094 3977 Luciane
1153 3910 1412 3976 luciane
1471 3908 1731 3974 luciane

531 4024 744 4087 surge.
787 4018 837 4089 γ
870 4001 995 4067 Cui
1016 3998 1324 4065 sacerdos
1349 3998 1728 4080 respondit:

529 4094 680 4175 quis
711 4112 783 4155 es
813 4090 1126 4154 domine:
1172 4097 1244 4154 at
1290 4087 1398 4152 ille
1433 4087 1611 4150 dixit
1643 4086 1727 4150 ad

529 4201 727 4244 eum:
777 4177 1086 4242 Luciane.
1383 4174 1603 4238 Lectio
1634 4173 1727 4257 τῇ.

644 4329 840 4380 extasi:
877 4327 1076 4379 RNAE.
1107 4367 1112 4372 .

596 4395 1026 4446 ⁴⁶et’add2N.
1221 4395 1240 4422 ⁵
1279 4391 1738 4441 ‘alius’om.:N.

1217 4327 1238 4358 ²
1269 4325 1588 4375 didascalus·
1625 4325 1689 4375 R.
1699 4325 1752 4373 S.
1804 4326 2127 4376 didascalus,
2164 4327 2232 4376 N.

2350 293 2511 346 442

2004 407 2031 460 t
2076 397 2473 480 interrogavi
2522 398 2727 480 ipsum
2760 400 2950 466 dicens:

2006 486 2141 551 Ubi
2202 507 2323 550 vos
2382 486 2815 550 inveniemus?
2894 490 2953 552 Et

1848 572 2025 636 dixit
2052 593 2067 637 :
2117 573 2201 638 In
2232 574 2645 656 possessione
2674 595 2840 640 mea:
2870 597 2955 658 que

1848 659 2090 724 dicitur
2164 664 2496 744 possessio
2568 663 2829 726 virorum
2874 666 2955 727 dei.

1850 748 2012 812 Post
2041 749 2211 814 hanc
2240 751 2565 815 visionem
2594 751 2885 814 surrexi⁶z
2914 763 2958 816 et

1848 845 2219 919 prostratus
2292 838 2363 902 in
2438 839 2732 904 oratione
2788 840 2959 903 oravi:

1851 925 2143 989 Domine
2172 926 2330 1007 Jesu
2364 925 2664 991 Christe:
2704 926 2756 989 si
2776 936 2859 988 est
2880 927 2961 989 hec

1844 1012 2013 1077 visio
2042 1034 2133 1076 ex
2162 1023 2276 1078 te:
2321 1023 2548 1098 presta
2592 1022 2667 1078 ut
2703 1014 2899 1078 iterum
2918 1025 2963 1078 et

1846 1101 2046 1164 tertio
2078 1101 2534 1168 manifestetur
2564 1101 2737 1166 mihi.
2791 1103 2965 1183 Appa-

1846 1189 1988 1271 ruit·
2048 1190 2289 1254 iterum
2370 1199 2645 1254 sanctus
2726 1187 2965 1271 gamaliel

1846 1275 2009 1342 mihi
2069 1277 2295 1342 dicens
2362 1277 2591 1360 Quare
2649 1276 2829 1340 frater
2873 1297 2964 1338 non

1846 1363 2124 1428 retulisti
2200 1365 2572 1448 episcopo?
2694 1365 2781 1429 Et
2828 1364 2964 1429 dixi:

1847 1451 2139 1518 Domine
2182 1452 2377 1516 timui
2406 1455 2493 1518 ad
2526 1453 2799 1536 primam
2828 1453 2964 1515 visio·

1844 1559 1999 1602 nem
2048 1539 2173 1605 hec
2224 1541 2645 1606 annunciare.
2740 1541 2823 1604 Et
2862 1559 2965 1603 cum

1844 1627 2245 1692 ostendisset
2305 1628 2469 1692 mihi
2528 1637 2669 1692 tres
2736 1627 2965 1692 calathos

1842 1735 2077 1779 aureos
2110 1716 2273 1780 rosis
2297 1715 2614 1782 refertos:
2645 1724 2713 1782 et
2728 1723 2965 1798 quartum

1840 1812 2231 1885 argenteum
2256 1824 2449 1868 croco
2472 1803 2745 1886 plenum
2770 1825 2785 1868 :
2824 1822 2967 1866 evan·

1840 1891 1939 1956 uit
1984 1892 2071 1955 ab
2115 1891 2324 1957 oculis
2368 1892 2551 1958 meis.
2650 1892 2754 1955 Re.
2830 1889 2966 1954 Vade

1843 1976 2104 2043 luciane
2137 1987 2206 2043 et
2250 1979 2359 2043 dic
2398 1979 2683 2061 johanni
2728 1979 2968 2061 episcopo

1842 2064 2433 2148 hierosolymitano
2495 2087 2511 2132 ε
2694 2082 2967 2148 usquequo

1838 2153 2044 2219 clausi
2077 2174 2305 2219 sumus
2338 2174 2690 2239 usquequo
2718 2174 2837 2218 non
2861 2172 2969 2234 ape-

1838 2241 1927 2304 ris
1956 2242 2163 2306 nobis.
2256 2243 2421 2306 Tuis
2450 2244 2705 2306 etenim
2723 2240 2969 2322 tempori·

1838 2329 1963 2392 bus
2013 2328 2346 2395 revelandi
2394 2351 2645 2395 sumus.
2734 2347 2779 2416 y
2815 2327 2969 2410 Aperi

1838 2418 2031 2481 nobis
2060 2418 2351 2482 velocius
2382 2427 2457 2482 ut
2486 2439 2611 2500 per
2642 2438 2757 2482 nos
2784 2419 2968 2481 ostium

1838 2505 2281 2571 misericordie
2322 2527 2439 2570 sue
2482 2507 2779 2571 humano
2804 2502 2971 2588 generi

1837 2595 2095 2676 aperiat
2180 2594 2364 2658 deus.
2482 2593 2674 2659 Tuis,
2786 2592 2971 2657 Gloria
3009 2615 3012 2654 ;

1836 2680 2018 2746 Tuis.
2130 2681 2219 2745 In
2259 2681 2530 2746 secundo
2580 2691 2869 2746 nocturno
2898 2685 2973 2741 ai.

1836 2768 1959 2832 Vir
2030 2769 2141 2833 dei
2198 2769 2512 2852 gamaliel
2574 2771 2677 2834 ait
2734 2770 2974 2833 luciano:

1836 2875 1972 2921 non
2004 2858 2132 2920 mei
2164 2856 2592 2922 solummodo
2632 2877 2825 2923 causa
2848 2853 2974 2919 solli·

1834 2945 2005 3010 citus
2052 2965 2241 3010 sum:
2292 2945 2411 3010 sed
2460 2946 2691 3028 potius
2741 2965 2853 3029 pro
2892 2941 2975 3006 illis

1834 3033 1951 3115 qui
2012 3053 2273 3098 mecum
2333 3042 2507 3098 sunt.
2612 3041 2723 3115 pff.
2806 3029 2975 3094 Verba

1835 3139 2001 3185 mea.
2094 3124 2227 3188 Ar'i.
2323 3121 2443 3186 Isti
2507 3122 2761 3186 etenim
2819 3116 2977 3183 maxi-

1836 3227 1947 3272 mo
1980 3206 2163 3310 digni
2203 3217 2361 3272 sunt
2407 3209 2665 3276 honore
2712 3201 2975 3274 veneraxi‘

1835 3295 1902 3359 in
1926 3296 2153 3360 terris:
2201 3318 2369 3379 quos
2394 3297 2459 3360 in
2480 3297 2643 3362 celis
2662 3318 2783 3362 rex
2804 3309 2975 3377 regum

1834 3383 2161 3449 immensa
2212 3385 2581 3450 cumulavit
2628 3385 2852 3468 gloria.
2908 3387 3012 3462 pi

1836 3471 2127 3536 Domine
2188 3473 2497 3538 dominus
2548 3483 2796 3537 noster.
2887 3469 2975 3534 Aa

1834 3559 2009 3624 Cum
2040 3580 2199 3642 ergo
2230 3561 2362 3624 sint
2393 3561 2575 3642 apud
2606 3563 2811 3625 deum
2840 3555 2977 3622 men‘·

1830 3646 1917 3710 tis
1964 3647 2251 3714 excelsi:
2298 3649 2477 3732 apud
2528 3649 2833 3714 homines
2873 3646 2975 3708 loco

1830 3743 2143 3800 tenentur
2169 3735 2424 3801 humili.
2496 3746 2603 3819 ps.
2702 3738 2977 3803 conserva

1832 3843 1956 3888 me.
2051 3840 2096 3909 y
2143 3824 2495 3890 Letamini.
2668 3825 2871 3888 Lectio
2892 3818 3012 3899 iiij:

1936 3931 1979 3974 n
2000 3911 2197 3976 tertia
2214 3932 2371 3976 vero
2394 3911 2783 3978 ebdomada
2800 3901 3012 3974 eadem?

1936 4000 2047 4063 die
2077 4009 2145 4063 et
2175 3999 2338 4063 hora
2368 4001 2551 4064 venit
2593 4001 2781 4066 idem
2808 3999 2881 4062 ad
2906 4012 3012 4072 me.

1828 4088 2029 4151 tertio
2078 4096 2145 4152 et
2202 4088 2417 4154 dixit:
2476 4087 2715 4172 Quare
2773 4089 2855 4151 sic
2902 4102 2977 4146 ne·

1830 4175 2159 4258 gligenter
2224 4175 2421 4258 agis?
2530 4165 2805 4240 Nonne
2842 4161 3012 4240 vide-51

2448 4329 2799 4378 ’Caiciatus.
2832 4325 2926 4376 RS
3009 4335 3012 4368 Ι

2460 4398 2477 4424 ¹
2512 4395 2825 4444 venerandi:
2856 4390 2905 4440 N.

3009 4449 3012 4462 1

2962 4551 3013 4884 1

1912 4394 1932 4421 ⁸
1962 4391 2173 4442 surrexit
2200 4410 2213 4443 :
2250 4393 2315 4442 N.
