3117 4959
611 264 1133 324 SANCTARUM
1172 263 1282 324 XI.
1332 265 1666 326 MILIUM
1717 265 2146 326 VIRGINUM.

659 373 817 430 685

116 496 281 562 ergo
311 499 545 543 omnes
575 479 907 562 adjuravit
934 501 949 544 ε
982 489 1055 545 ut
1084 482 1315 544 statim

116 579 273 650 post
304 577 587 630 mortem
632 587 786 631 eum
836 569 901 631 in
949 569 1185 632 eodem
1218 588 1323 632 or-

116 654 265 719 tulo
339 664 515 718 terra
588 657 934 738 operirent.
1032 656 1320 738 Jamque

118 742 423 807 modicus
443 742 620 806 calor
642 744 915 824 tepebat
934 745 1001 806 in
1021 754 1319 827 pectore:

115 841 189 895 et
252 841 477 894 tamen
522 832 769 913 apertis
827 831 1034 895 oculis
1092 831 1321 914 loque-

114 920 337 982 batur.
446 918 781 1000 Egredere
840 920 1002 1000 quid
1061 920 1260 983 times
1292 917 1318 982 ?

118 1006 463 1088 Egredere
506 1007 731 1071 anima
777 1007 937 1088 quid
982 1007 1249 1071 dubitas
1294 1008 1319 1071 ἓ

116 1094 568 1178 Septuaginta
586 1095 835 1177 quippe
854 1096 1045 1158 annis
1062 1095 1319 1158 servisti

113 1183 283 1264 Jesu
316 1182 582 1246 Christo
625 1192 693 1245 et
742 1191 1023 1245 mortem
1064 1183 1261 1246 times
1294 1183 1319 1246 ?

120 1271 209 1333 In
228 1269 347 1333 hec
367 1270 570 1334 verba
598 1269 895 1334 exalavit
923 1271 1227 1352 spiritum
1252 1279 1321 1334 et

114 1359 193 1422 in
219 1357 437 1421 ortulo
454 1377 605 1421 eum
628 1359 1043 1439 sepelierunt.
1133 1358 1210 1422 L.
1232 1358 1317 1440 ‘137‘-

112 1447 390 1578 Post
420 1445 541 1508 hec
571 1446 847 1528 quidam
877 1445 963 1508 de
994 1445 1321 1528 palestina

284 1532 595 1596 hisichius
626 1535 894 1596 nomine
917 1535 1210 1615 perrexit
1229 1533 1315 1596 ad

114 1641 402 1704 cyprum
461 1621 780 1684 simulans
838 1621 949 1684 se¹
1006 1622 1179 1684 velle
1254 1621 1320 1684 in

115 1709 363 1773 eodem
412 1708 632 1773 ortulo
678 1708 978 1772 habitare
1022 1728 1175 1772 cum
1223 1710 1319 1773 in·

114 1797 309 1880 genti
341 1797 473 1861 vite
502 1816 621 1860 sue
650 1796 958 1879 periculo.
1050 1797 1141 1860 Et
1170 1805 1325 1879 post

112 1886 355 1948 decem
387 1883 523 1948 sere
555 1905 815 1948 menses
844 1905 1081 1967 corpus
1111 1885 1323 1948 sancti

116 1972 379 2036 furatus
442 1982 559 2037 est.
681 1973 882 2056 Quod
958 1972 1321 2055 majoniam

114 2059 425 2125 deferens
454 2082 469 2124 ε
515 2061 580 2124 in
614 2062 891 2142 antiquo
922 2062 1325 2125 monasterio

116 2149 425 2214 condidit
469 2148 699 2212 illesa²
747 2149 971 2212 tunica
1018 2147 1325 2213 cucullo³

114 2246 195 2300 et
226 2236 429 2318 pallio
480 2245 550 2299 et
568 2236 594 2274 ⁴
640 2245 785 2300 toto
831 2257 1103 2319 corpore
1133 2237 1323 2319 quasi

114 2324 343 2388 adhuc
417 2324 667 2388 viveret
740 2325 997 2407 integro
1026 2344 1042 2389 z
1100 2343 1180 2389 ac
1254 2325 1320 2389 in

118 2422 407 2494 utroque
438 2411 587 2476 loco
618 2431 865 2495 magna
912 2412 1080 2476 fiunt
1127 2413 1326 2476 mira-

114 2499 314 2564 cula:
345 2500 461 2564 sed
495 2501 750 2583 majora
772 2502 840 2563 in
860 2500 1077 2564 ortulo
1104 2501 1322 2583 cypri:

114 2589 400 2653 forsitan
450 2589 607 2670 quia
656 2587 839 2651 illum
896 2587 1112 2652 locum
1174 2587 1324 2671 plus

115 2676 472 2740 dilexerat.
570 2675 791 2743 Cetera
850 2675 933 2738 de
1000 2675 1329 2739 communi

116 2764 325 2830 unius
372 2764 754 2844 confessionis·
803 2785 929 2826 non
983 2763 1321 2847 pontificis.

120 2851 421 2932 Septima
451 2851 628 2915 le'ctio
656 2861 914 2914 tantum
954 2851 1037 2914 de
1078 2851 1325 2932 exposi-

118 2941 298 3004 tione
349 2939 670 3021 evangelii
730 2939 1096 3002 Secundum
1155 2948 1327 3002 mat-

118 3027 359 3092 theum.
443 3027 677 3092 Simile
708 3037 809 3090 est
840 3047 1117 3110 regnum
1152 3026 1324 3092 celo-

116 3135 273 3180 rum
307 3115 535 3179 decem
569 3116 952 3196 virginibus.
1011 3116 1149 3179 Lec.
1181 3114 1323 3198 viij.

112 3205 370 3335 Duo
428 3213 653 3266 autem
715 3203 921 3284 iniqui
997 3202 1326 3285 principes

282 3310 552 3354 romane
623 3290 854 3355 militie
916 3290 1324 3354 maximinus

112 3378 377 3442 scilicet
449 3387 519 3442 et
594 3378 947 3442 affricanus
1020 3379 1325 3442 videntes

112 3485 440 3547 magnam
456 3466 947 3530 multitudinem
965 3467 1291 3548 virginum
1310 3485 1325 3529 ε

112 3565 190 3619 et
223 3555 403 3637 quod
438 3553 630 3617 multi
677 3554 1018 3637 multeque
1070 3555 1157 3617 ad
1210 3574 1323 3617 eas

110 3641 533 3707 confluerent
569 3665 583 3706 τ
647 3645 1009 3706 timuerunt
1070 3661 1152 3705 ne
1206 3661 1326 3722 per

112 3751 237 3796 eas
270 3730 467 3794 nimis
496 3739 819 3794 cresceret
864 3731 1091 3812 religio
1120 3730 1323 3793 chris-

112 3821 323 3884 tiana.
358 3818 782 3901 Quapropter
796 3820 921 3882 iter
938 3838 1162 3882 earum
1176 3817 1323 3881 dili-

112 3907 389 3990 gentius
408 3906 837 3987 explorantes
863 3928 879 3970 :
903 3907 1180 3969 nuncios
1202 3907 1323 3969 mi·-

113 4005 351 4060 serunt
374 3994 459 4057 ad
477 3994 719 4075 julium
739 4003 1101 4077 cognatum
1124 4013 1319 4057 suum

113 4082 491 4167 principem
522 4083 741 4164 gentis
769 4082 1147 4146 hunnorum
1184 4103 1199 4146 :
1246 4091 1322 4146 ut

114 4171 371 4234 educto
386 4180 619 4234 contra
637 4190 749 4234 eas
772 4171 1067 4234 exercitu
1097 4192 1111 4234 :
1143 4171 1323 4251 ipsas

112 4277 279 4322 cum
308 4257 662 4321 christiane
692 4267 915 4323 essent
938 4267 1006 4322 et
1024 4259 1322 4323 venirent

262 4393 275 4424 ¹
319 4393 599 4444 ‘se’om.=
636 4393 687 4442 S.

262 4461 281 4489 ⁴
321 4459 589 4508 ‘et’om.:
628 4459 697 4510 N.

262 4539 427 4592 voL.
474 4541 550 4591 11.

1090 4393 1112 4424 ¹
1146 4391 1313 4442 illasiz
1352 4391 1489 4441 R.N.

1101 4461 1122 4489 ⁸
1153 4459 1445 4508 obsessam:
1482 4457 1620 4508 R.N.
1633 4457 1684 4508 S.

1926 373 2084 432 686

1418 481 1750 545 coloniam
1781 481 2202 544 trucidarent.
2296 481 2467 547 Cum
2501 499 2618 544 au-

1422 579 1561 633 tem
1593 587 1777 633 sacre
1808 568 2092 651 virgines
2120 588 2275 633 cum
2305 569 2620 650 predictis

1418 658 1750 740 episcopis
1782 676 1822 720 a
1849 677 2040 720 roma
2068 656 2357 720 redirent
2386 678 2401 721 :
2433 656 2619 720 ethe-

1420 747 1553 808 rius
1600 745 1872 827 virginis
1917 765 2200 827 sponsus
2249 765 2291 808 a
2345 744 2620 807 domino

1422 841 1729 897 monetur
1811 841 1888 898 ut
1961 833 2262 915 protinus
2338 851 2618 914 surgens

1416 940 1661 1003 sponse
1701 940 1821 983 sue
1859 930 2202 984 occurrat:
2249 929 2324 983 ut
2353 939 2506 984 cum
2539 940 2621 983 ea

1418 1008 1485 1071 in
1516 1007 1780 1071 colonia
1811 1009 2106 1091 martyrii
2128 1008 2423 1089 palmam
2449 1009 2619 1072 acci-

1418 1097 1578 1179 piat.
1661 1095 1794 1177 Qui
1824 1095 2067 1159 divinis
2097 1096 2368 1159 monitis
2396 1095 2623 1177 acqui-

1418 1203 1648 1247 escens
1701 1193 1982 1247 matrem
2044 1203 2234 1246 suam
2295 1183 2618 1266 baptizari

1419 1271 1576 1334 fecit
1625 1280 1693 1334 et
1740 1290 1892 1335 cum
1946 1271 2090 1354 ipsa
2133 1280 2204 1334 et
2248 1291 2469 1334 sorore
2501 1291 2623 1335 sua

1419 1359 1771 1422 florentina
1801 1359 2076 1440 parvula
2100 1359 2242 1441 jam
2262 1358 2624 1422 christiana

1420 1466 1680 1511 necnon
1757 1457 1826 1510 et
1901 1446 2229 1510 clemente
2303 1447 2620 1529 episcopo

1422 1535 1584 1616 ipsis
1644 1534 2005 1617 virginibus
2065 1535 2343 1597 obvians
2402 1554 2473 1596 se
2534 1534 2622 1597 ad

1420 1623 1815 1705 martyrium
1833 1623 2113 1686 sociavit
2130 1622 2398 1686 eisdem.
2432 1622 2513 1685 L.
2537 1621 2620 1686 ix.

1559 1729 1746 1774 mnes
1777 1710 1979 1792 igitur
2020 1710 2306 1793 virgines
2355 1719 2626 1792 peracta

1556 1799 2086 1880 peregrinatione
2139 1798 2468 1864 coloniam
2524 1819 2625 1860 re-

1421 1886 1737 1950 dierunt:
1782 1895 1850 1950 et
1911 1885 2123 1968 ipsam
2178 1885 2320 1969 jam
2389 1885 2622 1948 urbem

1422 1973 1509 2038 ab
1528 1973 1771 2037 hunnis
1781 1974 2153 2037 obssessam
2167 1975 2192 2011 ⁶
2213 1975 2620 2038 invenerunt.

1424 2060 1612 2143 Quas
1643 2060 1902 2126 barbari
1933 2063 2234 2125 videntes
2282 2082 2479 2143 super
2509 2081 2624 2124 eas

1424 2150 1710 2214 clamore
1743 2151 1948 2213 nimio
1979 2151 2304 2213 irruerunt
2336 2159 2403 2214 et
2433 2151 2623 2231 quasi

1423 2237 1562 2320 lupi
1623 2238 1948 2301 sevientes
2009 2239 2077 2301 in
2138 2258 2338 2302 oves:
2408 2245 2625 2300 totam

1422 2325 1605 2390 illam
1670 2326 2164 2390 multitudinem
2223 2327 2624 2390 occiderunt.

1425 2413 1598 2478 Cum
1631 2423 1854 2477 autem
1892 2415 1978 2477 ad
2029 2415 2296 2478 beatam
2331 2413 2620 2477 ursulam

1422 2501 1660 2565 ceteris
1685 2501 2006 2584 jugulatis
2024 2502 2361 2566 venissent
2389 2502 2623 2565 videns

1424 2591 1730 2671 princeps
1759 2589 1904 2670 ejus
1936 2589 2172 2652 miram
2192 2589 2628 2672 pulchritudi-

1423 2696 1578 2740 nem
1655 2677 1998 2758 obstupuit
2041 2697 2056 2742 :
2130 2685 2200 2740 et
2273 2676 2624 2740 consolans

1423 2783 1574 2828 eam
1635 2784 1832 2845 super
1885 2783 2045 2828 nece
2095 2764 2422 2845 virginum
2473 2783 2624 2846 pro-

1424 2852 1605 2915 misit
1635 2852 1816 2934 quod
1847 2871 1997 2915 eam
2020 2851 2146 2915 sibi
2179 2852 2246 2914 in
2269 2851 2622 2934 conjugem

1423 2939 1782 3022 copularet.
1879 2939 2014 3004 Sed
2077 2958 2228 3002 cum
2304 2938 2432 3002 hoc
2507 2939 2626 3002 illa

1424 3027 1692 3109 penitus
1723 3027 2078 3108 respuisset
2106 3048 2121 3090 ε
2146 3025 2256 3090 ille
2281 3035 2626 3108 contemp-

1425 3124 1571 3178 tum
1631 3135 1704 3177 se
1763 3115 1993 3178 videns
2053 3114 2304 3178 directa
2378 3115 2624 3196 sagitta

1424 3223 1574 3266 eam
1607 3203 1985 3266 transfixit:
2031 3210 2099 3264 et
2148 3203 2240 3265 sic
2295 3202 2406 3265 illa
2453 3222 2648 3264 mar--

1424 3290 1672 3372 tyrium
1763 3293 2266 3355 consummavit.
2425 3291 2626 3353 Passe

1424 3387 1582 3441 sunt
1612 3387 1837 3441 autem
1871 3387 2099 3441 sancte
2129 3379 2417 3461 virgines
2449 3398 2628 3441 anno

1424 3467 1679 3529 domini
1755 3467 2212 3529 ducentesimo
2294 3468 2628 3530 tricesimo

1422 3563 1665 3617 octavo
1708 3564 2028 3635 regnante
2077 3555 2354 3618 domino
2400 3566 2629 3618 nostro

1421 3642 1582 3724 Jesu
1636 3641 1944 3706 Christo:
1990 3643 2095 3707 cui
2149 3653 2253 3706 est
2299 3642 2513 3706 honor
2559 3651 2628 3706 et

1419 3728 1634 3811 gloria
1663 3729 1730 3792 in
1761 3730 1980 3795 secula
2013 3731 2380 3795 seculorum
2412 3751 2629 3794 amen.

1426 3822 1489 3896 (Ι
1540 3817 1778 3882 Sancti
1820 3819 2114 3882 Romani
2163 3818 2627 3899 archieptkcopi.

1569 3915 1758 3968 eatus
1789 3927 2100 3970 romanus
2118 3926 2206 3969 ex
2231 3916 2419 3988 patre
2449 3901 2624 3988 [Lj.

1569 3994 1924 4058 benedicto
1947 4003 2016 4056 et
2037 3993 2286 4056 matre⁶
2309 3992 2624 4054 felicitate

1422 4101 1541 4163 per
1567 4080 1938 4163 angelicam
1971 4081 2441 4144 revelationem
2468 4099 2626 4141 con-

1420 4176 1658 4252 ceptus
1703 4178 1772 4232 et
1831 4177 2064 4233 ortus:
2119 4169 2185 4231 in
2244 4167 2622 4250 genitorum

1422 4256 1548 4320 ede
1598 4256 1874 4321 feliciter
1932 4265 2034 4320 est
2094 4257 2394 4320 nutritus,
2489 4254 2624 4338 Qui

1892 4392 1914 4422 ⁸
1944 4391 2158 4442 cuculo:
2193 4391 2398 4443 R.N.S.

1892 4460 1913 4488 ⁸
1950 4462 1965 4486 ⁸
1984 4459 2170 4507 matre’
2194 4474 2322 4507 om.=
2361 4457 2502 4510 R.N.

2219 4541 2359 4590 TT
