3117 4959
1496 246 1604 302 IN
1641 246 1914 303 FESTO

1006 356 1148 409 7⁷ss

444 457 599 519 filius
625 458 799 519 datus
826 468 917 519 est
942 456 1133 519 nobis.
1218 456 1414 519 Pariet
1447 457 1642 536 inquit

443 536 671 598 filium:
710 546 771 597 et
816 537 1057 598 vocabis
1097 556 1321 597 nomen
1366 538 1494 614 ejus
1538 540 1640 613 Je-

446 635 592 676 sum.
675 615 859 693 Virgo
885 626 1170 693 generat:
1215 626 1276 676 et
1314 626 1380 675 tu
1420 617 1640 693 joseph

444 695 605 755 hunc
656 694 921 772 genitum
973 693 1219 755 vocabis
1272 696 1481 771 Jesum
1532 694 1638 786 qui

440 772 853 850 interpretatur
906 775 1176 834 salvator.
1222 802 1233 811 ·
1279 775 1423 851 Ipse
1476 792 1638 834 emm

440 854 671 911 salvum
696 852 873 913 faciet
899 853 1190 929 populum
1232 871 1405 912 suum
1429 872 1467 912 a
1494 871 1634 929 pec-

438 931 583 991 catis
612 950 833 991 eorum.
906 930 1168 991 Vocabis
1195 929 1387 1009 inquit
1414 950 1636 992 nomen

438 1010 566 1085 ejus
592 1010 709 1070 hoc
738 1010 903 1086 quod
930 1020 1069 1070 ante
1096 1008 1205 1070 fuit
1234 1031 1249 1071 ε
1290 1011 1455 1087 quod
1493 1022 1636 1071 ante

436 1089 638 1148 secula
676 1087 1050 1148 nominatum
1092 1099 1195 1149 est.
1284 1091 1427 1148 Non
1463 1100 1529 1148 tu
1577 1089 1634 1149 ei

434 1165 707 1242 impones
754 1185 977 1227 nomen
1019 1185 1133 1227 nec
1175 1186 1250 1226 ex
1284 1178 1345 1228 te
1372 1166 1427 1227 ei
1455 1186 1632 1228 voca-

434 1245 643 1305 bulum
692 1244 1051 1306 constitues:
1112 1246 1219 1306 sed
1266 1246 1513 1309 nomina
1572 1258 1632 1307 et

433 1342 585 1384 voca
612 1325 932 1385 exultando
969 1325 1177 1400 Jesum
1203 1324 1268 1385 id
1314 1335 1405 1385 est
1444 1326 1630 1385 salva-

434 1414 623 1463 torem
673 1423 809 1464 eum
850 1422 980 1463 esse
1008 1413 1236 1463 testare.
1318 1405 1424 1462 Re.
1468 1405 1631 1465 Ecce

432 1481 735 1560 concipies
764 1492 825 1542 et
850 1480 1043 1557 paries
1072 1481 1256 1541 filium
1286 1484 1365 1541 Et
1390 1483 1630 1543 vocabi-

430 1571 528 1621 tur
550 1580 774 1621 nomen
816 1562 943 1637 ejus
981 1564 1173 1638 JesuS.
1256 1561 1311 1637 Ῡ
1353 1560 1479 1621 Hic
1518 1561 1629 1623 erit

432 1658 681 1717 magnus
709 1651 767 1700 et
796 1638 949 1699 filius
976 1638 1243 1699 altissimi
1271 1638 1580 1700 vocabitur
1611 1661 1626 1701 z

430 1731 491 1778 et
508 1718 675 1779 dabit
694 1717 777 1777 illi
805 1717 1083 1778 dominus
1109 1718 1259 1778 deus
1286 1720 1492 1779 sedem
1520 1720 1625 1779 da-

424 1796 527 1857 vid
557 1795 735 1875 patris
762 1800 903 1873 ejuS.
948 1798 1029 1857 Et
1047 1795 1371 1857 vocabitur.
1413 1798 1483 1857 L.
1498 1798 1622 1873 vitj'.

428 1878 597 1983 Ex
624 1888 891 1953 tempore
910 1877 1115 1952 Jesum
1142 1874 1373 1965 cepisse
1401 1877 1626 1957 salvare

557 1974 636 2015 ne
657 1953 994 2015 consideres
1016 1956 1124 2015 sed
1144 1965 1322 2015 etlam
1339 1954 1624 2031 antiquis-

430 2033 646 2093 simum
675 2036 1039 2093 salvatorem.
1128 2035 1270 2110 Ipse
1313 2034 1474 2092 enim
1518 2034 1628 2093 sal-

431 2132 565 2171 vum
596 2112 770 2172 saciet
797 2114 1085 2188 populum
1104 2130 1275 2171 suum
1303 2132 1341 2171 a
1366 2112 1626 2189 peccatis

430 2210 649 2252 eorum.
699 2194 839 2250 Duo
860 2190 1079 2251 etenim
1100 2210 1206 2267 per
1232 2191 1351 2250 hoc
1376 2192 1624 2251 verbum

428 2272 692 2347 preclara
728 2268 1109 2347 designantur
1138 2290 1151 2327 :
1194 2271 1361 2345 quod
1388 2281 1449 2329 et
1476 2270 1625 2330 deus

428 2348 601 2410 fuerit
640 2359 701 2408 et
742 2348 1019 2408 dominus
1046 2347 1207 2425 prius
1249 2358 1390 2408 ante
1434 2346 1623 2407 incar-

430 2428 735 2487 nationem
765 2426 1034 2489 Christus
1076 2438 1135 2487 et
1177 2427 1340 2503 quod
1368 2428 1625 2504 populus

429 2510 559 2583 ejus
586 2508 663 2566 ab
692 2524 767 2566 eo
814 2506 1127 2567 salvandus
1169 2508 1293 2583 jam
1337 2517 1481 2565 tunc
1519 2524 1625 2566 an·

430 2585 831 2646 nunciabatur.
934 2586 1014 2644 Et
1056 2583 1195 2645 ideo
1235 2583 1463 2644 dictum
1517 2595 1622 2645 est.

432 2669 573 2743 Ipse
600 2665 785 2724 salvet
810 2664 1097 2740 populum
1116 2682 1289 2723 suum
1315 2683 1352 2723 a
1366 2662 1629 2739 peccatis

431 2762 637 2805 eorum
664 2754 730 2803 ut
756 2762 891 2803 vere
918 2742 1079 2803 deus,
1167 2741 1285 2801 Dei
1332 2741 1491 2801 enim
1536 2753 1629 2803 est

430 2821 744 2883 virtutum¹
776 2841 813 2881 a
838 2832 1088 2898 peccato
1114 2822 1337 2880 salvare
1364 2822 1461 2881 vel
1484 2839 1626 2897 pec-

432 2914 567 2961 cata
592 2900 903 2961 dimittere.
984 2901 1155 2976 Juste
1182 2918 1322 2977 ergo
1348 2898 1501 2960 filius
1528 2898 1628 2960 dei

434 2982 662 3041 habens
688 2980 975 3057 populum
1006 2998 1177 3038 suum
1220 2977 1382 3039 venit
1409 2989 1475 3038 ut
1500 2978 1625 3038 dic-

432 3071 561 3121 tum
602 3059 729 3119 est²
772 3058 965 3136 ipsum
1008 3056 1254 3119 liberare
1292 3078 1329 3117 a
1367 3056 1630 3133 peccatis

434 3150 614 3214 atque
634 3139 857 3197 salvare
901 3136 1024 3197 sive
1066 3156 1141 3197 ex
1180 3135 1375 3213 judeis
1402 3135 1528 3196 sive
1554 3155 1630 3196 ex

434 3216 725 3295 gentibus
815 3219 910 3276 De
940 3235 1061 3293 quo
1088 3214 1217 3292 ipse
1243 3234 1348 3292 per
1374 3215 1629 3292 prophe-

434 3307 556 3355 tam
595 3297 717 3372 jam
743 3297 931 3356 fuerat
959 3296 1225 3355 elocutus
1263 3294 1470 3355 dicens
1504 3296 1628 3354 Do-

436 3374 630 3434 minus
642 3372 789 3435 dixit
804 3374 881 3433 ad
900 3393 997 3434 me
1008 3371 1163 3433 filius
1176 3392 1344 3433 meus
1356 3391 1421 3433 es
1432 3383 1497 3433 tu
1516 3392 1630 3449 ego

432 3453 614 3513 hodie
639 3452 819 3529 genui
859 3462 932 3513 te.
1019 3454 1164 3512 Pete
1196 3470 1233 3511 a
1258 3470 1356 3511 me
1382 3464 1435 3512 et
1470 3452 1630 3512 dabo

431 3531 541 3593 tibi
568 3541 774 3607 gentes
800 3528 1187 3591 hereditatem
1216 3541 1378 3590 tuam
1405 3540 1465 3590 et
1490 3550 1628 3607 pos-

434 3608 756 3671 sessionem
784 3620 946 3669 tuam
974 3608 1256 3669 terminos
1274 3618 1442 3669 terre.
1487 3612 1630 3687 Ipse

434 3688 685 3750 salvabit
728 3690 1015 3766 populum
1060 3707 1231 3749 suum
1275 3707 1313 3747 a
1364 3687 1628 3764 peccatis

434 3788 675 3831 eorum:
704 3765 989 3845 sanguine
1015 3766 1291 3827 videlicet
1318 3784 1427 3827 suo
1455 3786 1631 3827 cunc-

430 3860 526 3910 tos
551 3847 891 3909 redimens:
931 3856 1123 3906 morte
1150 3864 1255 3905 sua
1302 3846 1379 3906 de
1422 3846 1628 3907 mortis

431 3949 535 3990 eos
562 3928 818 3988 liberans
846 3936 1153 4003 potestate.
1214 3926 1354 4002 Ipse
1382 3924 1628 3984 salvabit

427 4009 546 4069 hoc
574 4006 700 4069 est⁸
740 4008 996 4067 salvator
1022 4003 1291 4065 omnium
1318 4002 1626 4063 hominurn

423 4098 605 4165 atque
690 4084 1097 4145 credentium:
1206 4084 1349 4143 Hoc
1428 4093 1628 4142 autem

424 4178 615 4227 totum
671 4166 893 4224 factum
949 4174 1051 4224 est.
1165 4161 1332 4237 Quid
1386 4172 1580 4223 totum
1597 4162 1628 4221 Ρ

426 4247 570 4305 Hoc
610 4245 689 4304 de
728 4242 1018 4321 unigeniti
1046 4240 1451 4303 descensione.
1502 4241 1622 4300 hoc

524 4369 539 4399 ¹
576 4367 785 4416 virtuti:
821 4366 897 4417 N.

523 4420 838 4491 ··Ϋ’;Ν.

1443 4368 1465 4398 ²
1502 4364 1645 4415 ‘est'
1675 4378 1776 4412 orn.
1813 4362 1882 4411 N.

1443 4433 1464 4461 ⁸
1501 4429 1746 4479 ‘in‘om.
1787 4426 1853 4475 N.

2267 358 2410 414 776

1743 458 1824 519 de
1862 456 2094 519 domini
2131 457 2540 524 incarnatione
2567 485 2582 523 :
2625 463 2752 525 hoc
2775 484 2938 543 porro

1742 536 1821 597 de
1847 537 2042 614 angeli
2068 540 2150 599 ad
2175 538 2460 617 virginem
2501 542 2934 605 destinatione:

1739 614 1860 675 hoc
1879 618 1957 676 de
1983 615 2169 693 ipsius
2197 618 2435 695 virginis
2477 621 2937 698 desponsatione

1740 704 1801 753 et
1821 693 2113 756 castitate:
2141 697 2258 756 hoc
2273 698 2352 758 de
2370 698 2550 774 hujus
2567 701 2940 763 sacratissimi

1736 773 1884 848 Jesu
1909 772 2170 835 nominis
2195 776 2593 838 exaltatione:
2635 780 2762 839 hoc
2787 781 2936 841 enim

1737 862 1928 912 totum
1951 854 2168 912 factum
2197 865 2288 913 est
2313 856 2393 915 ad
2411 855 2594 916 totius
2609 857 2832 919 mundi
2855 879 2936 919 sa-

1735 930 1938 991 lutem.
1984 932 2128 992 Hoc
2154 943 2358 993 autem
2385 944 2582 994 totum
2609 938 2839 997 factum
2855 950 2936 999 est

1733 1019 1801 1067 ut
1831 1028 2018 1068 unum
2053 1012 2450 1087 compleretur
2477 1024 2538 1073 et
2567 1033 2766 1074 unum
2805 1036 2936 1077 oon-

1735 1098 2136 1149 summaretur.
2169 1089 2373 1165 Quid?
2401 1090 2563 1152 Illud
2583 1094 2758 1169 quod
2781 1095 2934 1173 virgo

1732 1164 1951 1242 genuit.
1983 1169 2149 1243 quod
2177 1166 2340 1245 virgo
2366 1172 2694 1245 permansit
2721 1194 2737 1231 ε
2769 1185 2828 1234 et
2853 1174 2933 1233 in«

1731 1254 1890 1304 tacta
1928 1244 2092 1323 virgo
2117 1247 2510 1323 perseveravit
2553 1250 2723 1311 Ecce
2749 1252 2936 1329 inquit

1729 1321 1894 1399 virgo
1922 1324 1984 1382 in
2011 1336 2182 1384 utero
2208 1326 2506 1403 concipiet
2535 1340 2596 1388 et
2623 1330 2818 1405 pariet
2837 1331 2938 1391 fili-

1729 1420 1848 1460 um.
1908 1402 2102 1463 Pariet
2129 1404 2315 1463 filium
2331 1406 2412 1465 ad
2430 1406 2638 1467 denuo
2663 1427 2938 1485 reparan-

1729 1480 1873 1540 dum
1891 1482 2070 1541 adam
2098 1484 2176 1542 ad
2201 1482 2668 1545 inobedientiam
2697 1506 2808 1547 eve
2833 1508 2936 1565 per

1729 1557 1914 1619 marie
1982 1560 2388 1621 obedientiam
2469 1566 2928 1628 excludendam.

1726 1638 1830 1697 Ad
1845 1637 2190 1715 erigendum
2215 1640 2538 1715 jacentium
2561 1661 2754 1719 genus
2771 1648 2937 1722 quod

1725 1734 1834 1792 per
1857 1716 2116 1777 mulieris
2135 1718 2504 1779 temerariam
2521 1722 2938 1786 crudelitatem

1727 1796 1919 1854 suerat
1969 1808 2109 1857 ante
2160 1798 2479 1873 dejectum.
2591 1802 2698 1861 Re.
2773 1805 2937 1864 Cum

1726 1873 2260 1951 appropinquasset
2299 1878 2475 1953 Jesus
2513 1877 2939 1958 hierosolymis

1726 1953 1897 2011 turbe
1923 1964 2123 2013 autem
2153 1973 2272 2031 que
2299 1957 2707 2031 precedebant
2733 1972 2800 2021 et
2819 1980 2942 2037 que

1727 2032 2130 2107 sequebantur
2224 2034 2564 2095 clamabant
2659 2036 2943 2101 dicentes

1727 2128 1956 2169 osanna
2006 2110 2130 2170 filio
2186 2111 2366 2171 david
2419 2112 2782 2177 benedictus
2833 2119 2940 2195 qui

1724 2188 1888 2247 venit
1915 2186 1976 2247 in
2005 2188 2247 2251 nomine
2274 2190 2519 2250 domini.
2608 2195 2746 2253 Rex
2761 2196 2946 2257 israel

1725 2285 1954 2326 osanna
1979 2266 2040 2325 in
2069 2268 2360 2329 excelsis.⁴
2418 2269 2684 2331 Domine
2705 2276 2944 2335 salvum

1725 2363 1824 2405 me
1877 2346 1972 2404 fac
2025 2366 2066 2406 o
2119 2347 2366 2408 domine
2423 2350 2944 2429 beneprosperare

1724 2423 2076 2485 benedictus
2129 2424 2232 2502 qui
2283 2425 2447 2487 venit
2509 2426 2574 2487 in
2590 2429 2617 2465 ⁵
2685 2432 2948 2495 nomine

1728 2501 1971 2562 domini.
2058 2506 2194 2563 Rex
2233 2503 2451 2565 israel.⁶

1725 2582 1845 2687 E
1859 2592 1883 2640 t
1909 2581 2209 2643 vocabunt
2231 2602 2455 2644 nomen
2479 2586 2608 2661 ejus
2623 2590 2946 2652 emanuel:

1859 2661 2024 2736 quod
2045 2661 2455 2738 interpretatur
2481 2664 2807 2726 nobiscum
2835 2670 2948 2729 de·

1725 2756 1812 2797 uS.
1871 2740 2109 2799 Vocant
2134 2759 2357 2800 nomen
2386 2743 2514 2817 ejus
2542 2742 2707 2819 prius
2733 2750 2951 2825 angeli

1725 2818 2045 2893 psallentes
2083 2817 2146 2877 in
2187 2820 2317 2895 ejus
2343 2822 2728 2896 generatione
2755 2838 2954 2904 atque

1726 2898 2053 2972 gaudentes
2107 2896 2260 2957 sicut
2313 2900 2493 2958 deum
2545 2902 2835 2963 omnium
2891 2918 2956 2967 et

1726 2992 1926 3047 regem
1953 2973 2116 3051 pacis
2142 2977 2221 3036 ad
2248 2975 2554 3037 hominem
2571 2980 2952 3045 venientem.

1730 3052 1969 3114 Deinde
1995 3054 2251 3131 apostoli
2279 3054 2567 3133 unigeniti
2593 3058 2700 3118 dei
2745 3064 2954 3123 domi-

1729 3131 2034 3192 nationem
2087 3144 2265 3209 atque
2319 3134 2596 3195 virtutem
2655 3142 2956 3203 omnibus

1727 3210 2001 3287 gentibus
2066 3211 2455 3291 predicantes.
2581 3217 2824 3279 Adhuc
2893 3233 2956 3281 et

1729 3290 1919 3349 sancti
1957 3302 2236 3369 martyres
2279 3303 2484 3351 contra
2530 3292 2704 3370 ignes
2733 3309 2805 3358 et
2831 3302 2954 3377 gla-

1730 3366 1863 3428 dios
1915 3387 2107 3446 usque
2160 3370 2240 3430 ad
2293 3382 2543 3431 mortem
2587 3374 2952 3440 resistentes

1733 3446 1969 3508 Deinde
2009 3448 2208 3508 cuncti
2249 3450 2558 3510 credentes
2613 3453 2952 3533 hocipsum

1727 3544 1950 3586 nomen
1992 3545 2184 3603 usque
2226 3528 2303 3587 ad
2347 3534 2952 3596 consummationem

1727 3604 1912 3665 seculi
1939 3616 2334 3667 memorantes
2374 3616 2556 3685 atque
2595 3610 2950 3675 laudantes.

1731 3685 1810 3743 Et
1863 3684 2162 3744 vocabunt
2214 3702 2436 3747 nomen
2479 3688 2609 3762 ejus
2655 3694 2954 3753 emanuel

1771 3763 1894 3823 uod
1936 3761 2347 3839 interpretatur
2387 3764 2710 3827 nobiscum
2767 3774 2944 3831 deus.

1729 3782 1851 3916 {ui
1905 3843 2248 3902 vocabunt?
2313 3842 2427 3901 nisi
2477 3844 2620 3920 justi
2677 3866 2950 3923 quorum

1728 3920 2032 3980 vocabitur
2083 3919 2146 3979 in
2201 3931 2354 3981 terra
2404 3940 2632 3983 nornen
2686 3944 2948 3988 novum.

1729 4000 1870 4059 Non
1925 3999 2075 4059 sicut
2128 3998 2289 4076 prius
2343 3999 2404 4059 in
2473 4002 2675 4080 figuris
2747 4018 2814 4067 et
2886 4006 2952 4065 in

1727 4076 2078 4155 imaginibus
2111 4100 2124 4137 :
2205 4080 2313 4138 sed
2377 4080 2528 4139 facie
2581 4084 2665 4141 ad
2721 4085 2950 4146 faciem

1726 4168 2108 4233 apparentem
2137 4156 2452 4217 nobiscum
2494 4159 2645 4220 deus
2687 4164 2950 4223 Abrahe

1722 4234 1874 4313 patri
1887 4234 2254 4296 credentium
2273 4235 2460 4296 tribus
2470 4236 2632 4298 horis
2645 4242 2946 4321 temporis

2283 4363 2304 4393 ⁸
2343 4364 2483 4412 ‘est’
2507 4378 2609 4413 om.
2651 4366 2728 4417 N.

2281 4429 2302 4458 ⁸
2333 4426 2500 4478 Lectio
2520 4431 2593 4481 ix.
2619 4446 2640 4479 .·
2661 4431 2734 4482 N.
