3117 4959
913 250 1195 311 INDEX
1234 246 1954 311 ANTIPHONARUM.

715 362 867 419 887
894 366 911 377 “’

178 475 377 542 Inclyta
394 484 559 527 mete
577 476 799 541 virginis
818 474 1091 538 kathen'ne,
1119 486 1219 543 719

180 544 407 607 Inclytus
427 551 624 607 martyr
642 544 907 607 tyburtius,
935 543 1035 604 468

180 610 365 659 Induit
386 625 461 659 me
479 610 711 659 densim
730 610 924 669 ciclade,
957 618 1048 687 145

179 676 410 724 Inediam
431 676 572 723 sitim
592 677 781 740 algores
799 681 849 725 et
864 672 1087 740 m'giltas,
1118 684 1213 739 525

180 741 411 805 Ingenua
431 758 545 789 sum
566 748 613 790 et
632 736 953 805 expectabilis,
989 740 1079 803 187

180 807 411 870 Ingressa
432 822 580 871 agnes
600 806 953 871 turpitudinis,
983 808 1156 866 locum,
1186 805 1280 869 148

178 873 407 936 Ingresso
428 873 661 921 zacharia
682 874 917 937 templum
939 873 1049 931 dni,
1080 883 1173 934 331

180 939 441 1001 Ingressus
459 939 665 1002 angelus
684 940 755 987 ad
772 939 989 987 mariam
1010 939 1102 997 ait,
1134 947 1230 1002 235

180 1004 440 1067 ingressus
451 1004 644 1067 paulus
665 1004 725 1053 in
744 1018 1057 1069 synagogam,
1094 1004 1187 1053 166

182 1068 441 1133 Ingressus
462 1070 665 1133 raphael
687 1069 1028 1133 archangelus,
1058 1078 1157 1132 590

177 1136 475 1184 Innocenter
482 1135 711 1199 puerilia
718 1136 866 1200 jura,
901 1147 994 1185 102

180 1200 483 1251 Innocentes
504 1216 595 1265 pm
619 1201 835 1262 Christ0,
870 1214 889 1250 1
903 1213 923 1250 1
937 1212 957 1251 1

177 1266 471 1315 Innuebant
478 1267 629 1330 patri
642 1267 750 1331 ejus
765 1282 926 1331 quem,
950 1275 1046 1329 337

173 1333 410 1397 Ins-ignes
420 1332 648 1396 ffeconii
665 1333 793 1381 alme
816 1334 909 1395 (1),
943 1344 1037 1395 134

175 1399 409 1461 Insrjgnes
418 1398 647 1461 μανικὰ·
664 1399 793 1447 alme
810 1405 897 1447 tue
920 1400 1010 1460 (2),
1038 1398 1137 1461 603

176 1464 409 1513 Instabat
426 1464 561 1513 enim
574 1465 803 1527 precibus
819 1464 1005 1523 diebus,
1028 1472 1125 1528 215

177 1530 557 1580 Insurrexerunt
579 1530 631 1579 in
652 1544 735 1579 me
758 1538 925 1589 testes„
953 1529 1051 1593 389

178 1596 416 1660 Intellige
438 1595 711 1645 clamorem
734 1610 901 1646 meum
921 1597 1037 1656 dne,
1068 1604 1165 1658 773

174 1663 328 1711 Inter
346 1669 487 1710 natos
509 1662 784 1710 mulierum
806 1677 923 1721 non,
953 1673 1066 1723 330,
1094 1660 1187 1724 651

174 1729 524 1791 Interrogatus
545 1733 590 1775 te
608 1728 731 1776 dnm
752 1727 995 1791 confissus
1015 1742 1143 1787 sum,
1170 1725 1273 1789 466

176 1794 471 1857 Intrepidus
492 1794 661 1857 itaque
680 1794 951 1854 candentis,
986 1802 1077 1856 155

177 1860 205 1908 Ι
208 1860 413 1908 ntroibo
434 1858 499 1907 ad
522 1859 679 1907 altare
698 1858 783 1908 dei
804 1874 1017 1920 sumum,
1048 1867 1143 1923 535

177 1924 455 1974 Intuemini
478 1932 693 1988 quantus
710 1924 789 1984 sit,
820 1934 882 1987 55

178 1991 392 2041 Intueuz
412 1991 467 2038 in
488 1990 651 2039 celum
674 1990 723 2038 b.
751 1990 1041 2054 stephanus,
1066 1996 1134 2051 92

177 2056 557 2106 Inundaverunt
580 2070 709 2120 aque
731 2064 893 2119 super,
923 2056 1021 2118 369

171 2124 495 2173 Invenemnt
507 2122 568 2169 in
590 2122 786 2170 modum
808 2120 993 2185 templi,
1022 2130 1118 2184 713

172 2190 397 2238 hmenta
414 2189 537 2236 bena
561 2188 839 2251 margarita
860 2188 1007 2248 dedit,
1036 2187 1103 2247 64

174 2255 499 2303 Invocantem
520 2253 785 2303 exaudivit
803 2253 899 2301 dns
920 2258 1166 2313 sumtum,
1193 2264 1263 2312 40

174 2322 301 2385 lpse
323 2320 459 2369 enim
481 2327 623 2383 pater
644 2326 778 2368 amet
799 2334 905 2378 vos,
932 2318 1035 2383 469

175 2387 303 2451 Ipse
324 2384 572 2434 invocavit
592 2400 675 2433 me
694 2384 827 2445 all’a,
853 2384 922 2434 82

174 2454 294 2517 Ipse
306 2452 494 2515 preibit
512 2458 629 2499 ante
652 2450 819 2509 illum,
848 2462 948 2513 330

174 2518 289 2583 Ipsi
311 2532 431 2566 vero
452 2518 504 2565 in
526 2531 709 2565 vanum
733 2516 1033 2581 quesierunt,
1064 2524 1161 2579 374

172 2585 351 2649 Ipsius
370 2598 559 2647 quoque
572 2584 730 2646 glorie
750 2583 1033 2642 ascribitur,
1064 2594 1164 2629 220

176 2650 347 2699 Iratus
370 2664 455 2698 rex
477 2650 583 2699 saul
606 2648 733 2697 dixit
760 2647 883 2697 mihi
900 2648 1055 2707 mille,
1086 2657 1183 2710 559

172 2718 289 2766 Ista
310 2720 381 2765 est
398 2715 605 2779 speciosa
624 2714 785 2773 electa,
820 2725 840 2762 1
854 2726 951 2774 14η

172 2784 289 2831 Ista
309 2788 379 2830 est
398 2781 603 2844 specim-a
624 2780 769 2828 electa
789 2796 822 2828 a
843 2778 1058 2837 domino,
1084 2786 1183 2841 540

172 2850 287 2897 Ista
308 2854 379 2896 est
398 2847 540 2911 virgo
558 2846 755 2910 sapiens
774 2861 927 2910 quam
942 2845 1053 2903 diis,
1084 2854 1149 2908 59

171 2916 279 2963 Iste
300 2911 519 2976 cognovit
526 2912 789 2976 justitiam
810 2918 858 2959 et
876 2912 1021 2969 vidit,
1052 2920 1115 2973 37

174 2980 285 3031 Iste
307 2988 383 3028 est
401 2979 648 3042 johannes
670 2978 755 3042 qui
779 2992 943 3041 supra,
979 2989 997 3025 1
1012 2989 1072 3024 10

169 3048 279 3095 Iste
299 3052 371 3093 est
375 3045 625 3109 johannes
641 3059 658 3093 .·
689 3044 785 3108 qui
803 3050 973 3107 supra,
1002 3041 1101 3103 278

168 3114 279 3161 Iste
297 3117 370 3160 est
388 3111 483 3175 qui
500 3118 617 3158 ante
638 3110 805 3158 Deum
830 3122 1055 3173 magnus,
1085 3116 1148 3169 37

168 3180 279 3227 Iste
297 3177 439 3225 homo
459 3176 777 3225 adolescentia
798 3189 908 3233 sua,
940 3173 1004 3236 38

168 3244 278 3293 Iste
289 3249 425 3306 puer
444 3256 657 3305 magnus
680 3256 843 3289 coram
863 3240 1076 3299 domino,
1102 3248 1198 3305 337

169 3312 279 3359 Iste
298 3314 499 3357 sanctus
511 3314 609 3370 pro
630 3308 727 3371 lege
747 3306 829 3357 dei
848 3307 947 3367 sui,
978 3306 1043 3355 26

168 3376 279 3425 Isti
295 3375 473 3423 etenim
498 3374 717 3422 maximo
736 3373 900 3436 digni,
928 3383 1028 3433 442

166 3442 277 3491 Isti
292 3446 417 3488 sunt
434 3440 533 3488 duo
546 3440 669 3488 olive
689 3445 737 3487 et
754 3439 867 3497 duo,
898 3450 989 3501 341

168 3507 279 3557 Isti
296 3512 421 3554 sunt
439 3505 603 3553 sancti
620 3506 714 3569 qui
724 3511 821 3567 pro
846 3505 935 3565 (1),
967 3513 1029 3565 27

167 3572 278 3622 Isti
296 3578 420 3620 sunt
438 3572 601 3619 sancti
618 3572 715 3635 qui
723 3578 821 3633 pro
840 3572 934 3631 (2),
964 3582 1045 3633 32,
1073 3568 1167 3631 651

169 3638 270 3689 Isti
294 3646 411 3687 sunt
432 3636 525 3685 viri
546 3637 703 3685 sancti
726 3651 852 3700 quos
873 3635 1040 3699 elegit,
1071 3644 1169 3695 702

166 3706 276 3755 Isti
293 3710 419 3752 sunt
448 3704 557 3751 viri
586 3702 751 3751 sancti
780 3716 901 3767 quos
931 3702 1087 3765 elegit,
1117 3699 1230 3764 364,
1258 3698 1375 3762 630,

238 3770 273 3819 6
316 3782 336 3817 1

166 3780 399 3885 [ηοξ-ψη
420 3840 491 3884 est
510 3835 645 3883 enim
668 3849 881 3897 regnum
902 3832 1130 3892 celorum,
1160 3830 1225 3896 36

169 3904 257 3953 Ite
278 3902 434 3950 dicite
451 3899 661 3963 johanni
684 3898 790 3949 ceci
812 3899 997 3957 vident,
1026 3912 1093 3959 44

167 3970 253 4018 Ite
271 3974 321 4016 et
345 3982 435 4016 vos
456 3967 509 4015 in
532 3966 729 4015 vineam
752 3980 932 4023 meam,
962 3962 1061 4027 238

166 4036 283 4083 Iter
306 4032 521 4083 faciente
540 4032 660 4096 Joeu
684 4032 822 4089 dum,
851 4031 943 4081 261

164 4102 367 4149 Iterum
390 4107 561 4147 autem
584 4096 767 4146 videbo
794 4112 898 4155 voe,
925 4104 1027 4159 459

165 4168 367 4217 Iterum
388 4164 573 4214 videbo
594 4178 685 4213 vos
705 4162 921 4222 alleluia,
949 4172 1048 4225 457

162 4362 345 4429 JAM
357 4361 555 4425 tibifili
572 4360 875 4419 charissime,
910 4370 1003 4424 152

164 4434 312 4498 Jcsu
340 4428 539 4479 Clm‘sn·
553 4428 651 4477 dna·
662 4428 853 4491 gratia,
889 4438 949 4476 12

312 4534 481 4585 voL.
518 4534 595 4585 11.

1993 358 2151 420 838

1477 476 1598 541 Jesu
1621 485 1792 527 nostru
1813 476 2010 539 fiducia,
2045 470 2176 527 186»

1532 560 1620 593 esu
1641 551 1812 593 nostra
1817 542 2018 607 ,Μαῖα
2035 558 2053 593 .·
2077 556 2177 607 304

1476 546 1626 803 ἕως
1647 616 1814 658 autern
1836 624 1949 658 eum
1973 608 2260 674 accepisset,
2285 616 2382 673 395

1512 690 1626 724 esus
1647 682 1814 725 autem
1837 690 1950 724 cum
1969 675 2256 739 jejunasset,
2285 685 2385 737 279

1508 755 1624 855 {⁵⁸⁰³ss
1645 748 2348 883 tzss‘ffimffmz‘sszfsszfssss

1510 872 1762 921 ocundare
1784 872 1887 921 film
1999 888 2050 931 n,
2084 880 2142 937 15

1475 937 1734 1001 Johannes
1755 946 1932 1003 aposto
1951 954 2010 987 us
2031 946 2082 987 et
2103 936 2424 1001 evangelista..
2457 947 2552 1000 103

1474 1002 1734 1067 johannes
1756 1012 1922 1053 eutem
1946 1020 2059 1053 cum
2081 1002 2316 1063 audisset,
2342 1014 2408 1066 43

1480 1070 1750 1135 Jokannes
1769 1076 1818 1118 et
1831 1070 2020 1133 paulus
2039 1075 2375 1135 cognoscentes,
2404 1078 2501 1132 343

1531 1135 1751 1184 ohannes
1772 1142 1820 1184 et
1829 1136 2025 1199 paulus
2043 1136 2288 1185 dixerunt
2310 1137 2400 1196 (1),
2421 1145 2518 1199 343

1546 1201 1738 1249 hannes
1757 1207 1806 1250 et
1814 1202 2008 1265 paulus
2025 1202 2268 1251 dixerunt
2287 1204 2379 1263 (2),
2410 1213 2508 1264 343

1478 1267 1749 1329 Johannes
1769 1282 1944 1316 nomen
1965 1274 2038 1317 est
2056 1268 2164 1331 ejus
2179 1264 2380 1327 vinum,
2409 1278 2508 1330 337

1546 1332 1738 1381 kannes
1757 1333 2014 1382 vocabitur
2032 1348 2208 1382 nomen
2227 1335 2352 1397 ejus,
2380 1342 2475 1395 337

1514 1398 1675 1462 oseph
1698 1397 1770 1446 fili
1792 1397 1944 1447 david
1967 1398 2073 1447 noli
2097 1398 2286 1458 timere,
2309 1396 2376 1447 68

1513 1464 1702 1513 ubilate
1721 1463 1820 1513 deo
1841 1464 2004 1512 omnis
2027 1472 2172 1521 terra,
2199 1462 2299 1526 852

1558 1527 1766 1578 bilemus
1783 1529 1868 1577 deo
1881 1528 2275 1593 gratulantibus,
2305 1538 2404 1591 529

1512 1595 1644 1643 udeu
1665 1607 1715 1643 et
1738 1594 2051 1655 hierusalem,
2081 1604 2148 1655 70

1478 1659 1663 1789 {udica
1683 1676 1884 1710 caustum
1917 1676 2080 1709 meum
2105 1658 2335 1719 defende,
2366 1657 2465 1722 366

1513 1725 1725 1775 udicesti
1749 1726 1850 1776 dne
1870 1740 2070 1775 causam
2093 1723 2274 1787 anime,
2303 1735 2396 1789 351

1480 1791 1703 1921 {aravit
1719 1791 1816 1840 dns
1833 1798 1883 1841 et
1903 1807 2003 1840 non
2015 1792 2258 1855 penitebit
2271 1806 2403 1851 eum,
2436 1803 2500 1840 10

1514 1866 1624 1906 uste
1645 1865 1696 1906 et
1718 1855 1802 1922 pie
1823 1855 2064 1913 vivamus,
2087 1869 2154 1921 43

1536 1929 1642 1971 uste
1661 1930 1710 1971 et
1721 1924 1809 1987 pie
1827 1923 2036 1972 vivendo
2057 1924 2128 1971 ad
2141 1922 2372 1971 honorem
2423 1920 2518 1973 106

1515 1996 1625 2037 uste
1639 1988 1858 2051 jndieate
1883 1986 1972 2037 filii
1993 1987 2270 2047 hominum,
2301 1956 2398 2049 79&

1482 2056 1643 2131 Justi
1661 2061 1827 2103 autem
1849 2054 2210 2132 imperpetuum
2230 2054 2418 2111 vivent,
2447 2054 2552 2116 630

1516 2118 2480 2249 &minuamur

1482 2252 1751 2315 Just
1773 2258 1940 2301 autem
1961 2251 2130 2301 anime
2151 2253 2211 2300 in
2234 2268 2407 2312 manu,
2439 2250 2518 2315 58,
2548 2248 2646 2315 656

1480 2316 1693 2380 sscstum
1714 2318 1924 2367 deduxit
1940 2317 2144 2382 dasper
2159 2318 2271 2367 vias
2289 2320 2384 2379 (1),
2409 2328 2472 2380 37

1480 2384 1706 2448 Justum
1725 2384 1937 2433 deduxit
1955 2384 2052 2431 dns
2065 2390 2162 2449 per
2177 2384 2290 2435 vim
2313 2386 2403 2447 (2),
2436 2392 2500 2447 54

1534 2456 1678 2497 ustus
1697 2450 1794 2497 dns
1813 2456 1862 2499 et
1871 2449 2130 2513 justicias,
2159 2461 2219 2499 21

1514 2530 1701 2565 uvenee
1721 2522 1774 2565 et
1797 2515 2012 2579 virgines
2033 2529 2193 2577 senes,
2223 2514 2318 2564 261

1482 2711 1713 2760 LABIA
1737 2727 1906 2761 eorum
1929 2710 2216 2769 salutarem,
2250 2722 2310 2759 12

1484 2778 1646 2825 Labie
1667 2776 2032 2841 insurgentium
2051 2786 2116 2837 et,
2145 2776 2244 2839 369

1485 2842 1647 2891 Labie.
1667 2858 1782 2891 mea
1803 2843 2075 2891 laudabunt
2098 2849 2149 2891 te
2175 2841 2226 2889 in
2251 2840 2368 2901 vita,
2397 2840 2493 2903 807

1482 2910 1726 2971 Languor
1743 2922 2006 2957 accrescens
2025 2908 2181 2956 india
2201 2915 2361 2967 artus,
2393 2920 2492 2968 229

1486 2974 1858 3037 Lapidaverunt
1880 2973 2194 3039 stephanum,
2229 2986 2324 3022 100

1484 3040 1702 3104 Lapides
1726 3038 1936 3103 preciosi
1956 3054 2147 3099 omnes,
2171 3038 2270 3101 663

1486 3105 1704 3169 Lapides
1725 3114 1968 3155 torrentes
1989 3103 2080 3165 ini,
2114 3116 2209 3153 100

1483 3172 1660 3221 Lauda
1683 3171 1976 3220 hierusalem
1999 3170 2274 3227 dominum,
2295 3182 2396 3231 924

1484 3238 1728 3287 Laudabo
1749 3237 1898 3286 deum
1921 3252 2088 3285 meum
2111 3236 2162 3285 in
2185 3237 2302 3296 vita,
2331 3248 2429 3299 923

1486 3304 1712 3353 Laudate
1734 3304 1882 3353 deum
1907 3302 2000 3352 celi
2024 3301 2260 3358 celorum,
2286 3311 2383 3363 279

1484 3370 1709 3419 laudate
1728 3368 1991 3418 dominum
2013 3368 2077 3417 de
2097 3368 2235 3428 celiS,
2264 3379 2376 3430 237,
2408 3377 2502 3429 773

1485 3436 1710 3485 Laudate
1733 3436 1855 3485 dnm
1879 3450 2052 3483 omnes
2074 3444 2265 3498 gentes,
2293 3432 2390 3495 878

1481 3502 1706 3550 Laudem
1726 3502 1871 3549 dicite
1892 3502 1976 3550 deo
1997 3508 2174 3559 nostro,
2203 3499 2302 3561 647

1480 3568 1766 3616 Laudemus
1785 3567 2046 3616 dominum
2067 3582 2226 3631 quem,
2258 3566 2369 3630 585,
2397 3564 2497 3628 649

1480 3633 1768 3682 Laudemus
1786 3634 2044 3682 dominum
2065 3632 2198 3697 quod
2213 3632 2466 3692 doctrinis,
2495 3644 2586 3681 221

1480 3700 1793 3748 Laurentius
1814 3700 1994 3748 bonum
2014 3707 2150 3763 opus,
2176 3698 2276 3760 467

1480 3766 1794 3815 Laurentius
1817 3766 2067 3829 ingressus
2085 3771 2157 3813 est
2178 3771 2386 3827 martyr,
2412 3764 2512 3825 467

1483 3830 1618 3881 Laus
1638 3832 1736 3880 deo
1757 3831 1885 3895 patri
1911 3830 2190 3895 pariterque
2213 3830 2358 3893 proli,
2388 3839 2484 3892 519

1483 3896 1618 3946 Laus
1641 3904 1690 3946 et
1714 3896 1943 3960 perennis
1963 3896 2124 3959 gloria
2145 3896 2258 3953 deo,
2289 3893 2400 3958 518,
2429 3894 2527 3959 893

1478 3962 1622 4011 Laus
1631 3963 1852 4027 jocunda
1873 3968 2060 4010 resonet
2077 3961 2162 4009 deo
2180 3961 2310 4019 vivo,
2342 3971 2438 4023 529

1482 4028 1624 4077 Laus
1644 4028 1740 4075 tibi
1757 4028 1853 4076 dn'e
1875 4042 1964 4075 rex
1983 4026 2299 4090 omnipotens,
2327 4026 2394 4087 69

1481 4094 1638 4142 Lavit
1659 4094 1824 4141 maria
1845 4092 2114 4154 lachrymis
2124 4092 2284 4155 pedes,
2311 4103 2410 4154 403

1483 4160 1700 4208 Lazarus
1719 4159 1910 4207 amicus
1931 4166 2100 4207 noster
2118 4156 2318 4216 dormit,
2341 4169 2433 4220 341

1484 4226 1648 4289 Lepre
1669 4224 1816 4288 tergit
1839 4224 2072 4283 maculae,
2107 4222 2237 4285 185n

1481 4292 1638 4355 Lepre
1659 4291 1808 4354 tergit
1827 4290 2048 4339 maculas
2069 4289 2283 4338 membra
2304 4288 2406 4349 dat,
2431 4300 2528 4352 303

1484 4356 1734 4407 Letamim
1758 4370 1870 4405 cum
1896 4355 2205 4414 hierusalem,
2233 4354 2302 4417 69

1483 4421 1742 4473 Letamini
1763 4422 1822 4471 in
1843 4422 2042 4471 domino
2060 4427 2122 4481 et,
2147 4432 2211 4483 32

2309 4530 2342 4595 3
2396 4528 2420 4577 Ι
