3117 4959
138 217 198 276 S.
247 217 734 278 GRUNBALDI
768 220 874 278 SA
884 217 1307 278 CERDOTIS.

643 329 796 387 387

133 433 518 498 constitutus
536 455 554 502 ε
574 435 690 518 qui
713 435 1102 500 intercessor
1123 431 1312 500 fieret

133 541 254 603 pro
306 521 514 587 salute
572 525 988 607 populorum.
1080 522 1312 589 Gloria

133 610 561 692 omnipotenti
600 613 730 676 deo
778 613 892 694 qui
939 611 1144 676 talem
1191 631 1313 674 ex-

135 697 395 762 altavit:
462 699 671 787 gloria
729 701 1074 781 unigenito
1127 699 1310 764 filio:

135 786 240 867 qui
259 786 457 849 talem
480 787 755 852 redemit
779 808 796 851 ε
818 788 1030 871 gloria
1051 787 1308 870 spiritui

135 882 404 939 sancto:
480 875 593 956 qui
651 874 858 938 talem
919 896 1040 958 sua
1095 876 1313 957 gratia

135 958 517 1026 illuminavit
543 983 558 1028 :
588 965 701 1026 uni
733 962 855 1026 soli
888 963 1039 1027 vivo
1063 973 1130 1026 et
1152 983 1310 1027 vero

133 1047 253 1111 deo
296 1049 436 1113 laus
466 1059 533 1114 et
577 1051 790 1114 honor
830 1059 902 1114 et
944 1051 1306 1134 gratiarum

133 1137 296 1200 actio
329 1158 447 1220 per
487 1139 747 1202 infinita
791 1139 1012 1202 secula
1055 1139 1308 1202 seculo·

132 1243 268 1287 rum
298 1245 508 1291 amen.
588 1225 810 1292 Cetera
826 1227 924 1290 ad
945 1227 1310 1291 matutinas

131 1320 191 1373 et
213 1312 402 1377 horas
427 1314 510 1377 de
533 1316 860 1378 communi
899 1317 1098 1378 unius
1128 1335 1306 1378 mar-

132 1399 285 1478 tyris
337 1421 480 1466 cum
538 1402 840 1469 oratione.
943 1403 1130 1466 Deus
1189 1403 1304 1486 qui

130 1487 323 1552 nobis
973 1529 976 1534 -
1021 1501 1036 1514 ⁵

133 1579 192 1653 εἷ
237 1575 466 1641 Sancti
480 1576 882 1660 grunbaldi¹
906 1577 1272 1644 sacerdotis.

126 1664 548 1792 preclarus
593 1668 930 1730 confessor
975 1666 1213 1750 [Lectio
1238 1667 1302 1749 j.

269 1752 512 1820 Christi
585 1753 993 1836 grunbaldus
1030 1775 1046 1819 ε
1113 1754 1302 1835 cujus

125 1835 306 1903 hodie
335 1841 690 1905 transitum
720 1842 978 1906 felicem
1010 1840 1304 1906 celebra-

127 1945 264 1990 mus
319 1930 504 1992 omni
567 1930 766 1994 laude
841 1939 944 1993 est
1015 1931 1300 2011 dignus:

126 2016 269 2094 quia
316 2017 704 2100 triumphali
758 2017 1018 2081 laurea²
1067 2019 1303 2081 trium-

126 2099 276 2181 phat
310 2105 378 2168 in
423 2105 586 2170 celis
633 2113 1000 2170 coronatus,
1093 2105 1302 2188 Cujus

127 2188 340 2256 laudes
372 2194 556 2275 quod
591 2192 764 2257 absit
787 2193 842 2256 si
867 2192 1302 2258 tacuerimus:

126 2281 528 2344 excusabiles
559 2289 714 2344 ante
733 2280 1022 2345 tribunal
1054 2280 1302 2346 Christi

127 2383 248 2430 non
279 2371 524 2432 erimus
551 2390 566 2434 :
613 2369 770 2450 quia
801 2368 974 2432 illius
1013 2369 1303 2450 gloriosa

124 2453 388 2535 pignora
433 2458 505 2519 in
555 2457 822 2520 civitate
870 2466 1026 2521 sunt
1067 2458 1302 2520 winto-

125 2541 298 2607 nia³z
343 2544 708 2626 multisque
743 2544 1072 2608 miraculis
1103 2565 1144 2608 a
1173 2545 1302 2608 deo

123 2628 470 2696 clementer
515 2632 900 2714 glorificata.
991 2632 1302 2714 Denique

123 2719 476 2796 preciosus⁴
501 2720 626 2784 iste
647 2721 986 2785 confessor
1015 2719 1258 2785 Christi
1283 2742 1299 2786 ε

123 2803 200 2866 de
220 2815 386 2872 terra
408 2829 572 2872 sua:
614 2808 704 2871 de
725 2809 1121 2890 cognatione
1141 2828 1260 2871 sua
1283 2830 1298 2873 ε

125 2899 185 2953 et
213 2893 293 2958 de
321 2898 531 2960 domo
574 2896 910 2960 servitutis
954 2897 1161 2978 patris
1197 2896 1299 2960 sui

123 2979 378 3049 exiens:
425 2984 613 3047 venit
660 2984 728 3047 in
768 2993 1014 3048 terram
1069 2985 1300 3066 anglo-

125 3083 300 3134 rum:
358 3072 447 3136 de
506 3091 643 3154 qua
695 3071 974 3137 feliciter
1023 3082 1299 3136 vocatus

123 3164 216 3218 est
243 3159 326 3222 ad
359 3179 566 3242 regna
596 3158 902 3224 celorum.
983 3160 1196 3223 Lectio
1227 3160 1297 3243 ij.

119 3244 450 3376 Hujus
500 3247 830 3330 siquidem
875 3247 1008 3312 vite
1055 3249 1298 3311 sancti-

303 3343 407 3398 tas
443 3343 514 3400 et
544 3336 976 3419 depositionis
1018 3336 1296 3399 celebri-

119 3423 216 3480 tas
287 3423 480 3487 nobis
555 3424 621 3486 in
697 3424 973 3487 domino
1041 3424 1298 3488 confert

120 3501 434 3576 leticiam:
480 3519 550 3575 et
578 3511 844 3575 solitam
891 3511 1104 3576 aufert
1149 3512 1298 3574 tris-

121 3593 348 3662 ticiam.
443 3599 580 3663 Hic
619 3620 778 3682 ergo
811 3600 1056 3682 adepta
1085 3620 1297 3663 sacer-

119 3681 274 3747 dotii
303 3686 553 3752 infula:
601 3696 676 3750 ut
706 3686 919 3751 fidelis
962 3708 1189 3751 servus
1226 3696 1310 3751 et·

119 3773 394 3849 prudens
445 3776 776 3839 conservis
829 3776 966 3839 suis
1010 3775 1294 3840 fructum

117 3855 179 3919 in
208 3867 503 3944 tempore
547 3863 747 3927 tritici
793 3863 1106 3945 erogavit.
1201 3863 1293 3927 Et

115 3942 257 4010 ideo
303 3959 378 4014 ut
425 3951 700 4033 angelus
753 3952 860 4015 dei
908 3952 974 4014 in
1015 3949 1294 4015 ecclesia

113 4044 335 4101 sancta
407 4038 816 4120 resplenduit
873 4039 1032 4122 quia
1091 4048 1294 4103 attes-

115 4125 290 4190 tante
319 4127 660 4208 propheta.
741 4127 1067 4193 Sacerdos
1093 4147 1294 4210 ange-

950 4215 1164 4280 Lectio
1193 4215 1290 4299 iij.

115 4340 474 4406 'gv-umbaldi.-
495 4347 639 4400 RN.
659 4348 865 4416 passim.
932 4365 968 4416 g

197 4412 215 4441 ⁴
243 4412 546 4476 preciosius:
570 4415 642 4466 Ν.

113 4204 208 4272 lus
236 4212 486 4278 domini
517 4224 638 4280 est.

973 4349 1222 4414 mabam
1235 4366 1254 4399 .·
1267 4313 1328 4401 ⁴S.
1350 4331 1560 4416 passim.

777 4419 798 4448 ⁸
831 4418 1088 4482 percipere
1112 4435 1125 4467 =
1161 4417 1223 4467 R.
1233 4417 1299 4468 N.
1311 4417 1363 4469 S.

1473 219 1538 277 S.
1588 219 2049 282 EVERILDIS
2103 222 2483 282 VIRGINIS.

1900 329 2074 388 888

1561 441 1665 502 rat
1722 434 1901 502 enim
1944 435 2089 510 sfide
2146 437 2613 504 constantissi-

1561 545 1755 590 mus:
1799 545 1919 608 spe
1941 523 2399 591 firmissimus:
2445 527 2603 592 cha·-

1409 612 1607 676 ritate
1666 614 2177 696 integerrimus:
2246 614 2605 697 prudentia

1409 699 1807 782 insignitus:
1883 703 2327 784 temperantia
2383 702 2605 786 predi-

1409 795 1558 852 tus:
1606 788 1994 853 fortitudine
2022 790 2414 855 roboratus:
2462 790 2605 871 jus-

1409 875 1568 938 ticia
1611 876 2069 959 locupletatus,
2164 877 2470 943 Gaudete
2501 880 2605 943 di-

1410 962 1749 1028 lectissimi
1798 974 1867 1029 et
1914 965 2260 1032 exultate:
2308 967 2465 1048 quia
2512 967 2601 1031 ad

1408 1052 1579 1115 tanti
1640 1051 1846 1134 patris
1920 1073 2143 1118 annua
2200 1055 2603 1118 convenistis

1409 1139 1746 1204 solennia:
1792 1141 1907 1222 qui
1946 1140 2279 1205 edificavit
2320 1142 2597 1206 domum

1407 1245 1599 1292 suam
1673 1248 1873 1310 supra
1948 1237 2205 1310 petram
2240 1250 2261 1295 z
2348 1230 2415 1294 id
2496 1240 2601 1295 est

1411 1315 1789 1381 Christum:
1833 1336 1875 1378 a
1933 1336 2069 1397 quo
2122 1315 2265 1397 jam
2318 1316 2385 1380 in
2438 1317 2601 1382 celis

1406 1410 1705 1466 eternam
1750 1403 2081 1485 principe*⁵
2126 1405 2365 1467 meruit
2410 1424 2597 1469 coro-

1406 1509 1607 1556 nam:
1653 1490 1777 1572 ipsi
1822 1489 2033 1572 gloria
2062 1490 2129 1554 in
2157 1492 2379 1556 secula
2412 1513 2597 1556 secu-

1405 1577 1641 1644 lorum.
1728 1578 1970 1642 Amen.
2066 1577 2285 1644 Cetera
2313 1580 2394 1642 de
2433 1601 2599 1644 com-

1405 1666 1597 1728 muni
1623 1666 1822 1730 unius
1860 1665 2243 1747 con-fessonis·
2276 1687 2403 1732 non
2428 1678 2599 1749 pon-

1402 1753 1616 1836 tificis.

1408 1847 1472 1919 01·
1521 1841 1761 1906 Sancte
1776 1841 2081 1906 everildis·
2108 1842 2409 1925 virginis.
2454 1844 2595 1910 Lec.

1402 1931 1507 2062 l
1514 1949 1558 1992 n
1612 1930 1847 1993 diebus
1895 1930 2067 1995 illis:
2120 1951 2266 2014 reg-
2318 1931 2595 2015 [prima.

1513 2026 1717 2080 nante
1790 2017 2065 2081 domino
2129 2028 2357 2083 nostro
2430 2020 2591 2102 Jesu

1404 2104 1711 2170 Christo:
1755 2116 2023 2170 sanctus
2061 2107 2310 2170 birinus
2340 2108 2593 2190 episco-

1401 2212 1526 2274 pus
1558 2213 1600 2256 a
1631 2213 1903 2257 romane
1925 2194 2102 2257 sedis
2132 2214 2396 2258 summo
2426 2216 2593 2277 pon·

1400 2280 1581 2344 tifice
1637 2283 2061 2347 transmissus
2120 2292 2223 2346 est
2285 2284 2593 2347 occiden-

1399 2368 1650 2432 talibus
1706 2369 2025 2451 anglicis:
2087 2379 2161 2434 ut
2221 2372 2595 2453 predicaret

1399 2457 1675 2520 verbum
1706 2456 1813 2519 dei
1845 2477 1860 2520 ε
1905 2466 1975 2520 et
2008 2457 2235 2522 multis
2259 2458 2595 2522 miraculis

1399 2545 1743 2626 signorum
1774 2544 2207 2610 choruscaret.
2300 2547 2593 2612 Conver-

1399 2632 1482 2696 tit
1555 2641 1784 2695 autem
1856 2633 2289 2714 sinegismum
2364 2655 2591 2717 regem

1399 2739 1627 2784 eorum
1682 2739 1833 2782 cum
1888 2722 2070 2784 omni
2122 2721 2376 2784 familia
2424 2743 2593 2787 sua:

1397 2816 1467 2871 et
1527 2817 1797 2870 sanctus
1870 2808 2199 2871 oswaldus
2274 2808 2595 2874 northan-

1397 2894 1832 2978 hymbrorum
1887 2915 2009 2958 rex
2059 2915 2213 2958 eum
2266 2896 2353 2960 de
2404 2916 2592 2960 sacro

1398 2983 1586 3046 fonte
1615 2981 1922 3063 suscepit.
2228 3043 2232 3048 ,
2273 2983 2490 3046 Lectio
2521 2984 2591 3066 ij.

1396 3070 1903 3202 Procedente
1945 3089 2104 3134 vero
2138 3077 2439 3154 tempore
2470 3091 2591 3133 ex-

1549 3159 1686 3221 titit
1717 3157 2007 3240 quedam
2052 3159 2239 3240 virgo
2284 3159 2591 3222 everildis

1397 3246 1669 3310 nomine
1713 3244 2045 3309 nobilibus
2076 3255 2223 3309 orta
2253 3247 2590 3312 natalibus

1396 3355 1528 3418 que
1545 3333 1783 3398 velud⁶
1803 3333 1999 3398 stella
2021 3335 2351 3398 matutina
2371 3344 2587 3399 totam

1395 3422 1805 3504 provinciam
1852 3441 1972 3486 sue
2016 3420 2179 3486 lucis
2212 3423 2411 3487 radiis
2441 3444 2591 3507 per-

1395 3510 1717 3575 lustravit.
1840 3508 2065 3591 Hujus
2130 3511 2333 3594 igitur
2390 3511 2590 3576 beate

1395 3599 1702 3662 everildis
1791 3617 2082 3662 annuam
2159 3598 2589 3664 festivitatem

1395 3687 1654 3750 devotis
1758 3685 2067 3750 laudibus
2171 3687 2537 3760 recolentes
2572 3710 2591 3753 ε

1395 3782 1585 3837 tanto
1603 3772 1628 3812 ⁷
1658 3773 1979 3838 devotiori
2021 3774 2245 3838 studio
2276 3774 2419 3856 ejus
2450 3776 2592 3839 lau-

1393 3863 1589 3926 dibus
1636 3861 2055 3926 inSIStamus:
2102 3873 2357 3952 quanto
2387 3865 2589 3927 devo-

1391 3951 1523 4014 tior
1575 3951 1643 4014 in
1692 3950 1803 4013 dei
1849 3950 2329 4032 omnipotentis
2376 3949 2591 4013 famu-

1393 4037 1532 4103 latu
1565 4037 1945 4121 permansit.
2244 4036 2462 4100 Lectio
2492 4037 2589 4119 iij.

1405 4129 1637 4261 Cum
1670 4127 1871 4207 igitur
1889 4124 2069 4188 sama
2099 4123 2418 4189 bonitatis
2449 4123 2591 4206 ejus

1517 4216 2002 4279 crebresceret:
2078 4220 2149 4275 et
2208 4211 2355 4277 laus
2416 4212 2592 4276 illius

1673 4350 1695 4381 ¹
1728 4338 1945 4400 lanceat.
1972 4347 2032 4402 S.
2111 4348 2133 4379 ⁸
2166 4347 2411 4400 witonia:
2444 4348 2587 4403 R.N.

1535 4419 1557 4448 ⁸
1591 4413 1761 4466 velut:
1800 4414 2002 4468 R.N.s;
2178 4418 2197 4446 '
2230 4421 2407 4466 tantez
2440 4415 2526 4482 S„
