3117 4959
854 245 915 300 S.
968 246 1085 299 KA
1102 246 1155 299 Τ
1148 242 1481 298 HERINE
1538 244 1912 299 VIRGINIS.

661 352 813 406 723

168 459 368 527 omnia
395 457 671 521 visibilia
693 465 1022 521 constant.
1082 457 1230 532 Hec
1254 465 1324 520 et

167 552 279 614 alia
307 545 503 610 multa
520 545 683 608 dum
712 547 899 628 virgo
930 545 1325 608 disserent¹:

168 634 485 719 stupefacti
518 635 735 697 cuncti
767 643 1059 697 oratores
1091 633 1326 697 obmu-

166 731 419 788 tuerunt.
499 721 759 804 Quibus
820 721 1179 804 imperator
1225 721 1323 782 in-

169 814 449 894 dignatus
491 810 634 874 ait:
687 809 869 891 Quid
930 830 1051 872 vos
1104 807 1325 890 ignavi

165 910 223 964 et
264 900 609 980 degeneres
657 897 841 962 velut
892 897 1187 979 elingues
1232 897 1327 960 sic

164 985 605 1050 obmutescitis,
696 987 809 1050 Re.
860 985 1115 1069 Impius
1154 983 1327 1047 hanc

160 1095 326 1138 cesar
366 1075 505 1137 sisti
542 1073 733 1154 jubet
782 1082 937 1137 ante
984 1071 1275 1136 tribunal
1312 1093 1325 1136 :

164 1163 340 1225 Hanc
397 1171 471 1225 ut
520 1170 853 1242 pervertat
903 1161 1074 1224 sicut
1125 1161 1327 1224 draco

159 1252 250 1313 vel
306 1249 405 1312 leo
462 1258 686 1312 certat.
790 1267 837 1336 γ
910 1248 1039 1311 Illa
1100 1256 1327 1311 manet

154 1347 443 1402 constans
477 1357 611 1401 non
643 1337 891 1402 blanda
936 1336 1043 1400 vel
1092 1356 1327 1418 aspera

158 1446 384 1490 curans
480 1425 695 1490 Hanc.
996 1424 1209 1486 Lectio
1240 1424 1326 1505 ψ’.

171 1515 423 1644 Tunc
484 1532 655 1576 unus
706 1512 1051 1576 doctorum
1116 1513 1329 1592 major

302 1610 457 1664 natu
527 1609 815 1682 tyranno
871 1600 1091 1664 dixit:
1171 1600 1325 1663 Hoc

152 1688 259 1752 tibi
317 1690 675 1770 imperator
733 1696 1114 1753 constanter
1160 1687 1327 1750 sate-

154 1797 329 1840 mur:
386 1777 547 1858 quia
620 1776 745 1838 nisi
812 1775 1012 1839 aliam
1072 1783 1324 1839 sectam

150 1864 640 1946 probabiliorem
672 1863 1041 1928 ostenderis
1069 1863 1153 1926 de
1200 1863 1327 1925 diis

149 1973 301 2034 quos
344 1952 711 2015 coluimus:
758 1971 910 2016 ecce
958 1971 1191 2015 omnes
1240 1951 1325 2013 ad

149 2039 466 2104 Christum
501 2041 955 2103 convertimur.
1021 2038 1329 2102 Audiens

148 2126 257 2190 hec
313 2137 673 2210 tyrannus:
731 2129 927 2210 jussit
979 2146 1211 2189 omnes
1257 2127 1327 2189 in

150 2216 353 2278 medio
382 2217 673 2280 civitatis
702 2217 856 2298 igne
902 2214 1325 2279 concremari.

152 2303 223 2365 In
252 2305 489 2385 quibus
515 2303 672 2366 illud
696 2303 997 2367 mirabile
1016 2303 1325 2388 contigit:

148 2392 311 2471 quod
342 2412 465 2455 nec
497 2391 752 2473 capillis
784 2411 1011 2455 eorum
1045 2400 1160 2454 aut
1183 2411 1329 2454 ves-

147 2479 426 2542 timentis
458 2480 595 2542 ulla
614 2480 782 2562 ignis
807 2480 969 2542 lesio
989 2479 1326 2560 apparuit:

146 2565 253 2628 sed
305 2569 752 2650 migraverunt
813 2568 899 2631 ad
960 2568 1323 2630 dominum.

146 2653 447 2718 Sanctam
482 2676 639 2718 vero
668 2656 989 2737 virginem
1022 2653 1327 2736 expolia-

146 2749 273 2805 tam
302 2743 503 2824 jussit
532 2744 987 2825 scorpionibus
1018 2744 1161 2806 cedi
1198 2764 1213 2807 ι
1258 2750 1330 2805 et

146 2829 205 2892 in
248 2851 508 2895 carcere
558 2832 785 2896 claudi.
881 2831 1145 2913 Regina
1172 2851 1329 2894 vero

146 2917 223 2980 de
271 2919 469 2983 beata
517 2918 868 2982 katherina
897 2920 1093 2982 valde
1124 2919 1331 2981 anxia

143 3023 280 3068 eam
334 3007 585 3089 alloqui
634 3016 703 3071 et
749 3009 971 3072 videre
1003 3006 1329 3088 cupiebat.

144 3092 227 3156 Et
256 3116 501 3160 vocans
532 3097 617 3160 ad
650 3116 721 3158 se
752 3096 1113 3178 quemdam
1162 3095 1330 3157 mili-

141 3188 269 3245 tem
322 3185 597 3246 nomine
645 3183 1053 3266 porphirium
1104 3191 1331 3264 postu-

139 3267 227 3332 lat
254 3292 267 3332 ε
292 3279 365 3333 ut
398 3271 681 3354 placatis
711 3271 1097 3335 custodibus
1128 3270 1329 3334 collo-

137 3359 285 3436 quio
306 3360 579 3441 virginis
598 3361 933 3440 potiretur.
980 3359 1095 3424 Re.
1119 3359 1332 3440 Virgo

137 3443 546 3526 flagellatur:
594 3448 947 3512 crucianda
979 3448 1154 3510 same
1184 3447 1331 3509 reli-

134 3543 367 3614 gatur:
437 3555 700 3599 carcere
761 3536 985 3600 clausa
1052 3543 1329 3598 manet:

134 3619 250 3684 lux
280 3623 491 3686 celica
521 3623 667 3687 fusa
698 3623 995 3704 refulget.
1052 3624 1109 3686 F
1112 3632 1331 3704 ragrat

134 3709 331 3774 odor:
364 3711 593 3774 dulces
614 3720 887 3775 cantant
910 3711 1031 3774 celi
1063 3711 1333 3792 agmina

133 3795 373 3864 laudes,
476 3817 514 3885 y
565 3799 868 3881 Sponsus
914 3808 1096 3862 amat
1128 3819 1329 3881 spon-

132 3903 269 3948 sam
299 3887 634 3951 :salvator
662 3888 887 3951 visitat
920 3887 1119 3950 illam.
1170 3889 1224 3950 F
1229 3908 1331 3950 ra-

128 3984 290 4053 grat.
388 3975 635 4039 Gloria.
726 3977 1021 4057 Fragrat.
1111 3975 1196 4037 In
1259 3974 1327 4058 is.

132 4073 439 4126 nocturno
468 4072 573 4126 αῆ.
608 4062 983 4128 Gloriosam
1006 4062 1328 4145 virginem

130 4157 457 4230 tyrannus
510 4151 825 4234 flagellari
883 4153 1214 4234 imperat:
1262 4161 1329 4215 et

128 4239 555 4302 cruciandam
604 4240 780 4303 fame
831 4241 897 4301 in
943 4259 1201 4303 carcere
1232 4259 1332 4302 re-

128 4325 302 4391 cludi
334 4349 346 4391 :
397 4329 505 4390 cui
552 4348 771 4391 escam
806 4348 924 4410 per
950 4327 1329 4392 columbam

400 4466 415 4496 ¹
452 4464 747 4514 dissereret:
784 4463 927 4514 W.S.

2007 351 2153 404 724

1428 456 1730 521 Christus
1803 457 1962 521 facit
2037 457 2407 522 ministrari.
2517 465 2618 539 pf.

1426 545 1712 610 Cantate
1767 545 1880 627 (j.)
1944 546 2078 608 Αῆ.
2129 545 2256 608 Illa
2299 547 2426 608 deo
2457 545 2618 608 dum

1424 635 1566 714 agit
1595 633 1843 715 gratias
1874 633 1940 695 in
1975 634 2261 708 tenebris
2307 633 2426 697 lux
2459 635 2621 696 emi-

1420 730 1573 785 cat:
1621 722 1867 802 fragrat
1927 721 2094 784 odor
2151 722 2419 784 vincens
2481 721 2621 784 bal-

1424 829 1620 872 sama
1651 809 1878 873 adest:
1924 817 1991 872 et
2023 809 2246 872 contio
2266 809 2290 846 ²
2321 809 2621 892 angelica

1426 895 1644 960 lacero
1675 897 1932 978 corpori
1979 896 2250 960 celestia
2301 897 2620 959 adhibens

1427 985 1882 1048 medicamina.
1959 993 2059 1065 pf.
2110 985 2440 1047 Dominus
2472 1004 2620 1066 reg-

1426 1073 1612 1136 navit
1671 1072 1946 1136 exultet.
2065 1073 2200 1135 Αῆ.
2246 1072 2419 1137 Cum
2469 1082 2619 1135 cetu

1426 1161 1724 1243 virgineo
1843 1160 2200 1223 adveniens
2332 1158 2624 1222 salvator

1427 1269 1710 1330 sponsus
1741 1268 2056 1330 sponsam
2088 1248 2198 1330 pie
2220 1247 2446 1311 visitat
2463 1267 2620 1310 con-

1425 1336 1679 1400 solatur
1730 1345 1798 1398 et
1839 1335 2104 1399 roborat
2135 1344 2444 1398 constans
2475 1345 2620 1398 esto

1427 1425 1520 1487 ait
1552 1423 1689 1486 filia
1719 1432 1938 1486 tecum
1958 1443 2087 1504 ego
2116 1443 2263 1485 sum
2297 1422 2388 1485 nil
2421 1443 2623 1504 pave-

1426 1531 1515 1574 as,
1591 1521 1693 1593 pff.
1761 1511 2046 1576 Cantate
2095 1511 2214 1592 (ij.)
2313 1526 2357 1595 y
2401 1510 2622 1591 Adju-

1422 1599 1609 1662 vabit
1641 1619 1807 1663 eam.
1887 1598 1944 1662 S
1947 1598 1976 1660 i
1983 1598 2236 1678 festum
2265 1597 2359 1660 sit
2382 1598 2624 1679 duplex

1425 1695 1579 1750 tunc
1604 1688 1730 1750 erit
1757 1695 2012 1749 tantum
2041 1686 2310 1766 septima
2339 1685 2516 1748 lectio
2543 1685 2626 1748 de

1424 1774 1803 1856 expositione
1856 1773 2177 1855 evangelii
2233 1772 2466 1837 Simile
2519 1782 2621 1838 est

1425 1882 1702 1944 regnum
1735 1861 2026 1925 celorum
2056 1861 2383 1924 thesaur0.
2437 1859 2622 1925 Ome-

1421 1951 1520 2014 lia
1551 1960 1630 2012 ut
1656 1951 1728 2012 in
1757 1948 2095 2012 communi.
2172 1947 2270 2012 Et
2293 1949 2360 2011 si
2387 1949 2624 2035 non-sit

1422 2038 1656 2119 duplex
1681 2047 1832 2101 tunc
1869 2036 1999 2100 erit
2044 2037 2126 2100 de
2165 2036 2429 2119 legenda
2465 2047 2624 2118 pro-

1411 2126 1574 2208 pria
1603 2125 1840 2207 absque
1866 2124 2401 2206 pronunciatione
2427 2145 2624 2188 evan-

1415 2215 1584 2296 gelii
1629 2223 1722 2278 ut.
1762 2222 2031 2276 notatur
2073 2213 2144 2276 in
2187 2213 2366 2293 festo
2416 2211 2629 2276 sancti

1427 2301 1714 2365 nicholai
1736 2301 2015 2383 spiscopi.
2264 2300 2476 2364 Lectio
2507 2301 2621 2382 vij.

1424 2393 1525 2522 l
1536 2392 1716 2472 gitur
1752 2391 1967 2472 prima
2010 2388 2236 2472 vigilia
2283 2389 2493 2452 noctis
2525 2408 2624 2451 re-

1536 2479 1695 2560 gina
1739 2478 1936 2542 simul
1990 2487 2060 2541 et
2110 2476 2481 2561 porphirIus
2527 2477 2628 2539 in-

1425 2575 1764 2630 troeuntes
1795 2585 2122 2630 carcerem
2164 2565 2351 2646 cujus
2381 2585 2470 2628 ex
2503 2564 2626 2627 sul-

1426 2675 1586 2737 gore
1629 2655 1948 2718 claritatis
1995 2653 2322 2737 perterriti
2367 2673 2628 2716 corrue-

1429 2752 1583 2806 runt
1634 2743 1702 2805 in
1756 2752 2017 2805 terram.
2113 2740 2378 2822 Surgite
2411 2739 2626 2821 inquit

1428 2832 1616 2912 virgo
1641 2831 1908 2911 egregia
1938 2838 2004 2892 et
2037 2849 2120 2891 ne
2151 2828 2464 2909 paveatis,
2535 2827 2626 2891 Et

1428 2927 1774 3000 surgentes
1822 2915 2253 2997 contemplati
2308 2923 2463 2978 sunt
2510 2935 2626 2977 an-

1430 3005 1616 3089 gelos
1648 3005 1879 3088 plagas
1898 3003 2040 3084 ejus
2063 3012 2403 3086 unguento
2435 3001 2628 3065 undi-

1430 3115 1559 3176 que
1591 3091 2398 3158 circumfoventeS.H1nc
2429 3089 2628 3154 beata

1428 3182 1616 3264 virgo
1661 3181 1956 3262 reginam
2000 3179 2176 3261 cepit
2228 3177 2476 3260 alloqui
2525 3178 2627 3242 di-

1430 3291 1604 3334 cens.
1692 3269 1846 3370 Jam
1901 3267 2130 3349 regina
2185 3267 2340 3330 forti
2402 3266 2628 3328 animo

1430 3369 1576 3425 esto
1625 3380 1641 3421 :
1717 3357 1874 3439 quia
1931 3363 2086 3437 post
2144 3354 2270 3417 hoc
2330 3353 2626 3417 triduum

1432 3448 1607 3509 itura
1636 3465 1706 3507 es
1737 3446 1820 3508 ad
1856 3445 2075 3508 deum.
2165 3441 2472 3506 Audiens
2519 3450 2628 3522 ty-

1431 3554 1677 3598 rannus
1731 3533 2026 3615 reginam
2089 3539 2159 3594 et
2217 3530 2626 3614 porphirium

1432 3643 1507 3686 ac
1539 3623 1864 3685 ducentos
1897 3619 2140 3682 milites
2162 3639 2314 3682 cum
2347 3621 2440 3682 eis
2471 3637 2626 3681 con-

1432 3731 1656 3773 versos
1705 3709 1792 3772 ad
1824 3708 2168 3772 dominum
2201 3727 2322 3788 pro
2353 3706 2622 3788 planctu

1428 3798 1613 3862 velut
1647 3817 1877 3861 amens
1909 3796 2181 3859 effectus
2210 3816 2224 3858 ε
2271 3795 2426 3858 fecit
2457 3793 2626 3874 regi-

1430 3907 1587 3950 nam
1650 3894 1843 3948 extra
1903 3885 2236 3947 civitatem
2299 3881 2492 3944 duci:
2556 3889 2625 3942 et

1431 3972 1815 4038 mammillis
1868 3973 2048 4054 prius
2097 3969 2378 4033 extortis
2421 3976 2624 4047 caput

1430 4085 1471 4127 a
1518 4062 1769 4125 cervice
1819 4059 2117 4122 rescindi.
2212 4055 2624 4136 Porphirium

1426 4171 1584 4216 vero
1646 4169 1795 4212 cum
1858 4147 1991 4209 suis
2051 4145 2368 4209 militibus
2422 4142 2623 4205 etiam

1430 4237 1787 4303 decollari:
1865 4243 1933 4298 et
2007 4234 2102 4297 sic
2177 4233 2625 4313 migraverunt

1433 4329 1516 4392 ad
1596 4325 1958 4390 dominum.
2075 4321 2187 4386 Re.
2264 4319 2624 4383 Horrendo

1809 4461 1830 4491 ²
1863 4459 2038 4509 concio
2065 4477 2076 4508 :
2111 4458 2257 4508 W.S.
