3117 4959
555 259 661 314 IN
699 257 968 316 FESTO
1017 260 1080 314 S.
1132 259 1762 330 BARTHOLOMEI
1800 262 2225 318 APOSTOLI.

671 367 829 424 508

177 471 413 540 domina
429 493 454 537 .·
518 491 662 535 cum
719 471 1029 536 memoria
1086 473 1168 535 de
1220 471 1326 535 do·

181 562 404 626 mim‘ca.
513 563 575 638 (Ι
652 559 816 623 Item
891 571 1158 623 vacante
1225 560 1332 622 die

181 649 405 713 sabbati
427 669 468 710 a
492 649 670 728 festo
701 649 792 712 ix.
822 648 1158 710 lectionum
1179 657 1334 730 post

181 747 406 800 octavas
443 736 898 817 assumptionis
939 736 1045 798 vel
1084 736 1331 798 nativi-

182 826 320 888 tatis
341 824 574 886 ditetur
599 825 680 886 de
702 824 968 886 domina
989 847 1014 886 .·
1042 845 1122 886 ne
1134 823 1330 886 amit-

183 923 268 975 tat
283 913 396 994 jus
421 911 551 974 diei
575 910 708 974 sibi
732 911 1092 992 specialiter
1121 912 1330 992 assig-

181 1001 306 1062 nati
329 1020 350 1061 .·
417 999 549 1062 nisi
627 1011 751 1081 per
839 1000 946 1080 vig
955 999 1142 1062 iliam
1231 998 1341 1062 vel

175 1098 420 1168 quatuor
442 1097 721 1168 tempora
751 1086 1156 1167 impediatur.

179 1181 232 1253 §1
269 1175 344 1238 In
382 1175 614 1256 vigilia
658 1174 870 1237 sancti
917 1173 1334 1237 bartholomei

173 1263 461 1326 matutine
516 1271 579 1325 et
633 1262 784 1325 hore
854 1271 1200 1324 cantentur
1253 1262 1334 1324 de

159 1351 340 1431 feria.
409 1350 530 1412 Ad
555 1361 856 1431 vesperas.
890 1359 994 1413 aii.
1049 1351 1190 1412 Vos
1214 1351 1328 1432 qui

172 1437 508 1520 reliquistis,
621 1447 686 1500 et
738 1447 933 1500 cetere
990 1437 1330 1518 antiphone

170 1546 296 1587 cum
307 1526 580 1608 psalmis
593 1525 968 1606 ferialibus.
998 1525 1142 1607 Cap.
1171 1527 1328 1588 Non

168 1633 284 1676 vos,
366 1615 475 1676 Re.
571 1613 704 1696 Qui
737 1622 909 1677 sunt.
1005 1614 1329 1693 Hymnus.

164 1701 820 1831 Bartholomeeceli
835 1699 1038 1782 sydus
1057 1721 1328 1764 aureum

291 1789 492 1852 milies
537 1809 738 1872 supra
789 1789 946 1852 solis
989 1789 1186 1869 jubar
1229 1809 1331 1852 ra-

163 1876 366 1940 dians:
393 1878 571 1959 erige
603 1885 858 1940 mentes
885 1887 1142 1939 nostras
1174 1877 1329 1957 polo

161 1965 432 2027 turbidas
482 1985 808 2046 egrasque
857 1972 1113 2026 nostras
1167 1983 1330 2026 sana

162 2053 590 2116 conscientias,
679 2053 1004 2132 Hymnus.
1081 2051 1328 2115 Annue

165 2138 416 2205 Christe.
510 2139 736 2206 Cetera
781 2140 878 2202 ad
918 2150 1211 2220 vesperas
1251 2139 1330 2202 de

159 2229 459 2291 communi
514 2228 959 2309 apostolorum.
1072 2231 1135 2303 ΙΙ
1185 2227 1330 2290 Me-

161 2315 348 2392 moria
418 2316 498 2378 de
559 2325 778 2378 sancto
834 2315 1130 2378 audoeno.
1221 2323 1324 2378 αῆ.

161 2401 492 2468 Confessor
520 2403 794 2468 domini.
885 2419 934 2488 γ
979 2402 1274 2466 Amavit.

157 2492 408 2619 Deus
443 2493 560 2573 qui
609 2492 1013 2574 perhennem
1051 2490 1325 2572 [Oratio.

291 2579 572 2660 gloriam
624 2579 1020 2642 sanctissimi
1074 2576 1329 2642 conses-

157 2667 300 2728 soris
329 2668 423 2730 tui
454 2677 664 2748 atque
693 2665 1022 2750 pontificis
1043 2665 1328 2728 audoeni

157 2754 354 2816 anime
406 2755 788 2820 contulisti:
829 2754 1046 2816 tribue
1091 2773 1329 2834 quesu-

158 2860 288 2904 mus
316 2842 454 2922 ejus
501 2863 626 2906 nos
673 2843 850 2923 apud
885 2851 952 2906 te
981 2842 1075 2903 ita
1105 2851 1330 2922 patro-

158 2929 324 2992 ciniis
397 2932 738 2994 sublimari
777 2949 792 2993 :
872 2937 944 2991 ut
1019 2949 1170 2992 cum
1247 2949 1330 2992 eo

154 3017 339 3080 vitam
379 3018 841 3099 possideamus
887 3026 1182 3080 eternam
1205 3036 1333 3097 -per

155 3103 498 3170 dominum.
1047 3105 1258 3166 Lectio
1267 3104 1330 3185 j.

149 3193 284 3320 ln
331 3192 570 3257 diebus
619 3191 790 3256 illis:
843 3192 1174 3273 ingressus
1227 3200 1330 3254 est

243 3279 737 3345 bartholomeus
782 3279 1124 3362 apostolus
1159 3288 1330 3342 tem-

151 3365 318 3447 plum
349 3369 528 3432 indie
559 3389 576 3432 :
623 3368 690 3430 in
721 3387 856 3450 quo
893 3375 1034 3429 erat
1076 3366 1328 3430 idolum

151 3457 468 3521 astaroth:
515 3465 586 3519 et
619 3457 806 3537 quasi
833 3455 1213 3536 peregrinus
1239 3454 1330 3516 ibi

152 3561 402 3607 manere
463 3545 660 3627 cepit.
776 3543 854 3606 In
914 3541 1042 3605 hoc
1103 3551 1328 3605 autem

151 3629 316 3694 idolo
389 3633 639 3695 demon
714 3630 866 3693 talis
948 3637 1138 3693 erat:
1215 3628 1328 3710 qui

152 3717 382 3782 diceret
441 3741 515 3782 se
588 3739 812 3782 curare
889 3716 1329 3798 languentes:

149 3823 324 3868 cecos
375 3805 792 3871 illuminare:
847 3805 965 3868 sed
1013 3805 1136 3867 hos
1187 3804 1329 3867 sine

149 3893 336 3956 dubio
367 3915 538 3976 quos
571 3895 713 3975 ipse
743 3893 1048 3955 ledebat.¹
1119 3892 1332 3954 Erant

149 3983 310 4044 enim
341 3984 485 4045 sine
539 3983 670 4044 deo
720 4000 916 4044 vero:
963 3989 1032 4042 et
1063 3998 1329 4043 necesse

147 4078 276 4131 erat
319 4079 391 4132 ut
435 4090 478 4132 a
525 4070 657 4132 deo
701 4068 870 4132 salso
918 4067 1330 4131 ludificaren-

145 4163 260 4221 tur.
1014 4155 1230 4218 Lectio
1259 4155 1328 4237 ij.

240 4343 254 4374 ¹
293 4349 494 4393 ‘curare
517 4357 622 4392 non
648 4349 842 4406 poterat
859 4342 872 4366 ’
895 4341 994 4392 add
1021 4359 1034 4391 z
1069 4339 1210 4393 ΚΝ.
1221 4340 1272 4391 S.

401 4413 422 4441 ⁸
463 4415 544 4459 ‘et
568 4409 581 4432 ’
601 4425 702 4458 om.
732 4427 745 4457 ε
781 4409 850 4458 Ν.

1195 4409 1216 4438 ⁴
1247 4404 1408 4470 qualis
1435 4421 1448 4454 ε
1481 4403 1552 4454 N.

1946 371 2102 424 504

1448 474 1607 608 U
1604 473 1737 536 nde
1760 471 2008 537 sactum
2025 485 2127 539 est
2146 485 2219 538 ut
2238 483 2467 540 sancto
2485 477 2633 541 bar-

1582 560 2337 644 tholomeoapostoloibi
2360 584 2629 628 manen-

1430 656 1531 711 te:
1551 648 1733 711 nulla
1759 669 2073 731 responsa
2091 652 2281 714 daret
2300 653 2627 717 astaroth:

1431 743 1499 798 et
1519 736 1679 799 nulli
1702 747 1962 818 poterat
1982 759 2070 800 ex
2091 738 2191 801 his
2204 759 2370 821 quos
2390 739 2631 804 leserat

1431 823 1795 888 subvenire.
1892 824 2062 889 Cum
2096 835 2321 889 autem
2355 827 2625 909 plenum

1433 920 1607 973 esset
1638 911 1723 973 de
1756 913 2223 994 languentibus
2255 916 2577 996 templum
2609 937 2626 980 :

1432 1008 1500 1062 et
1561 1000 1816 1062 nullum
1878 1011 2105 1081 posset
2164 1003 2322 1066 dare
2381 1005 2625 1067 demon

1432 1106 1849 1167 responsum:
1869 1099 2299 1169 perrexerunt
2319 1091 2403 1152 ad
2426 1092 2625 1154 aliam

1431 1174 1813 1239 civitatem:
1861 1176 1973 1238 ubi
2004 1176 2182 1240 aliud
2238 1178 2622 1242 demonium

1431 1262 1811 1326 colebatur:
1874 1265 1977 1326 cui
2028 1284 2269 1328 nomen
2318 1275 2461 1329 erat
2512 1266 2627 1329 be-

1432 1349 1601 1412 rith:
1649 1359 1717 1412 et
1746 1361 2061 1432 ceperunt
2098 1354 2465 1434 inquirere:
2511 1374 2627 1417 cur

1431 1437 1597 1500 deus
1668 1457 1895 1500 eorum
1958 1440 2253 1503 astaroth
2321 1461 2454 1503 non
2529 1444 2625 1506 eis

1431 1525 1621 1587 daret
1652 1545 1984 1606 responsa.
2279 1528 2495 1591 Lectio
2526 1531 2627 1612 iij.

1431 1613 1715 1744 Dixit
1746 1614 1839 1675 eis
1870 1613 2101 1678 berith.
2194 1615 2379 1678 Deus
2410 1627 2627 1680 vester

1588 1701 1799 1781 igneis
1832 1701 2128 1764 cathenis
2172 1704 2265 1765 sic
2311 1703 2625 1786 religatus

1433 1795 1577 1850 est:
1622 1797 1697 1851 ut
1746 1809 1959 1870 neque
2009 1791 2335 1870 suspirare
2379 1793 2626 1855 audeat

1431 1895 1552 1938 nec
1586 1875 1809 1956 loqui:
1855 1897 1944 1939 ex
1994 1876 2107 1939 illa
2154 1878 2316 1941 hora
2368 1900 2501 1961 qua
2532 1880 2623 1943 ibi

1433 1963 1773 2044 apostolus
1826 1965 1935 2027 dei
1984 1964 2479 2030 bartholomeus
2526 1969 2625 2030 in-

1429 2069 1693 2131 gressus
1724 2061 1841 2115 est.
1934 2051 2238 2134 Cumque
2262 2056 2623 2136 interroga-

1430 2149 1617 2200 rent:
1663 2139 1810 2220 quis
1869 2150 2045 2203 esset
2104 2141 2227 2204 iste
2288 2141 2621 2206 bartholo-

1432 2246 1662 2290 meus:
1699 2228 2039 2309 respondit
2062 2229 2293 2293 berith.
2340 2230 2621 2294 Amicus

1429 2322 1532 2376 est
1580 2315 1687 2376 dei
1749 2317 2264 2398 omnipotentis:
2314 2319 2417 2380 et²
2468 2319 2621 2382 ideo

1428 2402 1611 2464 venit
1670 2403 1735 2465 in
1798 2404 1993 2466 istam
2055 2405 2501 2485 provinciam:
2547 2415 2623 2470 ut

1429 2490 1656 2552 omnia
1720 2490 1901 2554 idola
1977 2511 2109 2573 que
2181 2493 2407 2556 colunt
2483 2494 2621 2557 indi

1429 2587 1719 2640 evacuet.
1815 2579 2152 2642 Dixerunt
2200 2601 2357 2642 vero
2387 2582 2471 2644 ad
2506 2583 2623 2644 be-

1430 2664 1576 2728 rith.
1698 2665 1824 2728 Dic
1902 2667 2091 2729 nobis
2166 2668 2355 2749 signa
2424 2668 2621 2748 hujus

1430 2751 1885 2816 bartholomei.
1978 2754 2351 2835 Respondit
2388 2757 2619 2820 berith.

1433 2838 1695 2921 Capillo
1747 2841 1981 2922 capitis
2028 2842 2216 2922 nigro
2276 2853 2345 2906 et
2402 2843 2621 2925 crispo

1431 2947 1585 2990 caro
1642 2927 1977 2991 candida:
2052 2928 2225 2991 oculi
2286 2931 2619 3011 grandes:

1431 3034 1625 3076 nares
1669 3015 1937 3095 equales
1970 3016 2071 3078 et³
2100 3017 2384 3081 directe:
2432 3038 2622 3082 aures

1431 3111 1742 3183 cooperte
1800 3103 1980 3165 crine
2056 3105 2339 3186 capitis:
2416 3104 2622 3169 barba

1430 3189 1693 3272 prolixa
1754 3210 2002 3271 paucos
2066 3191 2319 3254 habens
2378 3213 2621 3259 canos:

1429 3285 1684 3340 statura
1738 3277 2062 3359 equalis⁴:
2106 3300 2239 3360 que
2270 3300 2391 3344 nec
2422 3281 2625 3363 longa

1430 3367 1641 3448 possit
1672 3385 1793 3428 nec
1825 3365 2039 3429 brevis
2069 3367 2339 3432 adverti.
2386 3369 2465 3434 L.
2497 3369 2621 3452 iiij.

1449 3455 1596 3584 V
1597 3453 1831 3516 estitur
1876 3454 2078 3534 pallio
2130 3454 2323 3520 albo:
2387 3466 2455 3521 et
2504 3458 2624 3521 ha-

1596 3540 1761 3603 bens
1823 3561 1941 3622 per
1997 3543 2289 3625 singulos
2344 3545 2623 3627 angulos

1429 3647 1732 3709 gemmas
1792 3649 2194 3711 purpureas:
2262 3633 2495 3714 viginti
2557 3642 2626 3698 et

1431 3735 1552 3778 sex
1585 3715 1777 3779 annis
1822 3737 2161 3801 nunquam
2202 3721 2627 3784 sordidantur

1429 3804 1829 3866 vestimenta
1864 3805 2007 3885 ejus
2040 3825 2161 3869 nec
2190 3816 2625 3872 veterascunt.

1435 3889 1705 3954 Centies
1735 3911 1853 3973 per
1882 3893 2059 3955 diem
2082 3893 2272 3956 flexis
2302 3896 2623 3975 genibus:

1429 3979 1680 4041 centies
1712 3999 1828 4060 per
1858 3989 2122 4043 noctem
2177 3981 2359 4042 orat⁵
2404 3981 2622 4045 deum.

1430 4066 1591 4129 Vox
1622 4069 1797 4128 enim
1830 4065 1972 4146 ejus
2016 4067 2204 4147 quasi
2235 4066 2399 4129 tuba
2428 4068 2623 4131 vehe-

1431 4173 1619 4216 mens
1669 4163 1785 4217 est.
1894 4152 2271 4216 Ambulant
2329 4175 2481 4218 cum
2543 4177 2625 4220 eo

1779 4339 1802 4369 ²
1840 4341 1855 4366 ‘
1876 4337 1956 4386 et’
1980 4353 2116 4386 om.:
2156 4337 2355 4391 R.N.S.

1890 4404 1911 4432 ⁸
1938 4402 2155 4480 vorabat:
2190 4404 2258 4454 N.
