3117 4959
655 263 912 319 JNFRA
969 263 1072 319 OC
1075 262 1127 318 Y
1123 262 1180 318 A
1197 262 1356 318 VAS
1397 263 2045 320 ASSUMPTJONJS.

631 369 788 426 499

1914 372 2077 428 500

125 475 426 542 dominus
457 483 695 540 noster.
785 475 918 542 Αῆ.
1013 476 1307 540 Paradisi
1411 481 1476 556 ff
1525 477 1615 542 Si
1642 476 1764 541 iste
1788 487 2005 542 octove
2043 475 2115 541 in
2158 475 2483 541 dominica
2511 495 2609 540 oc·-

121 565 313 648 janue
357 585 478 647 per
504 574 574 629 te
603 564 792 628 nobis
838 573 1067 647 aperte
1110 573 1304 630 sunt:

124 673 278 736 quas
307 653 505 716 hodie
547 652 836 736 gloriosa
865 673 1016 716 curn
1049 653 1304 734 angelis

121 742 496 823 triumphas,
580 751 680 822 pf.
773 739 915 804 Celi
977 751 1302 804 enarrant.

119 831 243 894 Ar'i.
333 829 521 893 Sicut
554 829 822 910 myrrha
873 827 1084 891 electa
1137 829 1302 891 odo-

121 937 250 980 rem
281 916 519 980 dedisti
553 916 896 980 suavitatis
933 925 1166 979 sancta
1193 916 1302 979 dei

121 1005 414 1087 genitrix,
489 1013 592 1086 pff.
675 1005 947 1068 Domini
979 1013 1082 1067 est
1111 1013 1303 1067 terra.

121 1109 162 1178 y
209 1092 544 1156 Exaltata.
637 1091 864 1156 Sermo
903 1091 1072 1155 beati
1098 1092 1304 1154 hiero-

121 1181 301 1260 nymi.
837 1179 1042 1242 Lectio
1057 1180 1304 1260 prima.

301 1268 453 1330 odie
485 1266 913 1330 dilectissime
945 1269 1144 1330 beata
1172 1269 1302 1329 vir-

299 1375 388 1436 go
465 1355 674 1417 maria
749 1355 1043 1418 elevatur
1106 1373 1304 1436 super

110 1443 340 1507 >choros
383 1443 774 1524 angelorum
806 1451 880 1505 ut
909 1443 1120 1524 possit
1151 1463 1300 1524 spe-

110 1532 274 1594 ²ciem
303 1531 696 1613 vultumque
743 1530 970 1593 videre
1015 1529 1302 1593 salvato-

110 1618 234 1682 ris:
277 1639 474 1700 quem
526 1627 908 1682 amaverat:
956 1638 1154 1700 quem
1187 1639 1302 1680 cu-

108 1791 317 1858 ¹Recte
389 1814 549 1857 vero
640 1795 1016 1857 credimus:

108 2060 308 2144 jvitam
385 2058 646 2121 finierit.

119 1708 314 1788 pierat
358 1728 449 1769 ex
496 1715 646 1770 toto
691 1706 1020 1769 desiderio
1068 1707 1299 1769 cordis,

121 1881 302 1944 beata
333 1883 440 1945 dei
489 1882 784 1964 genitrix
839 1891 906 1945 et
953 1794 1303 1964 mmaeffi

119 1971 289 2051 virgo
363 1971 538 2033 fuit:
616 1971 920 2052 quamvis
993 1971 1060 2032 in
1137 1990 1302 2052 pace

771 2058 952 2120 Hinc
1035 2077 1302 2139 quoque

108 2147 282 2228 'quod
339 2167 498 2209 vere
562 2165 762 2228 passa
824 2147 960 2209 sit:
1021 2165 1300 2227 symeon

109 2233 426 2314 ⁴propheta
487 2232 770 2315 loquens
831 2233 916 2296 ad
978 2252 1171 2297 eam:
1234 2242 1302 2296 et

106 2505 109 2546 ¹
121 2498 486 2578 speciosam.

106 2587 111 2626 l

119 2329 288 2384 tuam
323 2323 535 2403 inquit
577 2323 784 2402 ipsius
831 2320 1122 2384 animam
1155 2341 1300 2403 per-

119 2410 409 2472 transibit
483 2409 763 2491 gladius,
896 2409 1014 2472 Re.
1141 2409 1298 2473 Vidi

985 2497 1202 2560 Lectio
1233 2497 1298 2578 ij.

121 2587 301 2718 Ex
361 2605 496 2668 quo
557 2592 874 2648 constat:
949 2585 1130 2666 quod
1191 2583 1300 2647 alii

253 2693 540 2755 namque
589 2673 803 2736 sancti
835 2681 904 2735 et
933 2673 1110 2754 passi
1147 2681 1302 2735 sunt

106 2757 180 2822 *in
209 2781 398 2824 carne
441 2781 566 2844 pro
613 2761 920 2824 Christo:
965 2769 1190 2824 tamen
1233 2760 1298 2822 in

106 2848 326 2911 ÷anima
377 2851 538 2931 quia
589 2847 981 2911 immortalis
1027 2857 1130 2910 est
1159 2847 1300 2930 pati

121 2953 240 2998 non
269 2945 649 3019 potuerunt.
741 2937 950 2999 Beata
993 2955 1152 2998 vero
1193 2935 1300 2997 dei

106 3026 390 3104 'genitrix
442 3025 604 3106 quia
650 3024 718 3086 in
757 3043 836 3087 ea
867 3033 1057 3105 parte
1106 3043 1302 3105 passa

121 3121 248 3175 est:
310 3132 439 3194 que
493 3111 922 3194 impassibilis
981 3111 1300 3175 habetur:

106 3197 256 3262 *ideo
285 3211 358 3262 ut
381 3202 476 3263 ita
500 3199 717 3262 fatear
734 3199 893 3281 quia
923 3198 1304 3282 spiritaliter

106 3295 181 3348 *et
209 3289 485 3351 atrocius
519 3307 720 3370 passa
765 3296 864 3349 est
897 3287 1120 3368 gladio
1151 3307 1301 3367 pas·

106 3375 306 3437 sionis
355 3375 606 3440 Christi
652 3376 1004 3457 plusquam
1051 3383 1304 3455 martyr

123 3459 248 3526 fuit.
291 3464 404 3527 Re.
471 3464 663 3528 Sicut
696 3464 946 3526 cedrus
1033 3462 1173 3526 Lec.
1207 3462 1302 3543 iij.

141 3553 283 3684 U
289 3553 418 3652 nde
465 3559 734 3653 constat
787 3551 942 3631 quia
983 3549 1131 3632 plus
1162 3569 1304 3612 om-

289 3638 482 3702 nibus
519 3639 804 3702 dnlexnt:
851 3647 1203 3720 propterea
1235 3645 1303 3700 et

106 3724 260 3806 plus
277 3727 523 3792 doluit:
559 3728 890 3790 intantum
911 3726 1302 3807 utanimam

127 3811 252 3891 ejus
281 3823 492 3877 totam
542 3816 966 3897 pertransiret
997 3823 1064 3876 et
1095 3813 1304 3895 possi-

127 3899 298 3964 deret
313 3905 411 3965 vis
434 3900 710 3965 doloris:
738 3901 822 3963 ad
847 3902 1302 3964 testimonium

129 3989 356 4052 eximie
415 3990 804 4054 dilectionis,
923 3989 1074 4071 Que
1149 3991 1306 4070 quia

129 4087 335 4140 mente
408 4097 608 4159 passa
691 4085 794 4139 est
829 4095 845 4139 t
951 4077 1304 4158 plusquam

131 4167 364 4246 mar‘tyr
381 4165 524 4229 fuit.
592 4165 848 4229 Idcirco
878 4163 1306 4227 dilectissime

131 4262 335 4316 amate
366 4273 570 4336 quam
619 4253 832 4316 colitis
861 4270 876 4315 t
923 4260 992 4315 et
1022 4252 1262 4314 amatis
1291 4271 1306 4315 τ

135 4339 181 4401 si
227 4341 460 4405 imitari
509 4340 726 4406 velitis
777 4340 865 4404 de
912 4347 1058 4404 toto
1109 4339 1310 4404 corde

137 4445 320 4507 quam
341 4428 643 4494 laudatis,
675 4429 786 4494 Re.
811 4425 1004 4494 Felix
1027 4447 1310 4512 nanque.

1404 565 1743 631 currerint.
1806 567 1947 630 Re:
1990 566 2052 632 O
2086 567 2267 630 deus.
2328 567 2603 630 dicatur.

1405 655 1490 717 In
1554 655 1622 736 ij.
1675 675 1799 718 noc.
1860 663 1965 718 αῆ.
2061 655 2297 736 Specie
2356 663 2474 717 tua
2534 661 2605 716 et

1405 741 1895 824 pulchritudine
1947 752 2063 806 tua
2116 743 2387 805 intende
2419 761 2605 823 pros-

1405 850 1562 912 pere
1592 831 1877 912 procede
1900 839 1967 893 et
1988 851 2207 912 regna.
2248 839 2345 910 pr.
2396 830 2604 893 Eruc-

1405 920 1589 981 tavit.
1649 919 1782 981 Αῆ.
1852 919 2225 998 Adjuvabit
2255 937 2405 980 eam
2436 919 2603 980 deus

1403 1005 1589 1069 vultu
1644 1025 1805 1069 suo:
1848 1007 2011 1068 deus
2066 1007 2133 1068 in
2188 1005 2411 1068 medio
2458 1004 2603 1085 ejus

1407 1112 1540 1155 non
1604 1095 2145 1157 commovebitur.
2220 1102 2320 1174 pf.
2416 1093 2601 1155 Deus

1408 1191 1632 1244 noster
1693 1182 2034 1262 refugium.
2156 1182 2291 1243 Ar'i.
2412 1179 2603 1243 Sicut

1406 1268 1755 1332 letantium
1805 1271 2102 1332 omnium
2152 1277 2451 1330 nostrum
2484 1267 2602 1330 ha-

1403 1356 1643 1420 bitatio
1673 1366 1773 1420 est
1804 1358 1871 1419 in
1904 1365 1972 1419 te
2004 1366 2235 1420 sancta
2276 1356 2383 1418 dei
2414 1356 2601 1436 geni-

1403 1447 1558 1518 trix.
1636 1453 1737 1525 pff.
1812 1443 2293 1507 Fundamenta.
2362 1459 2407 1527 y
2456 1444 2599 1505 Ex-

1407 1531 1623 1595 ultent
1670 1532 1851 1612 justi.
1940 1531 2165 1595 Medic
2210 1531 2497 1593 lectiones
2524 1531 2607 1591 de

1405 1620 1821 1699 martyribus.
2258 1618 2475 1680 Lectio
2505 1617 2601 1699 iij.

1418 1710 1649 1840 Cum
1726 1708 2075 1770 adversum
2167 1707 2597 1769 christianum
2660 1738 2669 1746 -

1535 1815 1781 1857 nomen
1885 1795 2027 1857 dire
2124 1793 2600 1875 persecutionis

1404 1883 1695 1966 procella
1716 1885 2049 1963 ingrueret
2074 1902 2086 1944 ε
2106 1881 2319 1962 judex
2340 1880 2601 1944 iraclius

1403 1972 1623 2034 dixit:
1718 1970 2246 2052 Symphorianus
2352 1969 2597 2050 publici

1402 2059 1694 2122 criminis
1744 2079 1934 2121 reus:
1981 2059 2137 2139 quia
2184 2058 2311 2120 diis
2358 2057 2603 2119 nostris

1403 2147 1721 2228 irrogavit
1769 2147 2076 2226 injurias:
2140 2143 2366 2226 gladio
2408 2144 2599 2207 feria·-

1403 2244 1526 2298 tur.
1577 2234 1821 2316 Sicque
1844 2233 2005 2296 data
2035 2233 2402 2296 sententia:
2435 2233 2598 2294 dum

1402 2322 1502 2384 vir
1559 2323 1796 2385 beatus
1858 2321 2205 2384 duceretur
2264 2320 2349 2384 ad
2410 2321 2601 2382 victi-

1405 2428 1585 2472 mam
1616 2429 1631 2472 :
1676 2409 2067 2472 venerabilis
2118 2417 2333 2471 mater
2362 2429 2483 2470 sua
2513 2407 2601 2470 de

1407 2517 1595 2560 muro
1621 2497 1930 2561 clamavit
1956 2519 1971 2561 ε
2006 2497 2088 2560 ad
2116 2496 2305 2560 illum
2332 2496 2603 2559 dicens:

1407 2585 1587 2648 Nate
1610 2596 1765 2649 nate
1789 2585 2257 2666 symphoriane
2282 2605 2295 2648 ε
2339 2603 2601 2646 sursum

1404 2673 1607 2736 corda
1637 2673 1967 2754 suspende
1996 2693 2011 2735 z
2058 2682 2126 2735 et
2158 2672 2378 2752 aspice
2410 2671 2599 2733 illum

1405 2761 1518 2843 qui
1575 2769 1809 2842 regnat
1842 2762 1908 2822 in
1941 2758 2137 2824 celis:
2191 2761 2348 2841 quia
2399 2757 2606 2820 hodie

1402 2849 1542 2911 vita
1572 2849 1691 2910 tibi
1725 2867 1859 2910 non
1896 2847 2185 2911 tollitur:
2232 2845 2349 2908 sed
2385 2854 2607 2908 muta·

1400 2945 1524 2999 tur.
1570 2936 1685 2998 Re.
1731 2935 2099 3016 Absterget
2128 2935 2310 2999 deus,
2359 2934 2503 2996 Lec.
2535 2953 2599 2996 v.

1534 3031 1710 3086 esset
1757 3043 1915 3104 ergo
1958 3024 2161 3085 timor
2204 3032 2396 3084 tuus:
2444 3021 2607 3101 quia

1538 3112 1593 3173 si
1646 3110 2099 3192 perduraveris
2153 3108 2352 3172 hodie
2402 3118 2556 3170 nate
2584 3129 2607 3172 t

1405 3199 1492 3262 ad
1541 3217 1897 3280 supernam
1959 3196 2377 3260 nobilitatem
2429 3195 2605 3259 felici·

1406 3287 1927 3349 commutatione
1950 3286 2279 3367 migrabis
2315 3285 2611 3348 Sanctus

1403 3373 2601 3455 igitursymphorianusextramurum

1407 3463 1696 3524 ductus:
1773 3471 1841 3524 et
1902 3482 1943 3524 a
2003 3469 2420 3544 persecutore
2480 3479 2605 3522 suo

1406 3559 1819 3631 prostratus:
1893 3551 2203 3630 purpurei
2264 3549 2613 3630 sanguinis.

1405 3638 1504 3699 sui
1537 3637 1719 3699 unda
1749 3637 2088 3718 perfusus:
2134 3645 2201 3699 et
2224 3657 2262 3698 a
2286 3635 2605 3718 religiosis

1407 3724 1559 3788 inde
1608 3724 1890 3787 latenter
1933 3724 2273 3788 sublatus:
2320 3727 2413 3786 sic
2460 3724 2607 3804 jam

1409 3823 1663 3894 martyr
1706 3813 1794 3876 ad
1840 3813 2094 3876 fontem
2144 3821 2341 3874 extra
2390 3811 2607 3891 publi-

1409 3921 1560 3964 cum
1608 3921 1920 3982 campum
1969 3911 2071 3964 est
2118 3899 2397 3963 delatus.
2488 3897 2613 3960 Re.

1407 3989 1549 4052 Viri
1582 3991 1814 4052 sancti.
2272 3983 2489 4047 Lectio
2520 3985 2607 4066 ψ’.

1408 4076 1584 4208 Jbi
1615 4077 1817 4157 igitur
1848 4075 1914 4137 in
1958 4094 2163 4156 parva-
2214 4071 2456 4135 cellula
2503 4092 2615 4134 se-

1517 4164 1744 4245 pultus
1792 4182 2055 4242 semper
2113 4181 2185 4223 se
2246 4158 2613 4241 publicavit

1409 4251 1779 4315 virtutibus,
1874 4249 1974 4314 Ut
2027 4268 2144 4330 per
2191 4247 2509 4310 miracula
2540 4257 2611 4312 et

1412 4340 1775 4404 sanitatum
1807 4338 1987 4402 dona
2017 4337 2083 4400 in
2107 4335 2359 4399 honore
2390 4336 2614 4400 maxi-

1414 4447 1528 4492 mo
1587 4426 1940 4493 haberetur
1999 4423 2126 4492 iuis
2178 4424 2607 4512 temporibus.
