3117 4959
1003 351 1142 405 401

485 457 830 521 dominum
894 473 1168 520 meum:
1239 455 1354 538 qui
1415 474 1486 519 es
1545 454 1686 518 vita

486 555 715 610 eterna
756 543 1108 626 confugio:
1158 553 1232 607 ut
1278 562 1387 608 me
1431 543 1516 606 de
1562 542 1682 606 ba-

493 635 646 697 ratri
679 632 978 696 saucibus
1010 632 1372 697 clementer
1403 631 1683 714 eripias:

492 730 798 804 potenter
857 721 1249 784 abstrahas:
1325 721 1440 802 qui
1503 719 1685 782 solus

492 810 788 873 laborem
831 817 898 872 et
943 808 1240 872 dolorem
1290 807 1686 872 consideras,

493 898 609 960 Re.
734 897 932 960 Hanc
1006 916 1162 960 vero
1236 916 1440 978 quam
1505 894 1689 958 lucas

496 985 931 1067 peccatricem
981 983 1320 1050 mulierem
1361 983 1690 1067 johannes

498 1073 774 1136 mariam
867 1072 1212 1136 nominat:
1286 1071 1470 1136 illam
1545 1090 1692 1134 esse

499 1161 776 1226 mariam
807 1161 1136 1224 credimus
1165 1160 1250 1224 de
1274 1181 1407 1242 qua
1432 1179 1693 1222 marcus

497 1258 754 1330 septem
831 1249 1147 1313 demonia
1219 1248 1433 1329 ejecta
1491 1246 1694 1310 fuisse

499 1345 821 1402 testatur:
867 1346 1124 1418 septem
1169 1337 1347 1400 enirn
1379 1335 1694 1399 demonia

501 1425 736 1489 habuit
760 1445 775 1487 :
806 1445 937 1507 que
961 1423 1279 1488 universis
1297 1423 1472 1487 vitiis
1495 1423 1695 1506 plena

501 1511 666 1577 suit:
711 1513 830 1576 sed
867 1533 1020 1577 ecce
1064 1512 1225 1596 quia
1265 1511 1695 1596 turpitudinis

501 1621 620 1664 sue
658 1599 952 1665 maculas
997 1600 1278 1682 aspexit.
1372 1599 1695 1664 Lavanda

503 1689 590 1754 ad
624 1689 876 1753 fontem
925 1689 1362 1752 misericordie
1391 1689 1693 1752 cucurrit.

506 1795 553 1862 γ
591 1778 852 1841 -Videns
883 1778 1010 1841 hoc
1042 1776 1383 1859 phariseus
1427 1775 1695 1840 dicebat

505 1867 679 1929 intra
738 1885 810 1928 se
869 1864 978 1928 hic
1026 1865 1080 1928 si
1135 1873 1308 1928 esset
1368 1863 1697 1946 propheta

505 1953 702 2017 sciret
755 1954 985 2035 utique
1035 1971 1165 2034 que
1215 1961 1283 2016 et
1330 1953 1544 2035 qualis
1594 1961 1696 2015 est

507 2041 782 2104 mulier:
857 2061 988 2123 que
1045 2042 1265 2123 tangit
1324 2060 1476 2104 eum
1539 2041 1699 2122 quia

505 2129 845 2212 peccatrix
869 2137 986 2192 est.
1066 2129 1400 2192 Lavanda.
1467 2126 1697 2193 Gloria

507 2215 679 2298 patri
821 2216 1160 2282 Lavanda.
1279 2218 1366 2280 In
1430 2215 1699 2279 secundo

505 2313 658 2367 noct.
698 2312 802 2368 αῆ.
896 2305 959 2371 Ο
1010 2313 1264 2386 quanta
1308 2305 1408 2368 vis
1453 2305 1698 2368 amoris

505 2392 702 2474 hujus
733 2390 1024 2455 mulieris
1055 2403 1348 2456 mentem
1380 2393 1698 2456 accende-

508 2489 647 2544 rat:
695 2499 825 2562 que
878 2501 919 2542 a
965 2489 1398 2544 monumento
1443 2479 1697 2543 domini

508 2569 711 2631 etiam
805 2568 1146 2656 discipulis
1238 2567 1699 2632 recedentibus

508 2676 642 2718 non
676 2657 1029 2720 recedebat
1059 2657 1257 2720 beata
1277 2657 1484 2720 maria
1509 2675 1699 2738 mag-

509 2743 762 2808 dalene.
864 2753 961 2826 pff.
1067 2744 1428 2809 Eructavit.
1518 2745 1698 2809 Αῆα.

511 2832 929 2915 Exquirebat
962 2834 1168 2896 maria
1204 2853 1404 2915 quem
1437 2851 1571 2896 non
1604 2833 1700 2894 in-

507 2931 778 2984 venerat
862 2919 1066 2986 flebat
1156 2920 1548 3003 inquirendo
1632 2928 1701 2982 et

507 3011 751 3072 amoris
826 3010 926 3073 sui
989 3009 1140 3091 igne
1218 3028 1494 3072 accensa
1556 3007 1700 3089 ejus

509 3117 708 3178 quern
747 3097 1046 3161 ablatum
1097 3098 1377 3162 credidit
1420 3096 1701 3159 ardebat

509 3185 834 3248 desiderio
857 3186 1031 3248 unde
1045 3187 1353 3267 contigit:
1375 3195 1448 3248 ut
1467 3186 1699 3266 Jesum

509 3281 664 3335 tunc
699 3273 840 3336 sola
869 3274 1126 3337 videret
1155 3295 1170 3336 :
1223 3295 1352 3356 que
1385 3273 1700 3336 remansit

509 3368 582 3422 ut
637 3369 957 3442 quereret.
1033 3370 1134 3443 pf.
1231 3363 1414 3425 Deus
1477 3369 1703 3423 noster

509 3447 852 3528 refugium.
925 3449 1060 3512 Aa.
1136 3449 1334 3513 Hanc
1366 3469 1524 3530 ergo
1555 3457 1701 3511 toto

509 3535 706 3597 corde
784 3535 1215 3616 deprecemur
1249 3558 1263 3600 :
1357 3546 1432 3601 ut
1475 3537 1701 3599 nobis

507 3624 686 3702 apud
739 3623 1084 3685 dominum
1138 3644 1400 3705 semper
1449 3624 1703 3688 auxilio

507 3730 651 3772 esse
677 3711 1005 3792 dignetur.
1049 3720 1152 3792 pff.
1216 3713 1701 3775 Fundamenta.

509 3815 548 3884 y
604 3798 840 3879 Specie
873 3807 1006 3861 tua.

505 3889 764 4018 Post
796 3886 1155 3969 gloriosam
1194 3887 1447 3951 domini
1495 3889 1701 3951 nostri

657 3976 817 4056 Jcsu
873 3975 1116 4040 Christi
1174 3977 1550 4058 passionem
1601 3996 1703 4038 re-

505 4065 926 4128 surrectionis
989 4067 1526 4148 ascensionisque
1588 4065 1704 4127 tri-

505 4152 876 4234 umphum:
919 4153 1272 4234 judeorum
1325 4154 1703 4217 sacerdotes

501 4241 745 4303 invidie
771 4241 1024 4305 facibus
1047 4241 1304 4306 accensi
1327 4243 1701 4306 concitave-

859 4424 875 4454 ¹
911 4425 1155 4476 ecclesie:
1192 4427 1248 4484 S.

1535 243 1639 296 IN
1678 243 1949 296 FESTO

2286 349 2451 404 402
3000 0 3065 396 d

1787 462 1941 518 runt
1982 457 2510 536 persecutionem
2557 455 2628 518 in
2674 453 2976 519 ecclesia¹
3061 489 3065 500 ·

1786 542 2243 606 interficiendo
2378 543 2981 627 prothomartyrem

1784 631 2214 713 stephanum:
2236 640 2305 695 et
2322 633 2487 695 alios
2507 641 2722 696 testes
2745 632 2983 696 Christi

1784 739 1825 782 a
1881 718 2124 782 finibus
2177 721 2313 782 suis
2368 720 2704 802 pellendo,
2799 719 2985 783 Tunc

1786 807 2023 870 beatus
2056 808 2465 871 maximinus
2510 828 2686 872 unus
2720 829 2816 871 ex
2848 828 2987 890 sep·

1785 896 2091 975 tuaginta
2111 895 2373 960 duobus
2390 895 2743 978 discipulis
2764 918 2781 959 :
2806 895 2991 976 cujus

1787 981 2089 1065 religioni
2176 1003 2251 1047 se
2331 985 2713 1048 contulerat
2798 983 2993 1047 beata

1790 1072 2001 1135 maria
2076 1071 2473 1153 magdalene
2548 1073 2993 1136 sociandam:

1790 1160 1915 1222 iter
1946 1158 2035 1222 ad
2066 1179 2247 1223 mare
2294 1161 2543 1223 direxit
2590 1180 2751 1224 cum
2800 1161 2993 1224 beata

1790 1247 2081 1312 muliere.
2112 1247 2721 1330 Ascendentesque
2744 1250 2992 1312 navim:

1790 1355 2109 1418 prospero
2140 1355 2331 1400 cursu
2356 1345 2687 1400 venerunt
2708 1338 2806 1400 ad
2832 1357 2995 1400 mar·

1792 1422 2025 1488 siliam.
2072 1424 2189 1488 Re.
2234 1424 2492 1487 Videns
2522 1445 2689 1506 ergo
2723 1424 2993 1488 flentem

1793 1512 2073 1575 mariam
2128 1519 2197 1574 et
2254 1533 2548 1576 sororem
2612 1513 2769 1594 ejus
2832 1533 2993 1575 mar-

1792 1598 1981 1663 tham
2010 1619 2034 1662 :
2074 1598 2525 1683 lachrymatus
2554 1611 2663 1663 est
2700 1601 2906 1682 Jesus
2932 1611 2997 1664 et

1794 1688 2118 1751 accedens
2252 1689 2334 1752 ad
2458 1684 2995 1752 monumentum.

1795 1774 2401 1858 Quadriduanum²
2474 1775 2620 1856 jam
2702 1777 2993 1840 lazarum

1794 1864 2221 1928 resuscitavit.
2315 1881 2359 1950 γ
2414 1864 2477 1930 Ο
2540 1863 2761 1928 felicis
2824 1885 2997 1928 soror

1794 1955 2079 2034 u'traque
2110 1953 2324 2016 meriti
2354 1974 2368 2016 :
2416 1973 2707 2035 quarum
2745 1953 2995 2034 lachry-

1742 2121 1751 2126 .
1796 2040 1923 2103 mis
1993 2049 2214 2104 motus
2274 2040 2423 2104 fons
2486 2041 2633 2122 ipse
2712 2042 2996 2123 pietatis,

1797 2127 2351 2211 Quadriduanum
2466 2125 2633 2209 jam.
2770 2129 2995 2192 Prosa.

1799 2215 2059 2280 Dilecte
2090 2237 2207 2280 sue
2240 2215 2545 2298 precibus
2580 2216 2796 2280 marie
2818 2237 2998 2298 mag-

1795 2303 2051 2367 dalene.
2097 2321 2141 2388 y
2176 2304 2503 2369 Conditor
2532 2304 2669 2368 vite
2704 2304 2998 2368 lazarum

1796 2411 1837 2454 a
1899 2400 2113 2455 morte
2172 2401 2414 2474 quarto
2471 2392 2581 2456 die
2644 2393 3000 2456 resuscita-

1797 2480 1907 2543 vit.
2688 2481 2921 2544 Lectio
2948 2502 2999 2544 εν.
3062 2507 3065 2510 ⁴

1965 2577 2258 2632 nnuente
2288 2587 2450 2650 ergo
2480 2568 2611 2631 deo
2630 2589 3000 2650 aquensem

1964 2656 2239 2738 ingressi
2312 2665 2469 2720 sunt
2536 2659 3002 2738 provinciam:

1798 2743 2027 2807 divina
2056 2744 2239 2807 verbi
2271 2745 2527 2808 semina
2570 2747 2847 2809 cunctis
2885 2745 3003 2808 lar-

1798 2832 1969 2914 giter
2030 2833 2419 2914 erogando:
2486 2832 2599 2895 die
2660 2843 3003 2916 noctuque

1799 2921 2357 3000 predicationibus
2411 2920 2685 3002 jejuniis
2738 2929 2817 2985 et
2868 2942 3005 2984 ora—

1798 3007 2093 3072 tionibus
2124 3009 2492 3072 insistendo
2518 3031 2535 3072 :
2567 3016 2645 3072 ut
2668 3010 3001 3092 populum

1800 3096 2007 3177 ipsius
2076 3097 2363 3177 regionis
2433 3097 2869 3162 incredulum
2926 3098 3005 3160 ad

1800 3185 2209 3265 agnitionem
2318 3184 2427 3247 dei
2539 3185 3003 3266 perducerent.

1804 3272 1962 3352 Ipso
1992 3293 2147 3334 vero
2194 3273 2624 3354 predicante:
2668 3273 2773 3336 illi
2810 3274 3004 3337 fidem

1801 3370 2229 3441 receperunt:
2277 3370 2343 3423 et
2376 3361 2630 3424 eisdem
2651 3363 3005 3426 ordinatus

1800 3457 1902 3511 est
1980 3449 2345 3530 episcopus
2469 3449 2745 3512 Interea
2814 3452 3006 3514 beata

1803 3535 2011 3599 maria
2037 3535 2435 3617 magdalene
2447 3538 3007 3619 contemplationi

1799 3644 2059 3688 vacans
2137 3633 2205 3687 et
2237 3633 2493 3705 partem
2544 3645 2757 3706 quam
2810 3626 3007 3708 elegit

1802 3732 2233 3776 conservans:
2284 3713 2437 3776 licet
2468 3713 2692 3776 adhuc
2711 3714 2789 3776 in
2826 3715 3007 3778 terris

1800 3801 2366 3882 peregrinaretur:
2460 3811 2689 3864 mente
2750 3812 3004 3867 'tamen
3061 3841 3065 3884 2

1800 3888 2090 3970 paradisi
2158 3888 2521 3952 amenitate
2584 3893 3002 3970 pascebatur.
3060 3893 3065 3950 i

1800 3976 1915 4038 Re.
2012 3977 2439 4057 Nequissimo
2480 3975 2645 4057 jude
2679 3979 3003 4060 proditori

1801 4064 2207 4128 dilectricem
2252 4065 2414 4145 Jesu
2449 4067 2734 4128 mariam
2788 4069 3005 4148 objur-

1800 4153 1987 4234 ganti
2052 4173 2167 4216 cur
2226 4153 2529 4234 precioso
2592 4165 2812 4236 caput
2874 4157 3003 4238 ejus

1804 4241 2111 4304 unxisset
2204 4252 2601 4323 unguento:
2680 4244 2784 4306 ait
2872 4245 3001 4328 ipse

1957 4425 1977 4455 ²
2011 4425 2452 4488 Quatriduanum:
2490 4427 2696 4480 R.N.s.
