3117 4959
1037 271 1190 326 UNI
1191 271 1292 328 US
1349 271 1729 332 VIRGINIS.

663 380 768 437 63

167 506 380 552 omnes
408 486 488 551 de
515 486 872 569 sepulchr0.
922 485 1136 551 Canet
1153 485 1330 549 enirn

165 577 316 639 tuba
349 586 413 639 et
455 575 686 638 mortui
737 584 1079 657 resurgent
1122 575 1330 637 incor-

163 664 341 745 rupti.
429 664 630 727 Fatue
675 662 962 745 virgines
1013 662 1332 744 sapienti-

160 751 276 814 bus
323 752 640 814 dixerunt.
757 752 938 814 Date
997 750 1190 812 nobis
1240 750 1328 813 de

155 838 296 901 oleo
350 849 574 902 vestro.
625 848 748 902 ete.
857 839 1049 901 Tunc
1110 838 1327 920 plora-

154 927 310 989 bunt
366 936 432 989 et
487 934 756 1009 gement
817 926 1003 990 stulti
1031 927 1090 989 :¹
1169 928 1326 1008 quia

149 1013 374 1077 similia
421 1034 620 1096 opera
679 1016 926 1077 sanctis
979 1032 1112 1077 non
1156 1014 1326 1076 fece-

147 1112 306 1165 runt.
392 1103 633 1167 Dicent
692 1104 870 1165 enim
930 1122 1082 1165 cum
1147 1100 1328 1165 lach-

145 1190 339 1270 rymis
406 1199 471 1253 et
545 1192 871 1272 angustia.
1024 1190 1324 1253 Lucerne

141 1286 347 1341 vestre
402 1298 574 1341 nunc
634 1279 1044 1342 clarescunt:
1099 1287 1324 1342 nostre

139 1375 350 1429 autem
396 1366 876 1431 tenebrescunt.
944 1366 1062 1429 Re.
1109 1366 1326 1430 Offer-

138 1462 322 1516 entur
366 1456 499 1536 regi
531 1456 820 1537 virgines
857 1454 1132 1517 domino
1167 1464 1323 1536 post

139 1560 278 1603 eam
309 1543 614 1623 proxime
635 1544 776 1625 ejus
799 1542 1159 1605 offerentur
1179 1544 1320 1607 tibi.

138 1627 214 1691 In
246 1629 456 1693 leticia
486 1639 555 1693 et
587 1631 1018 1696 exultatione.
1080 1648 1127 1716 γ
1163 1630 1324 1694 Pru-

134 1716 356 1781 dentes
394 1720 685 1801 virgines
715 1728 944 1801 aptate
975 1718 1320 1801 lampades

131 1814 400 1869 vestras:
429 1827 584 1871 ecce
609 1827 892 1889 sponsus
922 1808 1104 1870 venit
1134 1808 1318 1870 exite

131 1893 384 1956 obviam
416 1896 490 1959 ei.
592 1895 690 1957 In.
1030 1896 1200 1959 Lect.
1225 1896 1316 1959 ix.

125 1982 719 2111 Responderunt
836 1993 1063 2046 autem
1161 2004 1317 2065 pru-

262 2070 490 2134 dentes
556 2072 890 2137 dieentes:
983 2073 1090 2135 Ne
1152 2070 1324 2135 forte

127 2174 253 2218 non
295 2159 584 2222 sufficiat
629 2159 819 2222 nobis
860 2168 928 2223 et
955 2160 1188 2223 vobis:
1229 2160 1320 2222 ite

127 2253 240 2308 etc.
271 2245 393 2310 hoc
424 2256 573 2311 est:
621 2248 711 2309 ite
743 2247 827 2311 ad
861 2268 977 2311 eos
1009 2268 1048 2311 a
1079 2247 1319 2329 quibus

127 2331 392 2412 gloriam
429 2344 496 2399 et
537 2335 802 2398 laudem
834 2336 1196 2399 humanam
1223 2355 1320 2398 re-

126 2421 402 2501 quisistis
429 2443 446 2486 :
478 2432 555 2486 et
584 2424 743 2506 quid
769 2424 958 2487 vobis
1006 2424 1322 2506 prodesse

127 2510 325 2588 possit
403 2511 798 2594 approbate.
920 2512 1320 2575 Venditores

124 2598 359 2679 quippe
431 2600 609 2663 olei:
683 2599 1059 2663 adulatores
1148 2609 1322 2663 sunt.

125 2683 434 2765 Quienim
447 2688 472 2725 ²
491 2696 771 2770 accepta
791 2687 1088 2751 cualibet
1105 2689 1323 2769 gratia

123 2774 297 2837 vanis
315 2776 448 2839 suis
471 2776 785 2839 laudibus
807 2776 1086 2839 nitorem
1110 2776 1320 2858 glorie

123 2861 436 2927 offerunt:
496 2865 690 2946 quasi
735 2863 957 2926 oleum
1002 2865 1320 2927 vendunt.

118 2948 230 3013 Re.
304 2950 366 3014 Ο
421 2961 646 3014 mater
675 2960 900 3014 nostra
945 2962 1046 3015 ter
1090 2962 1320 3015 sancta

119 3046 471 3120 quaterque
507 3040 724 3103 beata.
787 3041 959 3104 Cum
982 3060 1172 3122 prece
1203 3041 1322 3103 de-

119 3134 268 3188 vota
296 3126 742 3190 famulantum
775 3130 1033 3210 suscipe
1063 3138 1236 3192 vota.
1273 3145 1316 3215 y

115 3211 260 3292 Jam
324 3215 599 3279 Christo
646 3215 878 3295 juncta
937 3236 1316 3298 sponsoque

116 3308 228 3363 tuo
259 3304 532 3367 sociata.
597 3303 788 3368 Cum.
867 3302 1096 3367 Gloria
1125 3306 1314 3386 patri.

114 3388 281 3452 Cum
313 3411 529 3472 prece.
1082 3392 1312 3457 Prosa.

288 3498 444 3541 erne
473 3480 666 3561 virgo
707 3480 1062 3543 memorie:
1110 3500 1312 3562 quam

256 3566 382 3629 sibi
414 3567 777 3647 despondit
824 3588 944 3630 rex
975 3567 1196 3649 glorie.
1240 3569 1316 3654 7³

107 3652 396 3735 Virginis
430 3654 684 3737 proles⁴
711 3656 974 3737 egregie
1003 3676 1316 3737 sponsus-

106 3760 234 3822 que
252 3742 531 3825 virginis
547 3743 834 3807 ecclesie.
869 3761 916 3829 γ
937 3744 1039 3806 Tu
1061 3745 1315 3825 gaudes

106 3826 304 3893 hodie
320 3832 409 3893 de
429 3831 614 3893 dono
641 3833 868 3913 gratie.
893 3848 942 3915 γ
975 3832 1065 3894 Et
1087 3841 1316 3895 cantas

103 3916 170 3980 in
220 3918 366 3981 celo
398 3938 667 3981 carmen
701 3919 932 3983 leticie.
979 3936 1028 4007 y
1053 3920 1155 3982 Te
1177 3919 1318 3983 lau-

103 4004 344 4069 dantes
377 4007 448 4069 in
487 4014 660 4070 terra
707 4007 973 4089 respice.
1007 4026 1054 4094 γ
1089 4007 1319 4089 Atque

105 4102 331 4157 nostra
373 4092 740 4158 clementer
766 4096 1025 4178 suscipe
1055 4105 1227 4161 vota.

201 4216 216 4247 ¹
254 4216 410 4266 stulte
433 4234 450 4266 τ
472 4218 534 4267 Ε.

200 4281 223 4311 ²
261 4282 485 4331 ‘Enim’
559 4300 657 4333 om.
688 4301 700 4333 e
758 4283 880 4333 E.S.
976 4300 1068 4348 pro
1131 4284 1324 4334 ‘enim’

100 4346 256 4397 dum:
293 4348 362 4399 G.

203 4415 224 4443 ⁸
259 4403 312 4477 Ϋ
337 4430 472 4463 om.=
506 4416 565 4465 E.
665 4418 684 4446 ⁴
723 4416 946 4479 ‘proles'
970 4432 1094 4467 om.:
1128 4416 1285 4467 W.R.

201 4482 222 4510 ⁸
259 4481 432 4543 ‘xig'yss'
455 4482 552 4530 add
575 4500 590 4531 ι
624 4480 818 4532 E.G.S.

231 4560 406 4613 voL.
441 4562 512 4611 11.

2000 384 2103 438 66

1435 488 1494 562 ff
1531 486 1699 549 Alia
1727 486 2072 552 secundum
2104 490 2199 552 M
2192 491 2495 557 atheum!

1428 576 1528 705 l
1526 595 1568 637 n
1596 574 1711 638 illo
1730 584 2062 659 tempore:
2086 576 2482 660 DixitJesus
2500 580 2637 645 dis-

1527 663 1767 745 cipulis
1812 666 1947 727 suis
1992 666 2381 747 parabolam
2415 668 2632 735 hanc:

1430 749 1665 814 Simile
1695 762 1797 814 est
1846 773 2122 835 regnum
2166 754 2456 819 celorum
2488 757 2631 821 the-

1429 857 1623 901 sauro
1656 828 2051 904 abscondito
2084 843 2149 904 in
2183 863 2360 924 agro,
2412 844 2502 908 Et
2533 866 2632 909 re-

1429 926 1626 1008 liqua.

1431 1014 1685 1078 Omelia
1708 1014 1881 1078 beate
1884 1017 2181 1097 gregorii
2183 1028 2364 1099 pape.
2412 1018 2492 1083 L.
2517 1020 2629 1103 vij.

1425 1104 1717 1233 Ecce,
1750 1104 1967 1166 enim⁶
2022 1125 2297 1187 regnum
2335 1108 2625 1171 celorum

1578 1190 1886 1254 thesauro
1974 1192 2367 1258 abscondito
2449 1216 2630 1260 com-

1427 1279 1763 1360 paratur⁷z
1790 1301 1989 1361 quem
2012 1282 2124 1363 qui
2148 1283 2397 1345 invenit
2422 1282 2624 1347 homo

1425 1367 1805 1431 abscondit:
1866 1376 1933 1431 et
1994 1389 2111 1450 pre
2158 1372 2404 1451 gaudio
2452 1372 2625 1435 illius

1424 1456 1608 1518 vadit
1641 1464 1709 1517 et
1738 1456 1967 1519 vendit
2006 1457 2309 1520 universa
2340 1479 2470 1539 que
2509 1458 2625 1523 ha-

1422 1542 1575 1607 bet:
1637 1552 1706 1607 et
1758 1544 1921 1606 emit
1965 1564 2197 1625 agrum
2242 1546 2445 1610 illum.
2541 1549 2620 1611 In

1422 1631 1713 1712 presenti
1739 1632 1986 1694 etenim
2018 1633 2155 1695 vita
2178 1632 2409 1697 fratres
2434 1635 2623 1717 quasi

1421 1720 1490 1781 in
1552 1719 1662 1781 via
1722 1739 1951 1783 sumus
2010 1740 2145 1801 qua
2204 1722 2289 1784 ad
2337 1725 2621 1804 patriam

1421 1808 1777 1889 pergimus,
1878 1807 2159 1889 Maligni
2210 1820 2436 1873 autern
2490 1811 2624 1893 spi-

1419 1896 1583 1959 ritus
1615 1895 1739 1958 iter
1768 1904 2065 1958 nostrum
2113 1898 2303 1978 quasi
2350 1899 2622 1979 quidam

1421 1983 1774 2046 latrunculi
1806 1984 2133 2049 obsident.
2231 1986 2450 2049 Lectio
2482 1988 2621 2069 viij.

1423 2071 1876 2202 Depredari
1908 2092 2067 2153 ergo
2098 2072 2468 2138 desiderat:
2508 2076 2621 2157 qui

1578 2159 1957 2222 thesaurum
2035 2160 2299 2241 publice
2375 2161 2437 2224 in
2514 2162 2624 2227 via

1421 2255 1662 2329 portat.
1756 2247 1908 2310 Hoc
1941 2257 2164 2310 autem
2198 2250 2349 2312 dico
2382 2271 2516 2313 non
2548 2261 2624 2313 ut

1422 2336 1711 2417 proximi
1760 2355 1963 2417 opera
2008 2348 2234 2399 nostra
2275 2357 2405 2400 non
2440 2340 2625 2403 vide-

1422 2432 1540 2487 ant
1570 2445 1583 2487 :
1616 2443 1767 2487 cum
1800 2424 2117 2505 scriptum
2150 2426 2273 2488 sit:
2324 2435 2397 2488 ut
2437 2426 2623 2489 vide-

1420 2520 1538 2574 ant
1570 2532 1771 2592 opera
1799 2521 2020 2575 vestra
2050 2512 2257 2577 bona:
2289 2522 2357 2576 et
2379 2514 2625 2595 glorifi-

1421 2609 1575 2662 cent
1606 2608 1863 2681 patrem
1896 2610 2187 2663 vestrum
2219 2602 2333 2682 qui
2368 2603 2432 2664 in
2468 2603 2623 2666 celis

1423 2697 1525 2752 est
1553 2708 1569 2751 :
1601 2688 1717 2751 sed
1752 2688 1859 2750 ut⁸
1888 2707 2057 2769 opus
2089 2698 2379 2753 vestrum
2413 2691 2505 2755 sic
2538 2692 2625 2754 sit

1422 2775 1491 2837 in
1560 2775 1830 2856 publico
1858 2796 1873 2839 ε
1950 2778 2261 2856 quatinus
2346 2778 2624 2841 intentio

1423 2872 1691 2927 maneat
1722 2864 1790 2925 in
1822 2862 2099 2926 occulto.
2294 2865 2506 2928 Lectio
2538 2866 2622 2930 ix.

1442 2951 1893 3083 7‘hesaurus
1948 2951 2070 3013 iste
2115 2950 2348 3014 fratres
2379 2952 2624 3017 celeste

1577 3048 1679 3102 est
1709 3036 2127 3101 desiderium.
2195 3038 2419 3121 Ager⁹
2464 3062 2620 3105 vero

1421 3126 1488 3189 in
1552 3145 1686 3208 quo
1745 3125 2095 3189 thesaurus
2154 3126 2623 3193 absconditur:
2740 3188 2747 3199 ,

1419 3214 1770 3296 disciplina
1799 3214 2000 3276 studii
2032 3212 2306 3278 celestis,
2400 3215 2619 3298 Quem

1416 3303 1716 3386 profecto
1747 3321 1980 3384 agrum
2005 3302 2287 3365 venditis
2311 3304 2619 3368 omnibus

1417 3400 1763 3473 comparat
1818 3390 1932 3472 qui
1978 3390 2432 3472 voluptatibus
2479 3414 2619 3456 car-

1419 3480 1520 3542 nis
1598 3479 1974 3542 renunciat:
2053 3487 2422 3561 cunctaque
2497 3504 2619 3545 sua

1418 3577 1679 3631 terrena
1710 3566 2037 3630 desideria
2053 3566 2100 3603 ¹⁰
2132 3587 2249 3648 per
2271 3568 2616 3649 discipline

1420 3656 1681 3719 celestis
1756 3655 2126 3717 custodiam
2203 3654 2431 3719 calcat.
2514 3666 2615 3737 pf.

1420 3742 1520 3807 Te
1551 3744 1771 3806 deum.
1845 3759 1892 3827 γ
1926 3742 2162 3824 Specie
2193 3751 2307 3805 tua
2361 3753 2429 3806 et
2475 3745 2619 3826 pul-

1419 3830 1805 3894 chritudine.
1840 3830 1923 3892 In
1936 3829 2619 3913 laudz'busarztiphona.

1423 3921 1606 4051 H
1610 3938 1685 3981 ec
1716 3926 1817 3981 est
1847 3918 2033 3999 virgo
2064 3918 2328 3999 sapiens
2371 3928 2437 3981 et
2488 3940 2621 3983 una

1610 4006 1695 4069 de
1728 4025 2001 4068 numero
2033 4006 2453 4087 prudentum.
2515 4016 2617 4089 pf.

1421 4094 1753 4159 Dominus
1829 4096 2145 4175 regnavit.
2236 4095 2299 4157 A
2311 4104 2370 4160 ἥ.
2446 4095 2620 4160 Veni

1657 4217 1678 4245 ⁸
1710 4230 1801 4280 pro
1830 4220 1844 4243 ⁸
1862 4215 1995 4265 enim
2015 4216 2027 4237 ’
2051 4214 2223 4265 fmtres
2247 4233 2258 4266 :
2293 4216 2357 4267 G.

1660 4285 1678 4312 ⁷
1712 4281 2055 4346 comparavit:
2091 4282 2153 4330 R.

1658 4351 1679 4378 ⁸
1718 4349 1831 4395 ‘ut'
1856 4362 1983 4396 om.:
2020 4346 2290 4396 E.G.N.S.

1656 4416 1679 4443 ⁹
1714 4428 1805 4477 pro
1833 4419 1847 4440 ⁴
1865 4412 2028 4476 Ager’
2054 4412 2165 4476 Age
2193 4430 2204 4462 ε
2240 4412 2291 4462 S.

1630 4480 1667 4511 ²⁰
1700 4488 1871 4528 eterno
1888 4478 2171 4529 desiderio:
2209 4479 2271 4527 R.

2324 4559 2369 4609 F
