3117 4959
896 245 1178 302 INDEX
1216 245 1275 302 Α
1278 244 1349 300 Ν
1350 243 1407 300 Τ
1397 244 1559 300 IPH
1554 244 1784 303 ONAR
1791 247 1944 304 HM.-

695 352 829 408 841

153 471 239 522 Ne
262 485 435 521 cursus
457 469 521 520 ad
544 479 763 534 superne,
792 467 923 533 18312

151 540 237 588 Νι
254 554 437 587 cursus
458 537 527 586 ad
542 543 739 600 superos
759 537 946 595 animo,
971 548 1063 598 301

151 605 237 653 Ne
259 603 555 667 magnitudo
576 602 948 662 revelationum,
970 602 1071 666 360

152 670 239 719 Ne
262 678 485 719 recentes
506 667 715 727 flosculi,
742 667 873 716 181n

149 736 235 786 Ne
258 743 465 784 recentes
474 734 681 798 flosculi
696 734 953 793 virtutem,
975 745 1075 796 299

151 802 237 850 Ne
258 800 589 850 reminiscaris
610 799 831 860 domine,
854 798 969 861 287,
996 811 1091 864 931

146 867 233 916 Ne
252 874 555 931 sampsorum
575 865 751 925 dalila,
774 877 873 928 299

151 934 238 982 Ne
261 947 525 982 sansonem
549 931 719 991 dalila,
746 929 879 980 181n

149 999 237 1047 Ne
258 1000 437 1048 timeas
459 997 638 1062 asacie
656 1012 842 1057 mne,
866 1008 965 1061 332

152 1065 239 1113 Ne
262 1064 441 1113 timeas
462 1063 619 1112 maxia
640 1062 888 1122 invenisti,
924 1061 983 1112 18

148 1130 234 1179 Ne
256 1131 435 1179 timeas
456 1130 623 1177 maria
644 1129 888 1178 invenisti
909 1131 999 1190 (1),
1026 1140 1127 1190 234

150 1196 240 1244 Ne
264 1196 443 1245 timeas
464 1195 621 1244 maria
641 1194 874 1243 invenisti
898 1197 989 1256 (2),
1016 1194 1115 1257 675

150 1261 269 1310 Nec
294 1261 347 1310 in
371 1277 529 1326 agnos
550 1260 757 1309 sustinet
778 1261 943 1324 lupos,
969 1269 1063 1308 122

148 1327 429 1376 Neminem
452 1325 675 1376 dixeritis
697 1325 956 1386 visionem,
980 1335 1077 1388 297

149 1393 325 1442 Nemo
348 1401 399 1442 te
420 1391 788 1451 condemnavit,
812 1401 907 1454 327

146 1459 327 1508 Nemo
348 1459 491 1508 tollet
512 1473 545 1506 a
564 1473 647 1507 me
666 1456 904 1516 animam,
932 1465 1030 1522 372

147 1525 477 1589 Nepharium
500 1531 667 1573 tamen
686 1524 837 1587 apud,
871 1532 965 1586 154

146 1591 435 1654 Nequando
456 1589 626 1654 rapiat
644 1596 705 1637 ut
724 1590 809 1649 leo,
832 1587 935 1638 660

148 1657 405 1706 Nesciens
426 1663 583 1704 mater
605 1655 745 1718 virgo
764 1655 943 1714 virum,
962 1666 1030 1716 92

148 1723 329 1786 Nigra
350 1737 465 1770 sum
486 1722 572 1770 sed
573 1721 799 1786 formosa
804 1721 947 1784 filia,
968 1720 1031 1769 61

150 1788 327 1837 Nimis
349 1787 593 1837 exaltatus
614 1802 667 1835 es
687 1785 905 1846 alleluia,
930 1785 1031 1848 484

57 1861 59 1866 ’
152 1853 271 1903 Nisi
292 1869 393 1918 ego
414 1853 587 1902 abiero
607 1852 889 1916 paraclitus,
909 1861 1026 1914 475,
1048 1860 1147 1913 497

148 1919 285 1968 Nisi
296 1935 525 1983 granum
530 1918 797 1983 flumenta
814 1918 1002 1977 cadens,
1032 1928 1094 1981 25

148 1985 502 2034 Nobilissimis
522 1985 765 2048 siquidem
786 1984 1056 2042 natalibus,
1088 1995 1181 2032 100

149 2052 285 2100 Noli
306 2067 386 2100 me
404 2051 739 2114 derelinquere
750 2057 899 2113 pater
915 2056 1094 2108 sancte,
1115 2048 1209 2108 461

56 2125 69 2136 ·
150 2117 286 2166 Noli
306 2133 385 2165 me
404 2123 603 2180 tangere
621 2115 759 2164 dixit
776 2115 1025 2173 dominus,
1048 2126 1147 2176 399

150 2183 335 2232 Nolite
354 2183 579 2244 judicare
598 2189 655 2231 ut
676 2196 779 2230 non
798 2179 1105 2242 judicemini,
1127 2180 1229 2242 623

152 2249 335 2298 Nolite
358 2247 557 2297 solliciti
576 2262 689 2296 esse
711 2247 949 2306 dicentes,
971 2245 1071 2308 638

148 2315 329 2364 Nolite
348 2315 525 2363 timere
540 2331 557 2362 .·
588 2314 770 2376 quinta
790 2313 943 2371 enim,
973 2321 1062 2372 127

148 2382 329 2430 Nolite
348 2380 555 2428 timere:
586 2395 687 2427 non
708 2379 1085 2442 separabuntur,
1115 2388 1209 2440 139

150 2446 281 2495 Non
303 2445 553 2494 auferetur
574 2452 821 2508 sceptrum
847 2447 938 2506 (1),
966 2441 1033 2505 38

150 2513 279 2561 Non
302 2510 551 2560 auferetur
572 2517 821 2575 sceptrum
847 2513 937 2572 (2),
967 2519 1063 2570 732

148 2579 277 2627 Non
300 2577 563 2640 auferetur
582 2583 823 2640 sceptrum
842 2575 899 2624 de
908 2575 1044 2639 juda
1068 2576 1160 2636 (1),
1182 2585 1281 2635 242

148 2646 279 2693 Non
299 2658 385 2706 ego
408 2651 453 2691 te
472 2643 632 2691 desero
634 2642 733 2706 fili
745 2656 763 2689 .·
796 2656 963 2704 neque,
986 2640 1080 2700 461

150 2711 204 2758 N
208 2725 281 2758 011
306 2709 445 2757 enim
466 2708 600 2757 misit
624 2708 747 2757 deus
768 2706 943 2766 filium,
969 2705 1065 2768 508

150 2776 279 2825 Non
304 2781 383 2824 αἱ
404 2774 487 2824 hic
509 2773 645 2822 aliud
668 2773 761 2822 nisi
784 2773 977 2832 domus,
1000 2771 1099 2834 659

150 2844 279 2891 Non
301 2847 377 2891 est
398 2842 637 2889 inventus
656 2839 841 2888 similis·
862 2839 961 2897 illi,
982 2837 1049 2897 48

153 2908 281 2956 Non
304 2906 517 2955 haberes
538 2906 591 2954 in
614 2919 695 2954 me
718 2911 1029 2969 potestatem,
1055 2902 1153 2966 369

151 2974 281 3022 Non
306 2973 359 3021 in
384 2972 494 3021 solo
583 2987 647 3020 ne
668 2969 806 3030 vivit,
830 2980 928 3032 279

152 3039 283 3088 Νο11
306 3039 424 3088 licet
448 3037 515 3085 m'
558 3037 569 3047 '
594 3036 771 3096 facere,
795 3048 891 3098 243

152 3106 283 3154 Non
310 3103 429 3153 lotis
450 3103 681 3152 manibus
700 3102 1017 3160 manducare,
1037 3112 1135 3162 324

148 3173 279 3220 Non
303 3186 381 3219 me
394 3169 659 3233 permittas
677 3169 773 3217 ᾰῆι
778 3166 1063 3231 famulum,
1085 3178 1151 3227 92

146 3238 279 3285 Non
304 3237 427 3285 meis
450 3235 639 3284 metitis
658 3235 828 3282 advos
851 3249 940 3292 me,
972 3242 1067 3294 717

146 3303 343 3352 Nonne
362 3302 499 3350 vides
519 3307 711 3364 quauta
730 3300 813 3358 sit,
836 3311 937 3360 444

148 3370 349 3417 Nonne
373 3375 448 3416 est
470 3367 564 3415 iste
585 3364 735 3414 david
758 3365 825 3414 de
844 3380 963 3428 qu0,
987 3373 1014 3426 5
1022 3373 1084 3426 59

148 3435 281 3483 Non
306 3441 471 3498 potest
494 3431 644 3480 arbor
662 3431 795 3480 bona
818 3431 1019 3489 fructus,
1045 3428 1145 3489 629

150 3502 281 3549 Non
304 3515 417 3548 sum
440 3499 617 3546 missus
638 3497 751 3556 nisi,
774 3508 870 3559 303

150 3567 283 3614 Non
308 3573 423 3614 sunt
446 3563 643 3627 loquele
664 3577 827 3626 neque
848 3575 1115 3620 sermones,
1139 3569 1235 3622 747

150 3631 283 3680 Non
308 3631 535 3679 turbetur
556 3644 641 3678 cor
665 3637 897 3686 vestrum,
919 3627 1021 3687 484

146 3699 281 3747 Non
306 3697 540 3745 turbetur
557 3711 641 3744 cor
658 3700 897 3752 vestrum,
920 3692 1019 3742 268

150 3766 281 3812 A’on
303 3764 499 3812 veritus
520 3760 765 3809 incredule
778 3760 961 3823 gentis,
982 3757 1083 3819 604

147 3830 279 3879 Non
302 3845 387 3878 vos
409 3843 485 3876 me
504 3827 729 3890 elegistis,
764 3837 785 3874 1

150 3897 281 3945 Non
308 3909 397 3943 vos
420 3891 695 3957 relinquam
718 3890 969 3956 orphanos
990 3889 1122 3949 all’a,
1145 3899 1241 3951 497

148 3963 362 4011 Norunt
386 3959 601 4008 infantes
624 3957 841 4016 laudare,
877 3969 972 4018 114

148 4028 269 4076 Nos
294 4033 465 4074 autem
486 4023 687 4088 gloriari
709 4030 923 4086 oportet,
945 4034 1044 4083 942

144 4095 263 4142 Nos
286 4098 455 4140 autem
472 4090 694 4154 gloriari
712 4094 907 4152 oportet,
938 4097 1033 4150 555

146 4160 271 4208 Nos
294 4157 383 4222 qui
406 4156 619 4205 vivimus
641 4154 998 4212 benedicimuS,
1022 4152 1120 4213 876

144 4227 263 4274 Nos
283 4223 487 4272 scientes
504 4229 732 4270 sanctum
756 4235 947 4279 nomen,
973 4230 1072 4280 710

144 4290 336 4342 Nostri
360 4288 515 4353 patris
536 4288 591 4337 in
614 4286 849 4346 misteri0,
880 4296 974 4347 179

144 4355 345 4408 Nostri
352 4355 526 4420 patris
549 4355 607 4402 in
630 4353 865 4402 natalitio
886 4353 1023 4411 letas,
1046 4359 1141 4414 297

149 4425 356 4473 Notum
380 4420 497 4471 fecit
519 4419 769 4478 dominus,
798 4417 861 4468 82

1976 353 2132 409 842

1461 467 1743 520 Novissime
1761 485 1876 520 vero
1895 472 2112 521 veniunt
2131 478 2178 521 et
2199 471 2396 537 relique,
2420 481 2484 536 73

1462 534 1582 583 Nox
1605 537 1804 586 recessit
1824 537 1934 587 ‘dies
1955 545 2138 598 autem,
2167 547 2262 600 747

1459 601 1618 649 Nunc
1637 617 1748 666 ergo
1769 619 1946 652 nomen
1964 604 2174 662 domini,
2199 613 2297 665 217

1461 665 1513 714 N
1516 667 1706 742 unquid
1729 669 1950 718 redditur
1971 685 2064 733 pro
2087 669 2238 730 bone,
2267 679 2360 733 351

1462 732 1653 796 Nuptie
1674 732 1803 784 facte
1823 742 1939 784 sunt
1961 733 2014 784 in
2036 735 2214 795 chana,
2236 747 2331 797 217

1462 797 1656 862 Nuptie
1678 799 1880 864 quidem
1903 809 2074 865 parate
2095 809 2210 851 sunt
2231 801 2338 862 sed,
2365 801 2464 864 644

1464 1060 1511 1109 0
1541 1063 1591 1110 A
1597 1062 2028 1114 DMJRABJLE
2047 1065 2178 1114 beati
2189 1065 2426 1130 gregorii,
2449 1078 2550 1116 220

1462 1127 1511 1175 Ο
1534 1128 1829 1179 admirabile
1850 1132 2210 1192 commertium,
2239 1143 2333 1195 143

1461 1191 1513 1241 Ο
1535 1193 1769 1258 Adonay,
1799 1205 1862 1259 57

1461 1258 1511 1308 0
1534 1259 1682 1309 beata
1703 1262 1968 1310 benedicta
1985 1261 2217 1326 gloriosa,
2243 1263 2342 1326 526

1465 1323 1511 1372 0
1532 1325 1670 1374 beata
1689 1327 1856 1376 cecilia
1871 1342 1892 1375 .·
2037 1328 2158 1377 duos
2164 1327 2378 1392 fratres,
2407 1338 2504 1392 713

1460 1389 1511 1438 Ο
1536 1391 1682 1440 beata
1703 1399 1755 1441 et
1777 1344 2040 1442 benesstea
2061 1402 2128 1452 et,
2155 1394 2255 1457 526

1462 1454 1510 1508 Ο
1530 1457 1661 1506 beate
1680 1458 1880 1521 dionysi
1889 1474 1907 1507 .·
1941 1474 2126 1522 magna
2144 1466 2229 1518 est,
2257 1459 2358 1509 610

1464 1525 1511 1573 0
1530 1523 1724 1571 beatum
1737 1524 2017 1588 pontificem
2039 1525 2134 1590 qui
2153 1525 2280 1585 totis,
2308 1524 2408 1574 688

1464 1591 1511 1639 0
1539 1589 1733 1637 clansti
1739 1589 1903 1652 pietas
1916 1604 1934 1637 .·
1965 1591 2108 1640 omni
2114 1591 2469 1655 prosequenda,
2502 1601 2592 1652 107

1461 1655 1511 1706 Ο
1534 1654 1689 1703 clavis
1710 1654 1878 1714 david,
1909 1665 1970 1718 57

1464 1721 1511 1770 0
1531 1736 1662 1768 crux
1681 1720 1996 1770 admirabilis
2017 1723 2286 1782 evacuatio,
2317 1731 2415 1786 559

1466 1787 1511 1836 0
1529 1801 1662 1834 crux
1681 1786 1922 1834 benedicta
1940 1801 1958 1834 .·
1989 1787 2114 1850 quia
2135 1787 2194 1836 in
2215 1794 2276 1848 te,
2305 1799 2420 1849 270,
2450 1797 2548 1852 552

1467 1853 1511 1900 0
1532 1867 1662 1899 cmx
1679 1851 1984 1914 splendidior
2002 1854 2191 1902 cunctis
2212 1855 2380 1914 astris,
2408 1863 2505 1916 275

1462 1918 1511 1967 Ο
1535 1917 1738 1966 domine
1759 1917 1950 1966 salvum
1975 1933 2056 1967 me
2079 1918 2172 1978 fac,
2200 1917 2299 1981 278

1462 1983 1512 2032 Ο
1538 1982 1782 2032 Emanuel
1805 1997 1905 2042 rex,
1935 1982 1999 2046 58

1469 2050 1512 2098 0
1528 2049 1736 2112 gloriosi
1753 2050 1972 2112 apostoli,
1991 2061 2026 2097 ’1

1464 2115 1510 2163 0
1532 2113 1828 2178 ineffabilem
1849 2115 2024 2162 virum
2037 2122 2148 2178 per,
2177 2125 2292 2178 374,
2321 2125 2434 2178 377.
2462 2116 2560 2178 68⁷

1466 2181 1511 2229 0
1534 2195 1710 2242 magne
1719 2181 1899 2243 presul
1916 2181 2162 2230 cuthberte
2181 2183 2284 2241 cui,
2314 2195 2412 2243 229

1468 2246 1513 2295 0
1534 2261 1774 2309 magnum
1787 2247 1996 2310 pietatis
2015 2253 2136 2310 opus
2159 2263 2304 2308 mors,
2337 2259 2435 2311 559

1468 2312 1513 2361 0
1536 2312 1754 2360 martine
1771 2326 1788 2361 :
1821 2312 1984 2376 opie:
2014 2314 2350 2378 quampiam,
2379 2313 2481 2363 680

1463 2378 1512 2427 Ο
1536 2392 1670 2426 111015
1691 2391 1778 2426 ero
1800 2393 1934 2426 mors
1955 2385 2058 2437 tua,
2084 2392 2179 2439 401

1461 2443 1512 2493 Ο
1536 2442 1713 2492 mulier
1737 2459 1918 2507 magna
1940 2453 2031 2504 est,
2061 2456 2160 2507 303
2225 2465 2233 2475 ·

1464 2509 1513 2558 Ο
1535 2508 1702 2557 oriens
1725 2509 1979 2572 splendor,
2009 2520 2073 2573 57

1468 2575 1513 2623 O
1526 2581 1703 2638 pastor
1721 2582 1884 2624 eterne
1899 2589 1918 2623 .·
1949 2591 1977 2624 o
1998 2577 2204 2625 clemens
2223 2583 2270 2624 et
2290 2577 2421 2636 bone,
2457 2590 2552 2626 100

1467 2641 1512 2690 0
1523 2647 1623 2704 per
1639 2641 1810 2689 omnia
1831 2641 2130 2690 laudabilem
2149 2643 2340 2702 virum,
2375 2643 2468 2691 106

1469 2706 1513 2755 0
1524 2707 1689 2769 pietas
1711 2707 1952 2755 immensa
1972 2706 2055 2755 dei
2073 2707 2373 2771 bonitasque,
2402 2717 2501 2768 407

1463 2772 1512 2820 Ο
1536 2787 1686 2835 quam
1709 2770 2003 2821 admirabile
2024 2779 2098 2822 est
2121 2787 2321 2832 nomen,
2348 2784 2412 2835 95

1468 2839 1513 2885 0
1532 2853 1684 2900 quam
1701 2837 1972 2901 gloriosum
1993 2845 2064 2886 est
2084 2853 2310 2901 regnum,
2338 2839 2438 2899 647

1468 2903 1513 2952 0
1533 2919 1686 2966 quam
1698 2903 1917 2967 pulchra
1937 2909 2009 2952 est
2027 2911 2176 2963 easta,
2203 2903 2265 2952 61

1465 2969 1514 3018 Ο
1538 2983 1688 3032 quam
1713 2969 2006 3018 metuendus
2027 2977 2102 3018 est
2127 2969 2282 3030 locus,
2311 2968 2410 3032 658

1464 3035 1513 3084 O
1536 3049 1688 3098 quam
1711 3034 1878 3083 suavis
1899 3041 1975 3084 est
1997 3035 2096 3084 dne
2119 3035 2334 3098 spiritus,
2366 3046 2464 3098 530

1468 3101 1512 3148 0
1532 3107 1724 3163 quanta
1744 3100 1825 3146 vis
1843 3101 2031 3149 amoris
2049 3101 2219 3165 hujus,
2244 3113 2338 3161 401

1467 3166 1512 3214 0
1532 3171 1755 3228 quantus
1774 3166 1938 3214 luctus
1958 3167 2205 3226 omnium,
2230 3166 2329 3227 687

1464 3230 1514 3281 Ο
1538 3231 1678 3279 radix
1697 3229 1845 3294 jesse,
1874 3241 1937 3294 57

1463 3296 1513 3347 Ο
1536 3312 1624 3345 rex
1644 3295 1882 3359 gentium,
1913 3294 1977 3360 58

1464 3363 1513 3412 O
1538 3378 1623 3410 rex
1646 3362 1804 3425 glorie
1829 3362 1930 3412 dhe
1953 3361 2202 3423 virtutum,
2230 3363 2324 3424 481

1465 3429 1513 3478 Ο
1537 3443 1624 3476 rex
1645 3427 1858 3491 gloriose
1881 3427 2009 3482 inter
2031 3437 2244 3488 52110105,
2275 3441 2371 3490 272

1465 3495 1513 3542 Ο
1537 3509 1730 3542 sacrum
1753 3492 2041 3544 convivium
2063 3495 2115 3544 in
2138 3510 2255 3559 qu0‚
2286 3507 2384 3559 539

1464 3560 1513 3609 Ο
1538 3560 1798 3622 sapientia,
1829 3570 1890 3624 57

1468 3626 1513 3674 0
1541 3626 1731 3673 Thomu
1753 3626 1936 3676 dedime
1947 3633 2045 3690 per
2061 3628 2241 3685 Xtum,
2276 3639 2368 3688 124

1464 3692 1514 3741 O
1540 3707 1655 3739 vera
1677 3707 1870 3740 summa
1891 3693 2192 3756 sempiterna
2217 3695 2307 3755 (1),
2339 3693 2436 3756 526

1465 3757 1514 3806 O
1538 3773 1656 3805 vera
1677 3773 1871 3806 summa
1893 3759 2194 3822 sempiterna
2217 3762 2307 3820 (2),
2337 3759 2434 3823 526

1464 3824 1514 3873 O
1538 3823 1680 3886 virgo
1703 3822 1963 3886 virginum,
1995 3824 2057 3887 58

1470 3889 1514 3938 0
1532 3891 1672 3952 virgo
1691 3889 1952 3952 virginum
1974 3891 2206 3953 quomodo
2214 3891 2325 3954 fiet,
2354 3902 2450 3953 243

1470 3955 1515 4004 0
1534 3956 1708 4003 virum
1731 3955 2023 4018 ineffabilem
2045 3971 2146 4014 nec,
2173 3955 2271 4016 687

1466 4021 1515 4070 Ο
1540 4036 1629 4069 vos
1649 4035 1824 4069 omnes
1846 4019 1930 4084 qui
1957 4020 2188 4080 transitis,
2214 4032 2310 4082 401

1468 4086 1517 4135 O
1541 4085 1773 4135 willelme
1798 4095 1967 4150 pastor
1989 4087 2134 4146 bone,
2171 4087 2259 4150 185
2285 4103 2338 4135 n.

1473 4152 1516 4200 0
1536 4153 1746 4200 wilelme
1759 4159 1933 4214 pastor
1952 4152 2083 4211 bone,
2115 4165 2211 4214 303

1468 4217 1683 4267 Oblatus
1705 4228 1779 4265 est
1801 4218 1918 4281 quia
1940 4219 2046 4281 ipse
2071 4219 2240 4276 voluit,
2271 4217 2368 4280 382

1474 4283 1710 4331 Obtinuit
1729 4283 1862 4331 euim
1887 4284 2022 4331 illud
2038 4285 2290 4347 sapientis,
2321 4295 2416 4346 527

1472 4348 1775 4398 Obtulerunt
1800 4348 2029 4412 discipuli
2054 4350 2275 4408 domino,
2303 4360 2399 4410 417

1478 4415 1776 4463 obtulerunt
1787 4422 1884 4478 pro
1905 4432 1956 4463 co
1977 4416 2174 4464 domino
2188 4424 2307 4479 par,
2345 4415 2437 4464 182
