<?xml version="1.0" encoding="UTF-8"?>
<!DOCTYPE html PUBLIC "-//W3C//DTD XHTML 1.0 Transitional//EN"
    "http://www.w3.org/TR/xhtml1/DTD/xhtml1-transitional.dtd">
<html xmlns="http://www.w3.org/1999/xhtml" xml:lang="en" lang="en">
 <head>
  <title>
</title>
<meta http-equiv="Content-Type" content="text/html;charset=utf-8" />
  <meta name='ocr-system' content='tesseract 3.04.00' />
  <meta name='ocr-capabilities' content='ocr_page ocr_carea ocr_par ocr_line ocrx_word'/>
</head>
<body>
  <div class='ocr_page' id='page_1' title='image "breviariumadusu03yorkgoog_0412.png"; bbox 0 0 3117 4959; ppageno 0'>
   <div class='ocr_carea' id='block_1_1' title="bbox 1070 246 1718 317">
    <p class='ocr_par' dir='ltr' id='par_1_1' title="bbox 1070 246 1718 317">
     <span class='ocr_line' id='line_1_1' title="bbox 1070 246 1718 317; baseline 0.003 -16"><span class='ocrx_word' id='word_1_1' title='bbox 1070 246 1443 304; x_wconf 75' lang='lat' dir='ltr'><em>NOMJNJS</em></span> <span class='ocrx_word' id='word_1_2' title='bbox 1487 246 1718 317; x_wconf 81' lang='lat' dir='ltr'>JESU.</span> 
     </span>
    </p>
   </div>
   <div class='ocr_carea' id='block_1_2' title="bbox 678 355 823 410">
    <p class='ocr_par' dir='ltr' id='par_1_2' title="bbox 678 355 823 410">
     <span class='ocr_line' id='line_1_2' title="bbox 678 355 823 410; baseline 0.021 -3"><span class='ocrx_word' id='word_1_3' title='bbox 678 355 823 410; x_wconf 79' lang='grc'>778</span> 
     </span>
    </p>
   </div>
   <div class='ocr_carea' id='block_1_3' title="bbox 98 454 1408 4228">
    <p class='ocr_par' dir='ltr' id='par_1_3' title="bbox 98 454 1408 4228">
     <span class='ocr_line' id='line_1_3' title="bbox 148 454 1343 567; baseline -0.006 -46"><span class='ocrx_word' id='word_1_4' title='bbox 148 460 361 567; x_wconf 82' lang='lat' dir='ltr'>Hoc</span> <span class='ocrx_word' id='word_1_5' title='bbox 385 457 497 520; x_wconf 91' lang='lat' dir='ltr'>tibi</span> <span class='ocrx_word' id='word_1_6' title='bbox 526 456 908 517; x_wconf 84' lang='lat' dir='ltr'>electuarium</span> <span class='ocrx_word' id='word_1_7' title='bbox 940 457 1125 517; x_wconf 88' lang='lat' dir='ltr'>habes</span> <span class='ocrx_word' id='word_1_8' title='bbox 1154 475 1192 515; x_wconf 94' lang='lat' dir='ltr'>o</span> <span class='ocrx_word' id='word_1_9' title='bbox 1220 454 1343 515; x_wconf 88' lang='lat' dir='ltr'>ani-</span> 
     </span>
     <span class='ocr_line' id='line_1_4' title="bbox 286 535 1347 598; baseline -0.002 -1"><span class='ocrx_word' id='word_1_10' title='bbox 286 558 382 597; x_wconf 87' lang='lat' dir='ltr'>ma</span> <span class='ocrx_word' id='word_1_11' title='bbox 410 556 547 598; x_wconf 88' lang='lat' dir='ltr'>mea</span> <span class='ocrx_word' id='word_1_12' title='bbox 584 535 957 597; x_wconf 90' lang='lat' dir='ltr'>reconditum</span> <span class='ocrx_word' id='word_1_13' title='bbox 999 536 1059 594; x_wconf 89' lang='lat' dir='ltr'>in</span> <span class='ocrx_word' id='word_1_14' title='bbox 1104 536 1347 595; x_wconf 88' lang='lat' dir='ltr'>vasculo</span> 
     </span>
     <span class='ocr_line' id='line_1_5' title="bbox 148 615 1347 691; baseline -0.005 -13"><span class='ocrx_word' id='word_1_15' title='bbox 148 617 420 685; x_wconf 77' lang='lat' dir='ltr'>vocabuli</span> <span class='ocrx_word' id='word_1_16' title='bbox 486 616 662 691; x_wconf 83' lang='lat' dir='ltr'>hujus</span> <span class='ocrx_word' id='word_1_17' title='bbox 730 615 895 691; x_wconf 87' lang='lat' dir='ltr'>quod</span> <span class='ocrx_word' id='word_1_18' title='bbox 970 624 1059 673; x_wconf 86' lang='lat' dir='ltr'>est</span> <span class='ocrx_word' id='word_1_19' title='bbox 1125 617 1299 691; x_wconf 84' lang='lat' dir='ltr'>Jesus</span> <span class='ocrx_word' id='word_1_20' title='bbox 1332 634 1347 672; x_wconf 79' lang='lat' dir='ltr'>t</span> 
     </span>
     <span class='ocr_line' id='line_1_6' title="bbox 148 691 1344 769; baseline -0.006 -13"><span class='ocrx_word' id='word_1_21' title='bbox 148 696 511 756; x_wconf 86' lang='lat' dir='ltr'>salutiferum</span> <span class='ocrx_word' id='word_1_22' title='bbox 552 706 713 753; x_wconf 91' lang='lat' dir='ltr'>certe</span> <span class='ocrx_word' id='word_1_23' title='bbox 741 694 1028 769; x_wconf 89' lang='lat' dir='ltr'>quodque</span> <span class='ocrx_word' id='word_1_24' title='bbox 1054 691 1201 753; x_wconf 90' lang='lat' dir='ltr'>nulli</span> <span class='ocrx_word' id='word_1_25' title='bbox 1232 710 1344 751; x_wconf 90' lang='lat' dir='ltr'>un-</span> 
     </span>
     <span class='ocr_line' id='line_1_7' title="bbox 152 770 1345 852; baseline -0.005 -17"><span class='ocrx_word' id='word_1_26' title='bbox 152 794 333 852; x_wconf 86' lang='lat' dir='ltr'>quam</span> <span class='ocrx_word' id='word_1_27' title='bbox 360 774 514 850; x_wconf 90' lang='lat' dir='ltr'>pesti</span> <span class='ocrx_word' id='word_1_28' title='bbox 556 784 656 832; x_wconf 91' lang='lat' dir='ltr'>tue</span> <span class='ocrx_word' id='word_1_29' title='bbox 700 771 1031 831; x_wconf 85' lang='lat' dir='ltr'>inveniatur</span> <span class='ocrx_word' id='word_1_30' title='bbox 1056 770 1345 831; x_wconf 86' lang='lat' dir='ltr'>inefficax.</span> 
     </span>
     <span class='ocr_line' id='line_1_8' title="bbox 154 848 1352 929; baseline -0.007 -14"><span class='ocrx_word' id='word_1_31' title='bbox 154 857 401 929; x_wconf 86' lang='lat' dir='ltr'>Semper</span> <span class='ocrx_word' id='word_1_32' title='bbox 426 851 536 912; x_wconf 79' lang='lat' dir='ltr'>tibi</span> <span class='ocrx_word' id='word_1_33' title='bbox 579 850 641 910; x_wconf 92' lang='lat' dir='ltr'>in</span> <span class='ocrx_word' id='word_1_34' title='bbox 688 850 821 910; x_wconf 89' lang='lat' dir='ltr'>sinu</span> <span class='ocrx_word' id='word_1_35' title='bbox 865 850 976 909; x_wconf 90' lang='lat' dir='ltr'>sit:</span> <span class='ocrx_word' id='word_1_36' title='bbox 1016 868 1249 926; x_wconf 85' lang='lat' dir='ltr'>semper</span> <span class='ocrx_word' id='word_1_37' title='bbox 1288 848 1352 907; x_wconf 91' lang='lat' dir='ltr'>in</span> 
     </span>
     <span class='ocr_line' id='line_1_9' title="bbox 153 927 1351 1005; baseline -0.005 -13"><span class='ocrx_word' id='word_1_38' title='bbox 153 951 335 991; x_wconf 89' lang='lat' dir='ltr'>manu</span> <span class='ocrx_word' id='word_1_39' title='bbox 364 941 422 991; x_wconf 93' lang='lat' dir='ltr'>et</span> <span class='ocrx_word' id='word_1_40' title='bbox 450 950 659 990; x_wconf 89' lang='lat' dir='ltr'>omnes</span> <span class='ocrx_word' id='word_1_41' title='bbox 700 927 785 989; x_wconf 90' lang='lat' dir='ltr'>tui</span> <span class='ocrx_word' id='word_1_42' title='bbox 814 928 875 987; x_wconf 90' lang='lat' dir='ltr'>in</span> <span class='ocrx_word' id='word_1_43' title='bbox 904 930 1111 1005; x_wconf 89' lang='lat' dir='ltr'>Jesum</span> <span class='ocrx_word' id='word_1_44' title='bbox 1141 946 1351 987; x_wconf 90' lang='lat' dir='ltr'>sensus</span> 
     </span>
     <span class='ocr_line' id='line_1_10' title="bbox 156 1006 1355 1087; baseline -0.006 -16"><span class='ocrx_word' id='word_1_45' title='bbox 156 1011 481 1087; x_wconf 86' lang='lat' dir='ltr'>dirigantur</span> <span class='ocrx_word' id='word_1_46' title='bbox 506 1020 567 1069; x_wconf 91' lang='lat' dir='ltr'>et</span> <span class='ocrx_word' id='word_1_47' title='bbox 592 1019 773 1068; x_wconf 76' lang='lat' dir='ltr'>actus,</span> <span class='ocrx_word' id='word_1_48' title='bbox 858 1009 958 1066; x_wconf 92' lang='lat' dir='ltr'>Ad</span> <span class='ocrx_word' id='word_1_49' title='bbox 978 1008 1094 1066; x_wconf 93' lang='lat' dir='ltr'>hoc</span> <span class='ocrx_word' id='word_1_50' title='bbox 1120 1018 1179 1065; x_wconf 92' lang='lat' dir='ltr'>te</span> <span class='ocrx_word' id='word_1_51' title='bbox 1207 1006 1355 1065; x_wconf 90' lang='lat' dir='ltr'>invi-</span> 
     </span>
     <span class='ocr_line' id='line_1_11' title="bbox 154 1084 1352 1161; baseline -0.005 -12"><span class='ocrx_word' id='word_1_52' title='bbox 154 1101 243 1149; x_wconf 87' lang='lat' dir='ltr'>tat</span> <span class='ocrx_word' id='word_1_53' title='bbox 272 1107 407 1148; x_wconf 90' lang='lat' dir='ltr'>cum</span> <span class='ocrx_word' id='word_1_54' title='bbox 436 1087 601 1148; x_wconf 85' lang='lat' dir='ltr'>dixit.</span> <span class='ocrx_word' id='word_1_55' title='bbox 684 1088 851 1146; x_wconf 92' lang='lat' dir='ltr'>Pone</span> <span class='ocrx_word' id='word_1_56' title='bbox 868 1104 965 1145; x_wconf 92' lang='lat' dir='ltr'>me</span> <span class='ocrx_word' id='word_1_57' title='bbox 992 1096 1059 1145; x_wconf 89' lang='lat' dir='ltr'>ut</span> <span class='ocrx_word' id='word_1_58' title='bbox 1084 1084 1352 1161; x_wconf 86' lang='lat' dir='ltr'>signacu-</span> 
     </span>
     <span class='ocr_line' id='line_1_12' title="bbox 156 1163 1357 1241; baseline -0.005 -14"><span class='ocrx_word' id='word_1_59' title='bbox 156 1171 285 1228; x_wconf 86' lang='lat' dir='ltr'>lum</span> <span class='ocrx_word' id='word_1_60' title='bbox 328 1166 391 1225; x_wconf 91' lang='lat' dir='ltr'>in</span> <span class='ocrx_word' id='word_1_61' title='bbox 433 1167 616 1226; x_wconf 89' lang='lat' dir='ltr'>corde</span> <span class='ocrx_word' id='word_1_62' title='bbox 660 1176 763 1225; x_wconf 90' lang='lat' dir='ltr'>tuo</span> <span class='ocrx_word' id='word_1_63' title='bbox 792 1175 857 1224; x_wconf 89' lang='lat' dir='ltr'>ut</span> <span class='ocrx_word' id='word_1_64' title='bbox 884 1164 1253 1241; x_wconf 82' lang='lat' dir='ltr'><strong>signaculum</strong></span> <span class='ocrx_word' id='word_1_65' title='bbox 1292 1163 1357 1221; x_wconf 91' lang='lat' dir='ltr'>in</span> 
     </span>
     <span class='ocr_line' id='line_1_13' title="bbox 155 1243 1359 1321; baseline -0.007 -14"><span class='ocrx_word' id='word_1_66' title='bbox 155 1245 419 1308; x_wconf 89' lang='lat' dir='ltr'>brachio.</span> <span class='ocrx_word' id='word_1_67' title='bbox 506 1244 607 1305; x_wconf 92' lang='lat' dir='ltr'>Sic</span> <span class='ocrx_word' id='word_1_68' title='bbox 655 1262 793 1321; x_wconf 87' lang='lat' dir='ltr'>ergo</span> <span class='ocrx_word' id='word_1_69' title='bbox 841 1245 1025 1302; x_wconf 89' lang='lat' dir='ltr'>habes</span> <span class='ocrx_word' id='word_1_70' title='bbox 1080 1243 1245 1301; x_wconf 92' lang='lat' dir='ltr'>unde</span> <span class='ocrx_word' id='word_1_71' title='bbox 1300 1252 1359 1299; x_wconf 93' lang='lat' dir='ltr'>et</span> 
     </span>
     <span class='ocr_line' id='line_1_14' title="bbox 154 1321 1361 1387; baseline -0.007 -1"><span class='ocrx_word' id='word_1_72' title='bbox 154 1324 407 1387; x_wconf 89' lang='lat' dir='ltr'>brachio</span> <span class='ocrx_word' id='word_1_73' title='bbox 434 1322 724 1383; x_wconf 85' lang='lat' dir='ltr'>medearis</span> <span class='ocrx_word' id='word_1_74' title='bbox 772 1333 833 1381; x_wconf 90' lang='lat' dir='ltr'>et</span> <span class='ocrx_word' id='word_1_75' title='bbox 878 1321 1057 1382; x_wconf 86' lang='lat' dir='ltr'>cordi.</span> <span class='ocrx_word' id='word_1_76' title='bbox 1149 1321 1361 1379; x_wconf 89' lang='lat' dir='ltr'>Habes</span> 
     </span>
     <span class='ocr_line' id='line_1_15' title="bbox 156 1400 1361 1479; baseline -0.007 -15"><span class='ocrx_word' id='word_1_77' title='bbox 156 1406 405 1479; x_wconf 90' lang='lat' dir='ltr'>inquam</span> <span class='ocrx_word' id='word_1_78' title='bbox 446 1402 511 1461; x_wconf 92' lang='lat' dir='ltr'>in</span> <span class='ocrx_word' id='word_1_79' title='bbox 550 1400 793 1461; x_wconf 87' lang='lat' dir='ltr'>nomine</span> <span class='ocrx_word' id='word_1_80' title='bbox 834 1402 977 1474; x_wconf 89' lang='lat' dir='ltr'>Jesu</span> <span class='ocrx_word' id='word_1_81' title='bbox 1022 1400 1185 1458; x_wconf 90' lang='lat' dir='ltr'>unde</span> <span class='ocrx_word' id='word_1_82' title='bbox 1226 1410 1361 1457; x_wconf 84' lang='lat' dir='ltr'>tuos</span> 
     </span>
     <span class='ocr_line' id='line_1_16' title="bbox 158 1476 1363 1557; baseline -0.007 -14"><span class='ocrx_word' id='word_1_83' title='bbox 158 1494 332 1544; x_wconf 85' lang='lat' dir='ltr'>actus</span> <span class='ocrx_word' id='word_1_84' title='bbox 372 1482 469 1541; x_wconf 90' lang='lat' dir='ltr'>vel</span> <span class='ocrx_word' id='word_1_85' title='bbox 512 1498 725 1557; x_wconf 87' lang='lat' dir='ltr'>pravos</span> <span class='ocrx_word' id='word_1_86' title='bbox 764 1478 1019 1555; x_wconf 87' lang='lat' dir='ltr'>corrigas</span> <span class='ocrx_word' id='word_1_87' title='bbox 1045 1478 1139 1537; x_wconf 90' lang='lat' dir='ltr'>vel</span> <span class='ocrx_word' id='word_1_88' title='bbox 1168 1476 1363 1535; x_wconf 84' lang='lat' dir='ltr'>minus</span> 
     </span>
     <span class='ocr_line' id='line_1_17' title="bbox 158 1558 1365 1639; baseline -0.007 -16"><span class='ocrx_word' id='word_1_89' title='bbox 158 1562 458 1639; x_wconf 85' lang='lat' dir='ltr'>perfectos</span> <span class='ocrx_word' id='word_1_90' title='bbox 540 1558 867 1634; x_wconf 87' lang='lat' dir='ltr'>adimpleas</span> <span class='ocrx_word' id='word_1_91' title='bbox 904 1579 917 1615; x_wconf 90' lang='lat'>:</span> <span class='ocrx_word' id='word_1_92' title='bbox 1000 1558 1162 1615; x_wconf 90' lang='lat' dir='ltr'>unde</span> <span class='ocrx_word' id='word_1_93' title='bbox 1228 1568 1365 1615; x_wconf 91' lang='lat' dir='ltr'>tuos</span> 
     </span>
     <span class='ocr_line' id='line_1_18' title="bbox 160 1644 1369 1711; baseline -0.007 -10"><span class='ocrx_word' id='word_1_94' title='bbox 160 1658 376 1701; x_wconf 86' lang='lat' dir='ltr'>sensus</span> <span class='ocrx_word' id='word_1_95' title='bbox 432 1649 496 1697; x_wconf 92' lang='lat' dir='ltr'>ut</span> <span class='ocrx_word' id='word_1_96' title='bbox 550 1655 747 1697; x_wconf 90' lang='lat' dir='ltr'>serves</span> <span class='ocrx_word' id='word_1_97' title='bbox 800 1654 878 1696; x_wconf 88' lang='lat' dir='ltr'>ne</span> <span class='ocrx_word' id='word_1_98' title='bbox 920 1644 1369 1711; x_wconf 86' lang='lat' dir='ltr'>corrumpantur</span> 
     </span>
     <span class='ocr_line' id='line_1_19' title="bbox 159 1714 1368 1793; baseline -0.008 -13"><span class='ocrx_word' id='word_1_99' title='bbox 159 1730 269 1780; x_wconf 89' lang='lat' dir='ltr'>aut</span> <span class='ocrx_word' id='word_1_100' title='bbox 306 1717 353 1777; x_wconf 92' lang='lat' dir='ltr'>si</span> <span class='ocrx_word' id='word_1_101' title='bbox 390 1727 843 1793; x_wconf 84' lang='lat' dir='ltr'>corrumpantur</span> <span class='ocrx_word' id='word_1_102' title='bbox 869 1733 1055 1773; x_wconf 76' lang='lat' dir='ltr'>sanes,</span> <span class='ocrx_word' id='word_1_103' title='bbox 1102 1714 1159 1773; x_wconf 92' lang='lat' dir='ltr'>O</span> <span class='ocrx_word' id='word_1_104' title='bbox 1188 1732 1368 1789; x_wconf 90' lang='lat' dir='ltr'>quam</span> 
     </span>
     <span class='ocr_line' id='line_1_20' title="bbox 160 1792 1367 1877; baseline -0.006 -21"><span class='ocrx_word' id='word_1_105' title='bbox 160 1798 416 1877; x_wconf 89' lang='lat' dir='ltr'>pulcher</span> <span class='ocrx_word' id='word_1_106' title='bbox 454 1814 519 1855; x_wconf 90' lang='lat' dir='ltr'>es</span> <span class='ocrx_word' id='word_1_107' title='bbox 560 1793 783 1871; x_wconf 83' lang='lat' dir='ltr'>angelis</span> <span class='ocrx_word' id='word_1_108' title='bbox 812 1793 927 1853; x_wconf 89' lang='lat' dir='ltr'>tuis</span> <span class='ocrx_word' id='word_1_109' title='bbox 956 1792 1197 1851; x_wconf 90' lang='lat' dir='ltr'>domine</span> <span class='ocrx_word' id='word_1_110' title='bbox 1224 1793 1367 1868; x_wconf 90' lang='lat' dir='ltr'>Jesu</span> 
     </span>
     <span class='ocr_line' id='line_1_21' title="bbox 160 1870 1362 1936; baseline -0.006 0"><span class='ocrx_word' id='word_1_111' title='bbox 160 1878 225 1936; x_wconf 89' lang='lat' dir='ltr'>in</span> <span class='ocrx_word' id='word_1_112' title='bbox 264 1878 452 1935; x_wconf 87' lang='lat' dir='ltr'>forma</span> <span class='ocrx_word' id='word_1_113' title='bbox 495 1872 635 1933; x_wconf 87' lang='lat' dir='ltr'>dei:</span> <span class='ocrx_word' id='word_1_114' title='bbox 678 1870 739 1930; x_wconf 87' lang='lat' dir='ltr'>in</span> <span class='ocrx_word' id='word_1_115' title='bbox 782 1872 881 1931; x_wconf 93' lang='lat' dir='ltr'>die</span> <span class='ocrx_word' id='word_1_116' title='bbox 909 1870 1233 1931; x_wconf 89' lang='lat' dir='ltr'>eternitatis</span> <span class='ocrx_word' id='word_1_117' title='bbox 1262 1881 1362 1929; x_wconf 88' lang='lat' dir='ltr'>tue</span> 
     </span>
     <span class='ocr_line' id='line_1_22' title="bbox 158 1946 1368 2031; baseline -0.007 -17"><span class='ocrx_word' id='word_1_118' title='bbox 158 1957 223 2014; x_wconf 91' lang='lat' dir='ltr'>in</span> <span class='ocrx_word' id='word_1_119' title='bbox 256 1951 674 2031; x_wconf 88' lang='lat' dir='ltr'>splendoribus</span> <span class='ocrx_word' id='word_1_120' title='bbox 702 1962 1039 2010; x_wconf 86' lang='lat' dir='ltr'>sanctorum</span> <span class='ocrx_word' id='word_1_121' title='bbox 1060 1960 1201 2009; x_wconf 88' lang='lat' dir='ltr'>ante</span> <span class='ocrx_word' id='word_1_122' title='bbox 1223 1946 1368 2006; x_wconf 85' lang='lat' dir='ltr'>luci-</span> 
     </span>
     <span class='ocr_line' id='line_1_23' title="bbox 158 2028 1373 2107; baseline -0.007 -14"><span class='ocrx_word' id='word_1_123' title='bbox 158 2038 357 2095; x_wconf 84' lang='lat' dir='ltr'>ferum</span> <span class='ocrx_word' id='word_1_124' title='bbox 423 2030 656 2107; x_wconf 87' lang='lat' dir='ltr'>genitus</span> <span class='ocrx_word' id='word_1_125' title='bbox 724 2029 1007 2106; x_wconf 83' lang='lat' dir='ltr'>splendor</span> <span class='ocrx_word' id='word_1_126' title='bbox 1074 2037 1133 2087; x_wconf 90' lang='lat' dir='ltr'>et</span> <span class='ocrx_word' id='word_1_127' title='bbox 1187 2028 1373 2103; x_wconf 87' lang='lat' dir='ltr'>figura</span> 
     </span>
     <span class='ocr_line' id='line_1_24' title="bbox 160 2106 1374 2185; baseline -0.008 -12"><span class='ocrx_word' id='word_1_128' title='bbox 160 2134 233 2173; x_wconf 88' lang='lat' dir='ltr'>su</span> <span class='ocrx_word' id='word_1_129' title='bbox 240 2110 497 2170; x_wconf 89' lang='lat' dir='ltr'>bstantie</span> <span class='ocrx_word' id='word_1_130' title='bbox 516 2107 694 2185; x_wconf 88' lang='lat' dir='ltr'>patris</span> <span class='ocrx_word' id='word_1_131' title='bbox 712 2118 773 2166; x_wconf 90' lang='lat' dir='ltr'>et</span> <span class='ocrx_word' id='word_1_132' title='bbox 789 2106 1031 2183; x_wconf 89' lang='lat' dir='ltr'>quidem</span> <span class='ocrx_word' id='word_1_133' title='bbox 1050 2118 1374 2182; x_wconf 84' lang='lat' dir='ltr'>perpetuus</span> 
     </span>
     <span class='ocr_line' id='line_1_25' title="bbox 161 2182 1373 2265; baseline -0.008 -14"><span class='ocrx_word' id='word_1_134' title='bbox 161 2190 535 2265; x_wconf 88' lang='lat' dir='ltr'>minimeque</span> <span class='ocrx_word' id='word_1_135' title='bbox 620 2188 851 2246; x_wconf 84' lang='lat' dir='ltr'>fucatus</span> <span class='ocrx_word' id='word_1_136' title='bbox 946 2186 1174 2244; x_wconf 89' lang='lat' dir='ltr'>candor</span> <span class='ocrx_word' id='word_1_137' title='bbox 1252 2182 1373 2242; x_wconf 88' lang='lat' dir='ltr'>vite</span> 
     </span>
     <span class='ocr_line' id='line_1_26' title="bbox 164 2262 1375 2344; baseline -0.009 -14"><span class='ocrx_word' id='word_1_138' title='bbox 164 2281 375 2331; x_wconf 89' lang='lat' dir='ltr'>eterne</span> <span class='ocrx_word' id='word_1_139' title='bbox 457 2284 637 2344; x_wconf 90' lang='lat' dir='ltr'>quam</span> <span class='ocrx_word' id='word_1_140' title='bbox 718 2262 898 2323; x_wconf 91' lang='lat' dir='ltr'>michi</span> <span class='ocrx_word' id='word_1_141' title='bbox 980 2264 1233 2324; x_wconf 89' lang='lat' dir='ltr'>decorus</span> <span class='ocrx_word' id='word_1_142' title='bbox 1308 2280 1375 2320; x_wconf 90' lang='lat' dir='ltr'>es</span> 
     </span>
     <span class='ocr_line' id='line_1_27' title="bbox 172 2340 1379 2420; baseline -0.009 -10"><span class='ocrx_word' id='word_1_143' title='bbox 172 2346 427 2410; x_wconf 86' lang='lat' dir='ltr'>domine</span> <span class='ocrx_word' id='word_1_144' title='bbox 474 2345 555 2403; x_wconf 91' lang='lat' dir='ltr'>mi</span> <span class='ocrx_word' id='word_1_145' title='bbox 602 2344 665 2402; x_wconf 91' lang='lat' dir='ltr'>in</span> <span class='ocrx_word' id='word_1_146' title='bbox 708 2343 839 2420; x_wconf 87' lang='lat' dir='ltr'>ipsa</span> <span class='ocrx_word' id='word_1_147' title='bbox 878 2344 1055 2418; x_wconf 88' lang='lat' dir='ltr'>hujus</span> <span class='ocrx_word' id='word_1_148' title='bbox 1084 2340 1379 2418; x_wconf 89' lang='lat' dir='ltr'>positione</span> 
     </span>
     <span class='ocr_line' id='line_1_28' title="bbox 175 2417 1379 2487; baseline -0.008 0"><span class='ocrx_word' id='word_1_149' title='bbox 175 2424 416 2487; x_wconf 83' lang='lat' dir='ltr'>decoris</span> <span class='ocrx_word' id='word_1_150' title='bbox 485 2421 712 2482; x_wconf 83' lang='lat' dir='ltr'>eterni¹</span> <span class='ocrx_word' id='word_1_151' title='bbox 784 2420 888 2481; x_wconf 86' lang='lat' dir='ltr'>ubi</span> <span class='ocrx_word' id='word_1_152' title='bbox 942 2432 1002 2480; x_wconf 94' lang='lat' dir='ltr'>te</span> <span class='ocrx_word' id='word_1_153' title='bbox 1066 2417 1379 2480; x_wconf 84' lang='lat' dir='ltr'>exinanisti</span> 
     </span>
     <span class='ocr_line' id='line_1_29' title="bbox 173 2498 1380 2566; baseline -0.009 0"><span class='ocrx_word' id='word_1_154' title='bbox 173 2505 288 2566; x_wconf 89' lang='lat' dir='ltr'>ubi</span> <span class='ocrx_word' id='word_1_155' title='bbox 338 2502 702 2561; x_wconf 89' lang='lat' dir='ltr'>naturalibus</span> <span class='ocrx_word' id='word_1_156' title='bbox 735 2498 914 2559; x_wconf 88' lang='lat' dir='ltr'>radiis</span> <span class='ocrx_word' id='word_1_157' title='bbox 942 2501 1142 2558; x_wconf 91' lang='lat' dir='ltr'>lumen</span> <span class='ocrx_word' id='word_1_158' title='bbox 1172 2498 1380 2557; x_wconf 87' lang='lat' dir='ltr'>indefi-</span> 
     </span>
     <span class='ocr_line' id='line_1_30' title="bbox 174 2576 1382 2651; baseline -0.007 -7"><span class='ocrx_word' id='word_1_159' title='bbox 174 2584 349 2645; x_wconf 89' lang='lat' dir='ltr'>ciens</span> <span class='ocrx_word' id='word_1_160' title='bbox 403 2580 669 2640; x_wconf 87' lang='lat' dir='ltr'>exivisti:</span> <span class='ocrx_word' id='word_1_161' title='bbox 732 2577 818 2638; x_wconf 89' lang='lat' dir='ltr'>ibi</span> <span class='ocrx_word' id='word_1_162' title='bbox 884 2576 1095 2637; x_wconf 88' lang='lat' dir='ltr'>caritas</span> <span class='ocrx_word' id='word_1_163' title='bbox 1116 2577 1141 2613; x_wconf 79' lang='lat'>²</span> <span class='ocrx_word' id='word_1_164' title='bbox 1195 2576 1382 2651; x_wconf 90' lang='lat' dir='ltr'>magis</span> 
     </span>
     <span class='ocr_line' id='line_1_31' title="bbox 98 2654 1381 2733; baseline -0.01 -8"><span class='ocrx_word' id='word_1_165' title='bbox 98 2676 103 2679; x_wconf 82' lang='lat'>&#39;</span> <span class='ocrx_word' id='word_1_166' title='bbox 178 2660 467 2724; x_wconf 87' lang='lat' dir='ltr'>emicuit:</span> <span class='ocrx_word' id='word_1_167' title='bbox 523 2657 607 2718; x_wconf 92' lang='lat' dir='ltr'>ibi</span> <span class='ocrx_word' id='word_1_168' title='bbox 647 2655 895 2717; x_wconf 72' lang='lat' dir='ltr'>caritas³</span> <span class='ocrx_word' id='word_1_169' title='bbox 940 2658 1071 2733; x_wconf 90' lang='lat' dir='ltr'>plus</span> <span class='ocrx_word' id='word_1_170' title='bbox 1128 2654 1381 2715; x_wconf 83' lang='lat' dir='ltr'>effulsit:</span> 
     </span>
     <span class='ocr_line' id='line_1_32' title="bbox 176 2734 1381 2814; baseline -0.009 -12"><span class='ocrx_word' id='word_1_171' title='bbox 176 2741 267 2803; x_wconf 91' lang='lat' dir='ltr'>ibi</span> <span class='ocrx_word' id='word_1_172' title='bbox 313 2737 565 2814; x_wconf 89' lang='lat' dir='ltr'>amplius</span> <span class='ocrx_word' id='word_1_173' title='bbox 608 2736 793 2814; x_wconf 86' lang='lat' dir='ltr'>gratia</span> <span class='ocrx_word' id='word_1_174' title='bbox 836 2734 1094 2795; x_wconf 88' lang='lat' dir='ltr'>radiavit.</span> <span class='ocrx_word' id='word_1_175' title='bbox 1182 2735 1381 2808; x_wconf 86' lang='lat' dir='ltr'>Quam</span> 
     </span>
     <span class='ocr_line' id='line_1_33' title="bbox 178 2814 1383 2887; baseline -0.007 -8"><span class='ocrx_word' id='word_1_176' title='bbox 178 2822 345 2880; x_wconf 88' lang='lat' dir='ltr'>clara</span> <span class='ocrx_word' id='word_1_177' title='bbox 391 2815 572 2875; x_wconf 89' lang='lat' dir='ltr'>michi</span> <span class='ocrx_word' id='word_1_178' title='bbox 618 2815 801 2875; x_wconf 88' lang='lat' dir='ltr'>oritur</span> <span class='ocrx_word' id='word_1_179' title='bbox 842 2815 1008 2873; x_wconf 88' lang='lat' dir='ltr'>stella</span> <span class='ocrx_word' id='word_1_180' title='bbox 1051 2832 1125 2872; x_wconf 83' lang='lat' dir='ltr'>ex</span> <span class='ocrx_word' id='word_1_181' title='bbox 1164 2814 1383 2887; x_wconf 84' lang='lat' dir='ltr'>jacob:</span> 
     </span>
     <span class='ocr_line' id='line_1_34' title="bbox 180 2891 1387 2976; baseline -0.007 -19"><span class='ocrx_word' id='word_1_182' title='bbox 180 2916 371 2976; x_wconf 87' lang='lat' dir='ltr'>quam</span> <span class='ocrx_word' id='word_1_183' title='bbox 426 2894 655 2953; x_wconf 87' lang='lat' dir='ltr'>lucidus</span> <span class='ocrx_word' id='word_1_184' title='bbox 704 2895 815 2953; x_wconf 89' lang='lat' dir='ltr'>flos</span> <span class='ocrx_word' id='word_1_185' title='bbox 858 2893 936 2951; x_wconf 92' lang='lat' dir='ltr'>de</span> <span class='ocrx_word' id='word_1_186' title='bbox 978 2891 1179 2952; x_wconf 89' lang='lat' dir='ltr'>radice</span> <span class='ocrx_word' id='word_1_187' title='bbox 1230 2892 1387 2966; x_wconf 87' lang='lat' dir='ltr'>jesse</span> 
     </span>
     <span class='ocr_line' id='line_1_35' title="bbox 180 2968 1389 3053; baseline -0.011 -15"><span class='ocrx_word' id='word_1_188' title='bbox 180 2973 483 3053; x_wconf 86' lang='lat' dir='ltr'>egrederis</span> <span class='ocrx_word' id='word_1_189' title='bbox 520 2992 700 3049; x_wconf 89' lang='lat' dir='ltr'>quam</span> <span class='ocrx_word' id='word_1_190' title='bbox 741 2970 1070 3048; x_wconf 78' lang='lat' dir='ltr'>Jocundum</span> <span class='ocrx_word' id='word_1_191' title='bbox 1096 2971 1297 3029; x_wconf 89' lang='lat' dir='ltr'>lumen</span> <span class='ocrx_word' id='word_1_192' title='bbox 1326 2968 1389 3027; x_wconf 93' lang='lat' dir='ltr'>in</span> 
     </span>
     <span class='ocr_line' id='line_1_36' title="bbox 180 3047 1386 3117; baseline -0.008 -2"><span class='ocrx_word' id='word_1_193' title='bbox 180 3052 451 3117; x_wconf 85' lang='lat' dir='ltr'>tenebris</span> <span class='ocrx_word' id='word_1_194' title='bbox 498 3050 746 3111; x_wconf 83' lang='lat' dir='ltr'>visitasti</span> <span class='ocrx_word' id='word_1_195' title='bbox 790 3068 887 3109; x_wconf 92' lang='lat' dir='ltr'>me</span> <span class='ocrx_word' id='word_1_196' title='bbox 928 3047 1121 3108; x_wconf 88' lang='lat' dir='ltr'>oriens</span> <span class='ocrx_word' id='word_1_197' title='bbox 1150 3068 1225 3107; x_wconf 79' lang='lat' dir='ltr'>ex</span> <span class='ocrx_word' id='word_1_198' title='bbox 1248 3049 1386 3106; x_wconf 91' lang='lat' dir='ltr'>alto.</span> 
     </span>
     <span class='ocr_line' id='line_1_37' title="bbox 188 3124 1387 3209; baseline -0.007 -18"><span class='ocrx_word' id='word_1_199' title='bbox 188 3137 393 3209; x_wconf 88' lang='lat' dir='ltr'>Quam</span> <span class='ocrx_word' id='word_1_200' title='bbox 417 3130 755 3207; x_wconf 90' lang='lat' dir='ltr'>spectabilis</span> <span class='ocrx_word' id='word_1_201' title='bbox 783 3140 844 3189; x_wconf 92' lang='lat' dir='ltr'>et</span> <span class='ocrx_word' id='word_1_202' title='bbox 864 3128 1191 3204; x_wconf 90' lang='lat' dir='ltr'>stupendus</span> <span class='ocrx_word' id='word_1_203' title='bbox 1212 3124 1387 3186; x_wconf 89' lang='lat' dir='ltr'>etiam</span> 
     </span>
     <span class='ocr_line' id='line_1_38' title="bbox 187 3206 1391 3285; baseline -0.007 -13"><span class='ocrx_word' id='word_1_204' title='bbox 187 3210 509 3273; x_wconf 86' lang='lat' dir='ltr'>virtutibus</span> <span class='ocrx_word' id='word_1_205' title='bbox 552 3206 821 3285; x_wconf 88' lang='lat' dir='ltr'>supernis</span> <span class='ocrx_word' id='word_1_206' title='bbox 868 3206 927 3267; x_wconf 88' lang='lat' dir='ltr'>in</span> <span class='ocrx_word' id='word_1_207' title='bbox 976 3216 1271 3281; x_wconf 90' lang='lat' dir='ltr'>conceptu</span> <span class='ocrx_word' id='word_1_208' title='bbox 1312 3206 1391 3264; x_wconf 93' lang='lat' dir='ltr'>de</span> 
     </span>
     <span class='ocr_line' id='line_1_39' title="bbox 184 3283 1391 3367; baseline -0.007 -17"><span class='ocrx_word' id='word_1_209' title='bbox 184 3289 420 3367; x_wconf 86' lang='lat' dir='ltr'>virgine</span> <span class='ocrx_word' id='word_1_210' title='bbox 453 3311 466 3348; x_wconf 92' lang='lat'><strong>:</strong></span> <span class='ocrx_word' id='word_1_211' title='bbox 508 3288 568 3346; x_wconf 88' lang='lat' dir='ltr'>in</span> <span class='ocrx_word' id='word_1_212' title='bbox 596 3286 713 3347; x_wconf 87' lang='lat' dir='ltr'>vite</span> <span class='ocrx_word' id='word_1_213' title='bbox 742 3283 1115 3345; x_wconf 85' lang='lat' dir='ltr'>innocentia⁴</span> <span class='ocrx_word' id='word_1_214' title='bbox 1158 3284 1218 3343; x_wconf 90' lang='lat' dir='ltr'>in</span> <span class='ocrx_word' id='word_1_215' title='bbox 1246 3284 1391 3343; x_wconf 87' lang='lat' dir='ltr'>doc-</span> 
     </span>
     <span class='ocr_line' id='line_1_40' title="bbox 188 3361 1393 3431; baseline -0.008 -1"><span class='ocrx_word' id='word_1_216' title='bbox 188 3368 349 3431; x_wconf 89' lang='lat' dir='ltr'>trine</span> <span class='ocrx_word' id='word_1_217' title='bbox 396 3364 695 3426; x_wconf 87' lang='lat' dir='ltr'>affiuentia</span> <span class='ocrx_word' id='word_1_218' title='bbox 735 3364 796 3423; x_wconf 89' lang='lat' dir='ltr'>in</span> <span class='ocrx_word' id='word_1_219' title='bbox 845 3361 1393 3423; x_wconf 87' lang='lat' dir='ltr'>choruscationibus</span> 
     </span>
     <span class='ocr_line' id='line_1_41' title="bbox 182 3441 1395 3509; baseline -0.009 0"><span class='ocrx_word' id='word_1_220' title='bbox 182 3446 613 3509; x_wconf 81' lang='lat' dir='ltr'>miraculorum</span> <span class='ocrx_word' id='word_1_221' title='bbox 641 3444 706 3503; x_wconf 86' lang='lat' dir='ltr'>in</span> <span class='ocrx_word' id='word_1_222' title='bbox 733 3441 1189 3503; x_wconf 84' lang='lat' dir='ltr'>revelationibus</span> <span class='ocrx_word' id='word_1_223' title='bbox 1206 3459 1395 3501; x_wconf 88' lang='lat' dir='ltr'>sacra-</span> 
     </span>
     <span class='ocr_line' id='line_1_42' title="bbox 187 3521 1395 3598; baseline -0.007 -11"><span class='ocrx_word' id='word_1_224' title='bbox 187 3535 553 3587; x_wconf 88' lang='lat' dir='ltr'>mentorum.</span> <span class='ocrx_word' id='word_1_225' title='bbox 632 3524 829 3598; x_wconf 91' lang='lat' dir='ltr'>Quam</span> <span class='ocrx_word' id='word_1_226' title='bbox 858 3521 1103 3580; x_wconf 89' lang='lat' dir='ltr'>rutilans</span> <span class='ocrx_word' id='word_1_227' title='bbox 1132 3530 1269 3597; x_wconf 91' lang='lat' dir='ltr'>post</span> <span class='ocrx_word' id='word_1_228' title='bbox 1296 3539 1395 3579; x_wconf 48' lang='lat' dir='ltr'>oc*-</span> 
     </span>
     <span class='ocr_line' id='line_1_43' title="bbox 188 3600 1398 3677; baseline -0.008 -11"><span class='ocrx_word' id='word_1_229' title='bbox 188 3622 407 3666; x_wconf 90' lang='lat' dir='ltr'>casum</span> <span class='ocrx_word' id='word_1_230' title='bbox 448 3603 541 3661; x_wconf 92' lang='lat' dir='ltr'>sol</span> <span class='ocrx_word' id='word_1_231' title='bbox 581 3600 817 3677; x_wconf 85' lang='lat' dir='ltr'>justicie</span> <span class='ocrx_word' id='word_1_232' title='bbox 871 3601 949 3660; x_wconf 90' lang='lat' dir='ltr'>de</span> <span class='ocrx_word' id='word_1_233' title='bbox 1010 3600 1192 3659; x_wconf 89' lang='lat' dir='ltr'>corde</span> <span class='ocrx_word' id='word_1_234' title='bbox 1246 3608 1398 3657; x_wconf 89' lang='lat' dir='ltr'>terre</span> 
     </span>
     <span class='ocr_line' id='line_1_44' title="bbox 188 3676 1399 3759; baseline -0.008 -14"><span class='ocrx_word' id='word_1_235' title='bbox 188 3680 469 3759; x_wconf 87' lang='lat' dir='ltr'>resurgis.</span> <span class='ocrx_word' id='word_1_236' title='bbox 515 3699 695 3757; x_wconf 91' lang='lat' dir='ltr'>quam</span> <span class='ocrx_word' id='word_1_237' title='bbox 740 3681 1034 3739; x_wconf 85' lang='lat' dir='ltr'>formosus</span> <span class='ocrx_word' id='word_1_238' title='bbox 1083 3677 1143 3735; x_wconf 93' lang='lat' dir='ltr'>in</span> <span class='ocrx_word' id='word_1_239' title='bbox 1200 3678 1353 3736; x_wconf 90' lang='lat' dir='ltr'>stola</span> <span class='ocrx_word' id='word_1_240' title='bbox 1372 3676 1399 3713; x_wconf 78' lang='lat'><strong>⁶</strong></span> 
     </span>
     <span class='ocr_line' id='line_1_45' title="bbox 190 3756 1402 3835; baseline -0.009 -11"><span class='ocrx_word' id='word_1_241' title='bbox 190 3775 303 3825; x_wconf 87' lang='lat' dir='ltr'>tua</span> <span class='ocrx_word' id='word_1_242' title='bbox 332 3762 572 3820; x_wconf 90' lang='lat' dir='ltr'>demum</span> <span class='ocrx_word' id='word_1_243' title='bbox 597 3758 703 3817; x_wconf 85' lang='lat' dir='ltr'>rex</span> <span class='ocrx_word' id='word_1_244' title='bbox 720 3757 904 3835; x_wconf 90' lang='lat' dir='ltr'>glorie</span> <span class='ocrx_word' id='word_1_245' title='bbox 920 3756 982 3815; x_wconf 89' lang='lat' dir='ltr'>in</span> <span class='ocrx_word' id='word_1_246' title='bbox 1000 3758 1121 3816; x_wconf 88' lang='lat' dir='ltr'>alta</span> <span class='ocrx_word' id='word_1_247' title='bbox 1138 3757 1402 3815; x_wconf 90' lang='lat' dir='ltr'>celorum</span> 
     </span>
     <span class='ocr_line' id='line_1_46' title="bbox 192 3834 1401 3914; baseline -0.008 -12"><span class='ocrx_word' id='word_1_248' title='bbox 192 3854 260 3902; x_wconf 91' lang='lat' dir='ltr'>te</span> <span class='ocrx_word' id='word_1_249' title='bbox 289 3838 522 3914; x_wconf 78' lang='lat' dir='ltr'>recipis,</span> <span class='ocrx_word' id='word_1_250' title='bbox 606 3838 808 3911; x_wconf 89' lang='lat' dir='ltr'>Quare</span> <span class='ocrx_word' id='word_1_251' title='bbox 849 3854 971 3894; x_wconf 92' lang='lat' dir='ltr'>non</span> <span class='ocrx_word' id='word_1_252' title='bbox 1014 3853 1123 3911; x_wconf 91' lang='lat' dir='ltr'>pro</span> <span class='ocrx_word' id='word_1_253' title='bbox 1152 3834 1244 3894; x_wconf 91' lang='lat' dir='ltr'>his</span> <span class='ocrx_word' id='word_1_254' title='bbox 1271 3854 1401 3894; x_wconf 91' lang='lat' dir='ltr'>om-</span> 
     </span>
     <span class='ocr_line' id='line_1_47' title="bbox 192 3912 1404 3980; baseline -0.006 0"><span class='ocrx_word' id='word_1_255' title='bbox 192 3920 381 3980; x_wconf 89' lang='lat' dir='ltr'>nibus</span> <span class='ocrx_word' id='word_1_256' title='bbox 410 3914 611 3976; x_wconf 91' lang='lat' dir='ltr'>omnia</span> <span class='ocrx_word' id='word_1_257' title='bbox 652 3934 788 3975; x_wconf 91' lang='lat' dir='ltr'>ossa</span> <span class='ocrx_word' id='word_1_258' title='bbox 829 3933 963 3974; x_wconf 87' lang='lat' dir='ltr'>mea</span> <span class='ocrx_word' id='word_1_259' title='bbox 1009 3912 1210 3973; x_wconf 88' lang='lat' dir='ltr'>dicent</span> <span class='ocrx_word' id='word_1_260' title='bbox 1242 3936 1253 3971; x_wconf 97' lang='lat'><strong>:</strong></span> <span class='ocrx_word' id='word_1_261' title='bbox 1297 3914 1404 3973; x_wconf 90' lang='lat' dir='ltr'>do-</span> 
     </span>
     <span class='ocr_line' id='line_1_48' title="bbox 195 3992 1406 4072; baseline -0.006 -14"><span class='ocrx_word' id='word_1_262' title='bbox 195 3998 365 4059; x_wconf 86' lang='lat' dir='ltr'>mine</span> <span class='ocrx_word' id='word_1_263' title='bbox 421 3994 553 4072; x_wconf 90' lang='lat' dir='ltr'>quis</span> <span class='ocrx_word' id='word_1_264' title='bbox 608 3994 814 4054; x_wconf 89' lang='lat' dir='ltr'>similis</span> <span class='ocrx_word' id='word_1_265' title='bbox 868 3992 1000 4053; x_wconf 84' lang='lat' dir='ltr'>tui?</span> <span class='ocrx_word' id='word_1_266' title='bbox 1080 3994 1186 4050; x_wconf 86' lang='lat' dir='ltr'>Re.</span> <span class='ocrx_word' id='word_1_267' title='bbox 1230 3993 1406 4067; x_wconf 87' lang='lat' dir='ltr'>Jesus</span> 
     </span>
     <span class='ocr_line' id='line_1_49' title="bbox 192 4070 1408 4149; baseline -0.006 -12"><span class='ocrx_word' id='word_1_268' title='bbox 192 4092 529 4137; x_wconf 85' lang='lat' dir='ltr'>nazarenus</span> <span class='ocrx_word' id='word_1_269' title='bbox 566 4092 669 4132; x_wconf 84' lang='lat' dir='ltr'>rex</span> <span class='ocrx_word' id='word_1_270' title='bbox 707 4073 1025 4149; x_wconf 88' lang='lat' dir='ltr'>judeorum</span> <span class='ocrx_word' id='word_1_271' title='bbox 1052 4070 1134 4130; x_wconf 87' lang='lat' dir='ltr'>fili</span> <span class='ocrx_word' id='word_1_272' title='bbox 1164 4070 1263 4130; x_wconf 85' lang='lat' dir='ltr'>dei</span> <span class='ocrx_word' id='word_1_273' title='bbox 1290 4070 1408 4130; x_wconf 90' lang='lat' dir='ltr'>vivi</span> 
     </span>
     <span class='ocr_line' id='line_1_50' title="bbox 194 4147 1408 4228; baseline -0.007 -11"><span class='ocrx_word' id='word_1_274' title='bbox 194 4156 481 4217; x_wconf 87' lang='lat' dir='ltr'>miserere</span> <span class='ocrx_word' id='word_1_275' title='bbox 508 4152 625 4211; x_wconf 92' lang='lat' dir='ltr'>mei</span> <span class='ocrx_word' id='word_1_276' title='bbox 651 4155 795 4228; x_wconf 92' lang='lat' dir='ltr'>Jesu</span> <span class='ocrx_word' id='word_1_277' title='bbox 823 4150 906 4210; x_wconf 87' lang='lat' dir='ltr'>fili</span> <span class='ocrx_word' id='word_1_278' title='bbox 928 4147 1107 4210; x_wconf 90' lang='lat' dir='ltr'>david</span> <span class='ocrx_word' id='word_1_279' title='bbox 1134 4148 1408 4209; x_wconf 88' lang='lat' dir='ltr'>miserere</span> 
     </span>
    </p>
   </div>
   <div class='ocr_carea' id='block_1_4' title="bbox 1956 354 2094 408">
    <p class='ocr_par' dir='ltr' id='par_1_4' title="bbox 1956 354 2094 408">
     <span class='ocr_line' id='line_1_51' title="bbox 1956 354 2094 408; baseline -0.007 -1"><span class='ocrx_word' id='word_1_280' title='bbox 1956 354 2094 408; x_wconf 76' lang='lat'>774</span> 
     </span>
    </p>
   </div>
   <div class='ocr_carea' id='block_1_5' title="bbox 1440 454 2710 4219">
    <p class='ocr_par' dir='ltr' id='par_1_5' title="bbox 1440 454 2710 4219">
     <span class='ocr_line' id='line_1_52' title="bbox 1444 454 2646 517; baseline -0.002 -1"><span class='ocrx_word' id='word_1_281' title='bbox 1444 456 1580 517; x_wconf 90' lang='lat' dir='ltr'>mei.</span> <span class='ocrx_word' id='word_1_282' title='bbox 1665 459 1753 517; x_wconf 93' lang='lat' dir='ltr'>Ut</span> <span class='ocrx_word' id='word_1_283' title='bbox 1781 455 2017 517; x_wconf 88' lang='lat' dir='ltr'>videam</span> <span class='ocrx_word' id='word_1_284' title='bbox 2044 459 2410 517; x_wconf 88' lang='lat' dir='ltr'>voluntatem</span> <span class='ocrx_word' id='word_1_285' title='bbox 2439 454 2536 516; x_wconf 92' lang='lat' dir='ltr'>dei</span> <span class='ocrx_word' id='word_1_286' title='bbox 2566 456 2646 515; x_wconf 92' lang='lat' dir='ltr'>Et</span> 
     </span>
     <span class='ocr_line' id='line_1_53' title="bbox 1440 534 2648 613; baseline -0.002 -18"><span class='ocrx_word' id='word_1_287' title='bbox 1440 534 1674 596; x_wconf 82' lang='lat' dir='ltr'>visitem</span> <span class='ocrx_word' id='word_1_288' title='bbox 1701 538 1986 613; x_wconf 88' lang='lat' dir='ltr'>templum</span> <span class='ocrx_word' id='word_1_289' title='bbox 2015 537 2158 613; x_wconf 75' lang='lat' dir='ltr'>ejuS.</span> <span class='ocrx_word' id='word_1_290' title='bbox 2243 537 2296 612; x_wconf 70' lang='grc' dir='ltr'><strong><em>Ῡ</em></strong></span> <span class='ocrx_word' id='word_1_291' title='bbox 2336 535 2556 611; x_wconf 88' lang='lat' dir='ltr'>Aspice</span> <span class='ocrx_word' id='word_1_292' title='bbox 2583 535 2648 593; x_wconf 90' lang='lat' dir='ltr'>in</span> 
     </span>
     <span class='ocr_line' id='line_1_54' title="bbox 1444 612 2644 690; baseline -0.002 -17"><span class='ocrx_word' id='word_1_293' title='bbox 1444 634 1543 674; x_wconf 90' lang='lat' dir='ltr'>me</span> <span class='ocrx_word' id='word_1_294' title='bbox 1571 625 1633 674; x_wconf 91' lang='lat' dir='ltr'>et</span> <span class='ocrx_word' id='word_1_295' title='bbox 1659 614 2067 674; x_wconf 90' lang='lat' dir='ltr'>misereremei</span> <span class='ocrx_word' id='word_1_296' title='bbox 2083 615 2410 673; x_wconf 88' lang='lat' dir='ltr'>secundum</span> <span class='ocrx_word' id='word_1_297' title='bbox 2431 612 2644 690; x_wconf 88' lang='lat' dir='ltr'>judici-</span> 
     </span>
     <span class='ocr_line' id='line_1_55' title="bbox 1448 690 2647 769; baseline -0.002 -18"><span class='ocrx_word' id='word_1_298' title='bbox 1448 712 1551 751; x_wconf 91' lang='lat' dir='ltr'>um</span> <span class='ocrx_word' id='word_1_299' title='bbox 1592 692 1962 769; x_wconf 86' lang='lat' dir='ltr'>diligentium</span> <span class='ocrx_word' id='word_1_300' title='bbox 2002 711 2226 752; x_wconf 91' lang='lat' dir='ltr'>nomen</span> <span class='ocrx_word' id='word_1_301' title='bbox 2253 702 2420 751; x_wconf 87' lang='lat' dir='ltr'>tuum</span> <span class='ocrx_word' id='word_1_302' title='bbox 2461 690 2647 752; x_wconf 89' lang='lat' dir='ltr'>domi-</span> 
     </span>
     <span class='ocr_line' id='line_1_56' title="bbox 1450 770 2648 831; baseline -0.003 -1"><span class='ocrx_word' id='word_1_303' title='bbox 1450 792 1543 830; x_wconf 90' lang='lat' dir='ltr'>ne.</span> <span class='ocrx_word' id='word_1_304' title='bbox 1630 774 1718 831; x_wconf 91' lang='lat' dir='ltr'>Ut</span> <span class='ocrx_word' id='word_1_305' title='bbox 1745 772 2000 831; x_wconf 87' lang='lat' dir='ltr'>videam.</span> <span class='ocrx_word' id='word_1_306' title='bbox 2081 770 2301 831; x_wconf 87' lang='lat' dir='ltr'>Gloria.</span> <span class='ocrx_word' id='word_1_307' title='bbox 2385 772 2486 831; x_wconf 89' lang='lat' dir='ltr'>Ut.</span> <span class='ocrx_word' id='word_1_308' title='bbox 2567 772 2648 829; x_wconf 85' lang='lat' dir='ltr'>In</span> 
     </span>
     <span class='ocr_line' id='line_1_57' title="bbox 1449 850 2648 927; baseline -0.001 -18"><span class='ocrx_word' id='word_1_309' title='bbox 1449 852 1612 909; x_wconf 78' lang='lat' dir='ltr'>tm‘io</span> <span class='ocrx_word' id='word_1_310' title='bbox 1640 858 1912 910; x_wconf 77' lang='lat' dir='ltr'>nocturno</span> <span class='ocrx_word' id='word_1_311' title='bbox 1953 856 2052 909; x_wconf 79' lang='grc' dir='ltr'>αῆ.</span> <span class='ocrx_word' id='word_1_312' title='bbox 2099 852 2334 927; x_wconf 86' lang='lat' dir='ltr'>Adjuva</span> <span class='ocrx_word' id='word_1_313' title='bbox 2359 867 2472 909; x_wconf 91' lang='lat' dir='ltr'>nos</span> <span class='ocrx_word' id='word_1_314' title='bbox 2501 850 2648 909; x_wconf 88' lang='lat' dir='ltr'>deus</span> 
     </span>
     <span class='ocr_line' id='line_1_58' title="bbox 1454 928 2650 1005; baseline -0.003 -16"><span class='ocrx_word' id='word_1_315' title='bbox 1454 928 1721 989; x_wconf 83' lang='lat' dir='ltr'>salutaris</span> <span class='ocrx_word' id='word_1_316' title='bbox 1759 941 1999 988; x_wconf 84' lang='lat' dir='ltr'>noster:</span> <span class='ocrx_word' id='word_1_317' title='bbox 2039 940 2098 989; x_wconf 92' lang='lat' dir='ltr'>et</span> <span class='ocrx_word' id='word_1_318' title='bbox 2137 939 2378 1005; x_wconf 79' lang='lat' dir='ltr'>propter</span> <span class='ocrx_word' id='word_1_319' title='bbox 2404 928 2650 1005; x_wconf 87' lang='lat' dir='ltr'>gloriam</span> 
     </span>
     <span class='ocr_line' id='line_1_59' title="bbox 1454 1006 2653 1068; baseline 0.001 -2"><span class='ocrx_word' id='word_1_320' title='bbox 1454 1006 1714 1067; x_wconf 89' lang='lat' dir='ltr'>nominis</span> <span class='ocrx_word' id='word_1_321' title='bbox 1759 1008 1846 1067; x_wconf 91' lang='lat' dir='ltr'>tui</span> <span class='ocrx_word' id='word_1_322' title='bbox 1891 1007 2136 1068; x_wconf 88' lang='lat' dir='ltr'>domine</span> <span class='ocrx_word' id='word_1_323' title='bbox 2190 1008 2374 1068; x_wconf 90' lang='lat' dir='ltr'>libera</span> <span class='ocrx_word' id='word_1_324' title='bbox 2427 1026 2536 1067; x_wconf 90' lang='lat' dir='ltr'>nos</span> <span class='ocrx_word' id='word_1_325' title='bbox 2593 1019 2653 1067; x_wconf 92' lang='lat' dir='ltr'>et</span> 
     </span>
     <span class='ocr_line' id='line_1_60' title="bbox 1455 1085 2652 1164; baseline 0 -19"><span class='ocrx_word' id='word_1_326' title='bbox 1455 1085 1751 1163; x_wconf 88' lang='lat' dir='ltr'>propicius</span> <span class='ocrx_word' id='word_1_327' title='bbox 1780 1096 1910 1146; x_wconf 90' lang='lat' dir='ltr'>esto</span> <span class='ocrx_word' id='word_1_328' title='bbox 1949 1086 2207 1162; x_wconf 90' lang='lat' dir='ltr'>peccatis</span> <span class='ocrx_word' id='word_1_329' title='bbox 2235 1086 2449 1145; x_wconf 88' lang='lat' dir='ltr'>nostris</span> <span class='ocrx_word' id='word_1_330' title='bbox 2477 1105 2652 1164; x_wconf 87' lang='lat' dir='ltr'>prop·</span> 
     </span>
     <span class='ocr_line' id='line_1_61' title="bbox 1456 1168 2658 1241; baseline -0.002 -17"><span class='ocrx_word' id='word_1_331' title='bbox 1456 1176 1545 1224; x_wconf 90' lang='lat' dir='ltr'>ter</span> <span class='ocrx_word' id='word_1_332' title='bbox 1573 1183 1794 1224; x_wconf 89' lang='lat' dir='ltr'>nomen</span> <span class='ocrx_word' id='word_1_333' title='bbox 1822 1177 2006 1224; x_wconf 91' lang='lat' dir='ltr'>tuum.</span> <span class='ocrx_word' id='word_1_334' title='bbox 2038 1172 2130 1241; x_wconf 64' lang='lat' dir='ltr'>pf.</span> <span class='ocrx_word' id='word_1_335' title='bbox 2179 1168 2344 1225; x_wconf 88' lang='lat' dir='ltr'>Deus</span> <span class='ocrx_word' id='word_1_336' title='bbox 2366 1174 2658 1224; x_wconf 89' lang='lat' dir='ltr'>venerunt</span> 
     </span>
     <span class='ocr_line' id='line_1_62' title="bbox 1458 1243 2656 1321; baseline -0.003 -17"><span class='ocrx_word' id='word_1_337' title='bbox 1458 1253 1678 1321; x_wconf 71' lang='lat' dir='ltr'>gentes</span> <span class='ocrx_word' id='word_1_338' title='bbox 1765 1248 1863 1302; x_wconf 73' lang='grc' dir='ltr'>αὴ.</span> <span class='ocrx_word' id='word_1_339' title='bbox 1908 1244 2256 1305; x_wconf 89' lang='lat' dir='ltr'>Confitebor</span> <span class='ocrx_word' id='word_1_340' title='bbox 2283 1243 2388 1303; x_wconf 86' lang='lat' dir='ltr'>tibi</span> <span class='ocrx_word' id='word_1_341' title='bbox 2411 1244 2656 1303; x_wconf 88' lang='lat' dir='ltr'>domine</span> 
     </span>
     <span class='ocr_line' id='line_1_63' title="bbox 1462 1321 2658 1383; baseline -0.003 1"><span class='ocrx_word' id='word_1_342' title='bbox 1462 1323 1610 1383; x_wconf 89' lang='lat' dir='ltr'>deus</span> <span class='ocrx_word' id='word_1_343' title='bbox 1658 1340 1824 1381; x_wconf 90' lang='lat' dir='ltr'>meus</span> <span class='ocrx_word' id='word_1_344' title='bbox 1878 1321 1942 1380; x_wconf 92' lang='lat' dir='ltr'>in</span> <span class='ocrx_word' id='word_1_345' title='bbox 1990 1332 2119 1382; x_wconf 90' lang='lat' dir='ltr'>toto</span> <span class='ocrx_word' id='word_1_346' title='bbox 2173 1325 2354 1381; x_wconf 92' lang='lat' dir='ltr'>corde</span> <span class='ocrx_word' id='word_1_347' title='bbox 2411 1340 2548 1381; x_wconf 90' lang='lat' dir='ltr'>meo</span> <span class='ocrx_word' id='word_1_348' title='bbox 2597 1332 2658 1381; x_wconf 93' lang='lat' dir='ltr'>et</span> 
     </span>
     <span class='ocr_line' id='line_1_64' title="bbox 1460 1400 2652 1479; baseline -0.002 -20"><span class='ocrx_word' id='word_1_349' title='bbox 1460 1400 1804 1479; x_wconf 88' lang='lat' dir='ltr'>glorificabo</span> <span class='ocrx_word' id='word_1_350' title='bbox 1832 1417 2054 1459; x_wconf 91' lang='lat' dir='ltr'>nomen</span> <span class='ocrx_word' id='word_1_351' title='bbox 2081 1410 2248 1459; x_wconf 89' lang='lat' dir='ltr'>tuum</span> <span class='ocrx_word' id='word_1_352' title='bbox 2276 1400 2339 1459; x_wconf 90' lang='lat' dir='ltr'>in</span> <span class='ocrx_word' id='word_1_353' title='bbox 2369 1410 2652 1459; x_wconf 82' lang='lat' dir='ltr'>eternum.</span> 
     </span>
     <span class='ocr_line' id='line_1_65' title="bbox 1450 1477 2660 1557; baseline -0.001 -19"><span class='ocrx_word' id='word_1_354' title='bbox 1450 1488 1542 1557; x_wconf 62' lang='lat' dir='ltr'>pf.</span> <span class='ocrx_word' id='word_1_355' title='bbox 1616 1478 1848 1538; x_wconf 88' lang='lat' dir='ltr'>Inclina</span> <span class='ocrx_word' id='word_1_356' title='bbox 1913 1477 2171 1538; x_wconf 89' lang='lat' dir='ltr'>domine.</span> <span class='ocrx_word' id='word_1_357' title='bbox 2270 1486 2365 1537; x_wconf 76' lang='grc' dir='ltr'>αῆ.</span> <span class='ocrx_word' id='word_1_358' title='bbox 2438 1480 2660 1537; x_wconf 83' lang='lat' dir='ltr'>Afferte</span> 
     </span>
     <span class='ocr_line' id='line_1_66' title="bbox 1464 1555 2662 1634; baseline -0.002 -17"><span class='ocrx_word' id='word_1_359' title='bbox 1464 1557 1712 1617; x_wconf 88' lang='lat' dir='ltr'>domino</span> <span class='ocrx_word' id='word_1_360' title='bbox 1741 1556 1925 1634; x_wconf 90' lang='lat' dir='ltr'>patrie</span> <span class='ocrx_word' id='word_1_361' title='bbox 1951 1555 2212 1633; x_wconf 88' lang='lat' dir='ltr'>gentium</span> <span class='ocrx_word' id='word_1_362' title='bbox 2242 1558 2444 1617; x_wconf 84' lang='lat' dir='ltr'>afferte</span> <span class='ocrx_word' id='word_1_363' title='bbox 2471 1555 2662 1617; x_wconf 88' lang='lat' dir='ltr'>domi·</span> 
     </span>
     <span class='ocr_line' id='line_1_67' title="bbox 1464 1634 2666 1713; baseline -0.002 -17"><span class='ocrx_word' id='word_1_364' title='bbox 1464 1655 1547 1696; x_wconf 92' lang='lat' dir='ltr'>no</span> <span class='ocrx_word' id='word_1_365' title='bbox 1626 1634 1872 1713; x_wconf 89' lang='lat' dir='ltr'>gloriam</span> <span class='ocrx_word' id='word_1_366' title='bbox 1955 1647 2015 1694; x_wconf 92' lang='lat' dir='ltr'>et</span> <span class='ocrx_word' id='word_1_367' title='bbox 2095 1636 2382 1696; x_wconf 89' lang='lat' dir='ltr'>honorem</span> <span class='ocrx_word' id='word_1_368' title='bbox 2461 1636 2666 1695; x_wconf 84' lang='lat' dir='ltr'>afferte</span> 
     </span>
     <span class='ocr_line' id='line_1_68' title="bbox 1466 1711 2661 1791; baseline -0.001 -17"><span class='ocrx_word' id='word_1_369' title='bbox 1466 1714 1718 1774; x_wconf 90' lang='lat' dir='ltr'>domino</span> <span class='ocrx_word' id='word_1_370' title='bbox 1769 1711 2012 1791; x_wconf 89' lang='lat' dir='ltr'>gloriam</span> <span class='ocrx_word' id='word_1_371' title='bbox 2071 1713 2298 1772; x_wconf 89' lang='lat' dir='ltr'>nomini</span> <span class='ocrx_word' id='word_1_372' title='bbox 2353 1716 2496 1791; x_wconf 79' lang='lat' dir='ltr'>ejuS.</span> <span class='ocrx_word' id='word_1_373' title='bbox 2568 1716 2661 1791; x_wconf 62' lang='lat' dir='ltr'>pi.</span> 
     </span>
     <span class='ocr_line' id='line_1_69' title="bbox 1468 1790 2670 1869; baseline -0.002 -14"><span class='ocrx_word' id='word_1_374' title='bbox 1468 1795 1722 1856; x_wconf 77' lang='lat' dir='ltr'>Caritate</span> <span class='ocrx_word' id='word_1_375' title='bbox 1767 1792 1787 1867; x_wconf 91' lang='lat'>(</span> <span class='ocrx_word' id='word_1_376' title='bbox 1790 1790 1880 1869; x_wconf 88' lang='lat' dir='ltr'>j.)</span> <span class='ocrx_word' id='word_1_377' title='bbox 1961 1796 2012 1869; x_wconf 68' lang='grc' dir='ltr'><strong><em>Ῡ</em></strong></span> <span class='ocrx_word' id='word_1_378' title='bbox 2053 1794 2192 1851; x_wconf 89' lang='lat' dir='ltr'>Non</span> <span class='ocrx_word' id='word_1_379' title='bbox 2223 1792 2397 1853; x_wconf 90' lang='lat' dir='ltr'>nobis</span> <span class='ocrx_word' id='word_1_380' title='bbox 2424 1792 2670 1853; x_wconf 90' lang='lat' dir='ltr'>domine</span> 
     </span>
     <span class='ocr_line' id='line_1_70' title="bbox 1468 1870 2668 1932; baseline 0 0"><span class='ocrx_word' id='word_1_381' title='bbox 1468 1890 1594 1932; x_wconf 91' lang='lat' dir='ltr'>non</span> <span class='ocrx_word' id='word_1_382' title='bbox 1641 1870 1829 1930; x_wconf 89' lang='lat' dir='ltr'>nobis.</span> <span class='ocrx_word' id='word_1_383' title='bbox 1914 1873 2018 1929; x_wconf 84' lang='lat' dir='ltr'>Re.</span> <span class='ocrx_word' id='word_1_384' title='bbox 2085 1870 2240 1931; x_wconf 80' lang='lat' dir='ltr'>Sed⁶</span> <span class='ocrx_word' id='word_1_385' title='bbox 2287 1870 2516 1931; x_wconf 90' lang='lat' dir='ltr'>nomini</span> <span class='ocrx_word' id='word_1_386' title='bbox 2561 1883 2668 1932; x_wconf 91' lang='lat' dir='ltr'>tuo</span> 
     </span>
     <span class='ocr_line' id='line_1_71' title="bbox 1470 1948 2666 2027; baseline -0.001 -16"><span class='ocrx_word' id='word_1_387' title='bbox 1470 1954 1551 2011; x_wconf 93' lang='lat' dir='ltr'>da</span> <span class='ocrx_word' id='word_1_388' title='bbox 1616 1948 1880 2027; x_wconf 87' lang='lat' dir='ltr'>gloriam.</span> <span class='ocrx_word' id='word_1_389' title='bbox 1962 1950 2282 2008; x_wconf 72' lang='lat' dir='ltr'>Secundum</span> <span class='ocrx_word' id='word_1_390' title='bbox 2339 1952 2666 2010; x_wconf 78' lang='lat' dir='ltr'>mattheum.</span> 
     </span>
     <span class='ocr_line' id='line_1_72' title="bbox 1472 2026 2666 2136; baseline 0.001 -50"><span class='ocrx_word' id='word_1_391' title='bbox 1472 2032 1600 2136; x_wconf 80' lang='lat' dir='ltr'>In</span> <span class='ocrx_word' id='word_1_392' title='bbox 1629 2029 1732 2087; x_wconf 91' lang='lat' dir='ltr'>illo</span> <span class='ocrx_word' id='word_1_393' title='bbox 1761 2039 2028 2103; x_wconf 89' lang='lat' dir='ltr'>tempore</span> <span class='ocrx_word' id='word_1_394' title='bbox 2055 2030 2320 2105; x_wconf 83' lang='lat' dir='ltr'>Angelus</span> <span class='ocrx_word' id='word_1_395' title='bbox 2363 2026 2538 2109; x_wconf 76' lang='lat' dir='ltr'>[lectio</span> <span class='ocrx_word' id='word_1_396' title='bbox 2565 2031 2666 2105; x_wconf 73' lang='lat' dir='ltr'>th.</span> 
     </span>
     <span class='ocr_line' id='line_1_73' title="bbox 1558 2106 2672 2185; baseline 0 -19"><span class='ocrx_word' id='word_1_397' title='bbox 1558 2106 1788 2167; x_wconf 90' lang='lat' dir='ltr'>domini</span> <span class='ocrx_word' id='word_1_398' title='bbox 1817 2106 2088 2183; x_wconf 87' lang='lat' dir='ltr'>apparuit</span> <span class='ocrx_word' id='word_1_399' title='bbox 2118 2106 2178 2165; x_wconf 91' lang='lat' dir='ltr'>in</span> <span class='ocrx_word' id='word_1_400' title='bbox 2209 2110 2431 2167; x_wconf 90' lang='lat' dir='ltr'>somnis</span> <span class='ocrx_word' id='word_1_401' title='bbox 2457 2109 2672 2185; x_wconf 90' lang='lat' dir='ltr'>joseph</span> 
     </span>
     <span class='ocr_line' id='line_1_74' title="bbox 1474 2184 2676 2263; baseline 0.002 -18"><span class='ocrx_word' id='word_1_402' title='bbox 1474 2185 1701 2245; x_wconf 90' lang='lat' dir='ltr'>dicens.</span> <span class='ocrx_word' id='word_1_403' title='bbox 1743 2187 1970 2263; x_wconf 89' lang='lat' dir='ltr'>Joseph</span> <span class='ocrx_word' id='word_1_404' title='bbox 1999 2184 2080 2243; x_wconf 87' lang='lat' dir='ltr'>fili</span> <span class='ocrx_word' id='word_1_405' title='bbox 2109 2185 2288 2245; x_wconf 90' lang='lat' dir='ltr'>david</span> <span class='ocrx_word' id='word_1_406' title='bbox 2316 2186 2438 2245; x_wconf 89' lang='lat' dir='ltr'>noli</span> <span class='ocrx_word' id='word_1_407' title='bbox 2468 2186 2676 2247; x_wconf 87' lang='lat' dir='ltr'>timere</span> 
     </span>
     <span class='ocr_line' id='line_1_75' title="bbox 1476 2264 2669 2341; baseline 0.003 -18"><span class='ocrx_word' id='word_1_408' title='bbox 1476 2264 1746 2340; x_wconf 89' lang='lat' dir='ltr'>accipere</span> <span class='ocrx_word' id='word_1_409' title='bbox 1801 2264 2045 2323; x_wconf 88' lang='lat' dir='ltr'>mariam</span> <span class='ocrx_word' id='word_1_410' title='bbox 2100 2267 2421 2341; x_wconf 89' lang='lat' dir='ltr'>conjugem</span> <span class='ocrx_word' id='word_1_411' title='bbox 2491 2276 2669 2326; x_wconf 91' lang='lat' dir='ltr'>tuam.</span> 
     </span>
     <span class='ocr_line' id='line_1_76' title="bbox 1479 2342 2674 2421; baseline 0.002 -19"><span class='ocrx_word' id='word_1_412' title='bbox 1479 2344 1557 2402; x_wconf 92' lang='lat' dir='ltr'>Et</span> <span class='ocrx_word' id='word_1_413' title='bbox 1585 2342 1822 2420; x_wconf 84' lang='lat' dir='ltr'>reliqua.</span> <span class='ocrx_word' id='word_1_414' title='bbox 2139 2346 2364 2404; x_wconf 80' lang='lat' dir='ltr'>Omelia</span> <span class='ocrx_word' id='word_1_415' title='bbox 2391 2347 2674 2421; x_wconf 76' lang='lat' dir='ltr'>origenis.</span> 
     </span>
     <span class='ocr_line' id='line_1_77' title="bbox 1484 2421 2680 2559; baseline 0.003 -79"><span class='ocrx_word' id='word_1_416' title='bbox 1484 2423 1786 2559; x_wconf 80' lang='lat' dir='ltr'>Joseph</span> <span class='ocrx_word' id='word_1_417' title='bbox 1835 2421 2081 2480; x_wconf 90' lang='lat' dir='ltr'>mariam</span> <span class='ocrx_word' id='word_1_418' title='bbox 2136 2423 2326 2482; x_wconf 89' lang='lat' dir='ltr'>noluit</span> <span class='ocrx_word' id='word_1_419' title='bbox 2373 2426 2680 2484; x_wconf 91' lang='lat' dir='ltr'>traducere</span> 
     </span>
     <span class='ocr_line' id='line_1_78' title="bbox 1597 2499 2680 2562; baseline 0.004 -4"><span class='ocrx_word' id='word_1_420' title='bbox 1597 2500 1786 2559; x_wconf 91' lang='lat' dir='ltr'>noluit</span> <span class='ocrx_word' id='word_1_421' title='bbox 1815 2518 1946 2558; x_wconf 91' lang='lat' dir='ltr'>eam</span> <span class='ocrx_word' id='word_1_422' title='bbox 1975 2499 2278 2560; x_wconf 82' lang='lat' dir='ltr'>diffamare</span> <span class='ocrx_word' id='word_1_423' title='bbox 2307 2524 2319 2561; x_wconf 75' lang='grc' dir='ltr'><strong><em>ε</em></strong></span> <span class='ocrx_word' id='word_1_424' title='bbox 2362 2504 2468 2562; x_wconf 92' lang='lat' dir='ltr'>sed</span> <span class='ocrx_word' id='word_1_425' title='bbox 2496 2502 2680 2562; x_wconf 87' lang='lat' dir='ltr'>voluit</span> 
     </span>
     <span class='ocr_line' id='line_1_79' title="bbox 1482 2578 2683 2641; baseline 0.002 -3"><span class='ocrx_word' id='word_1_426' title='bbox 1482 2598 1615 2639; x_wconf 89' lang='lat' dir='ltr'>eam</span> <span class='ocrx_word' id='word_1_427' title='bbox 1631 2579 1865 2638; x_wconf 92' lang='lat' dir='ltr'>occulte</span> <span class='ocrx_word' id='word_1_428' title='bbox 1882 2578 2189 2639; x_wconf 90' lang='lat' dir='ltr'>dimittere.</span> <span class='ocrx_word' id='word_1_429' title='bbox 2225 2582 2479 2641; x_wconf 90' lang='lat' dir='ltr'>Occulte</span> <span class='ocrx_word' id='word_1_430' title='bbox 2496 2601 2628 2641; x_wconf 90' lang='lat' dir='ltr'>eam</span> <span class='ocrx_word' id='word_1_431' title='bbox 2643 2602 2683 2641; x_wconf 90' lang='lat' dir='ltr'>a</span> 
     </span>
     <span class='ocr_line' id='line_1_80' title="bbox 1484 2656 2682 2734; baseline 0.002 -17"><span class='ocrx_word' id='word_1_432' title='bbox 1484 2657 1576 2717; x_wconf 82' lang='lat' dir='ltr'>se⁷</span> <span class='ocrx_word' id='word_1_433' title='bbox 1597 2656 1892 2716; x_wconf 90' lang='lat' dir='ltr'>dimittere</span> <span class='ocrx_word' id='word_1_434' title='bbox 1919 2658 2159 2717; x_wconf 90' lang='lat' dir='ltr'>volebat</span> <span class='ocrx_word' id='word_1_435' title='bbox 2176 2656 2326 2718; x_wconf 86' lang='lat' dir='ltr'>sicut</span> <span class='ocrx_word' id='word_1_436' title='bbox 2343 2659 2498 2734; x_wconf 92' lang='lat' dir='ltr'>pius:</span> <span class='ocrx_word' id='word_1_437' title='bbox 2530 2659 2682 2719; x_wconf 90' lang='lat' dir='ltr'>sicut</span> 
     </span>
     <span class='ocr_line' id='line_1_81' title="bbox 1484 2734 2683 2813; baseline 0.002 -18"><span class='ocrx_word' id='word_1_438' title='bbox 1484 2746 1852 2795; x_wconf 87' lang='lat' dir='ltr'>mansuetus:</span> <span class='ocrx_word' id='word_1_439' title='bbox 1884 2734 2034 2794; x_wconf 84' lang='lat' dir='ltr'>sicut</span> <span class='ocrx_word' id='word_1_440' title='bbox 2071 2734 2412 2795; x_wconf 82' lang='lat' dir='ltr'>misericors,</span> <span class='ocrx_word' id='word_1_441' title='bbox 2511 2739 2683 2813; x_wconf 88' lang='lat' dir='ltr'>Juste</span> 
     </span>
     <span class='ocr_line' id='line_1_82' title="bbox 1484 2812 2685 2877; baseline 0.002 -3"><span class='ocrx_word' id='word_1_442' title='bbox 1484 2812 1799 2874; x_wconf 89' lang='lat' dir='ltr'>humilians</span> <span class='ocrx_word' id='word_1_443' title='bbox 1837 2830 1901 2871; x_wconf 91' lang='lat' dir='ltr'>se</span> <span class='ocrx_word' id='word_1_444' title='bbox 1943 2812 2004 2870; x_wconf 90' lang='lat' dir='ltr'>in</span> <span class='ocrx_word' id='word_1_445' title='bbox 2034 2812 2308 2873; x_wconf 90' lang='lat' dir='ltr'>omnibus</span> <span class='ocrx_word' id='word_1_446' title='bbox 2337 2816 2582 2876; x_wconf 88' lang='lat' dir='ltr'>cavebat</span> <span class='ocrx_word' id='word_1_447' title='bbox 2623 2827 2685 2877; x_wconf 93' lang='lat' dir='ltr'>et</span> 
     </span>
     <span class='ocr_line' id='line_1_83' title="bbox 1487 2890 2686 2956; baseline 0.002 -3"><span class='ocrx_word' id='word_1_448' title='bbox 1487 2893 1734 2953; x_wconf 88' lang='lat' dir='ltr'>timebat</span> <span class='ocrx_word' id='word_1_449' title='bbox 1763 2890 1996 2951; x_wconf 90' lang='lat' dir='ltr'>sibimet</span> <span class='ocrx_word' id='word_1_450' title='bbox 2025 2890 2178 2951; x_wconf 89' lang='lat' dir='ltr'>illius</span> <span class='ocrx_word' id='word_1_451' title='bbox 2205 2903 2343 2952; x_wconf 90' lang='lat' dir='ltr'>ante</span> <span class='ocrx_word' id='word_1_452' title='bbox 2361 2895 2686 2956; x_wconf 90' lang='lat' dir='ltr'>sanctitatis</span> 
     </span>
     <span class='ocr_line' id='line_1_84' title="bbox 1486 2968 2686 3047; baseline 0.003 -16"><span class='ocrx_word' id='word_1_453' title='bbox 1486 2968 1970 3047; x_wconf 87' lang='lat' dir='ltr'>conjunctionem</span> <span class='ocrx_word' id='word_1_454' title='bbox 2024 2970 2321 3031; x_wconf 90' lang='lat' dir='ltr'>adhibere.</span> <span class='ocrx_word' id='word_1_455' title='bbox 2447 2973 2686 3034; x_wconf 86' lang='lat' dir='ltr'>Idcirco</span> 
     </span>
     <span class='ocr_line' id='line_1_85' title="bbox 1488 3046 2686 3131; baseline 0.003 -21"><span class='ocrx_word' id='word_1_456' title='bbox 1488 3049 1638 3110; x_wconf 80' lang='lat' dir='ltr'>dixit</span> <span class='ocrx_word' id='word_1_457' title='bbox 1665 3046 1957 3109; x_wconf 89' lang='lat' dir='ltr'>dimittam</span> <span class='ocrx_word' id='word_1_458' title='bbox 1987 3067 2120 3109; x_wconf 90' lang='lat' dir='ltr'>eam</span> <span class='ocrx_word' id='word_1_459' title='bbox 2152 3071 2164 3107; x_wconf 91' lang='lat'>:</span> <span class='ocrx_word' id='word_1_460' title='bbox 2208 3061 2266 3110; x_wconf 91' lang='lat' dir='ltr'>et</span> <span class='ocrx_word' id='word_1_461' title='bbox 2305 3068 2342 3110; x_wconf 90' lang='lat' dir='ltr'>a</span> <span class='ocrx_word' id='word_1_462' title='bbox 2382 3070 2481 3113; x_wconf 90' lang='lat' dir='ltr'>me</span> <span class='ocrx_word' id='word_1_463' title='bbox 2507 3054 2686 3131; x_wconf 88' lang='lat' dir='ltr'>longe</span> 
     </span>
     <span class='ocr_line' id='line_1_86' title="bbox 1488 3127 2684 3204; baseline 0.004 -17"><span class='ocrx_word' id='word_1_464' title='bbox 1488 3128 1700 3187; x_wconf 82' lang='lat' dir='ltr'>faciam</span> <span class='ocrx_word' id='word_1_465' title='bbox 1737 3146 1870 3186; x_wconf 89' lang='lat' dir='ltr'>eam</span> <span class='ocrx_word' id='word_1_466' title='bbox 1903 3148 1915 3185; x_wconf 74' lang='grc' dir='ltr'>ε</span> <span class='ocrx_word' id='word_1_467' title='bbox 1958 3138 2018 3187; x_wconf 90' lang='lat' dir='ltr'>et</span> <span class='ocrx_word' id='word_1_468' title='bbox 2055 3147 2093 3187; x_wconf 90' lang='lat' dir='ltr'>a</span> <span class='ocrx_word' id='word_1_469' title='bbox 2132 3127 2507 3204; x_wconf 84' lang='lat' dir='ltr'>cognitione⁸</span> <span class='ocrx_word' id='word_1_470' title='bbox 2534 3150 2684 3192; x_wconf 89' lang='lat' dir='ltr'>mea.</span> 
     </span>
     <span class='ocr_line' id='line_1_87' title="bbox 1492 3204 2690 3286; baseline 0.002 -19"><span class='ocrx_word' id='word_1_471' title='bbox 1492 3209 1693 3281; x_wconf 91' lang='lat' dir='ltr'>Maj0r</span> <span class='ocrx_word' id='word_1_472' title='bbox 1707 3204 1866 3265; x_wconf 86' lang='lat' dir='ltr'>enim</span> <span class='ocrx_word' id='word_1_473' title='bbox 1885 3215 1974 3265; x_wconf 88' lang='lat' dir='ltr'>est</span> <span class='ocrx_word' id='word_1_474' title='bbox 1992 3207 2120 3283; x_wconf 88' lang='lat' dir='ltr'>ejus</span> <span class='ocrx_word' id='word_1_475' title='bbox 2141 3206 2394 3283; x_wconf 80' lang='lat' dir='ltr'>dignitas</span> <span class='ocrx_word' id='word_1_476' title='bbox 2415 3228 2690 3286; x_wconf 84' lang='lat' dir='ltr'>superex-</span> 
     </span>
     <span class='ocr_line' id='line_1_88' title="bbox 1491 3282 2692 3366; baseline 0.004 -21"><span class='ocrx_word' id='word_1_477' title='bbox 1491 3286 1652 3345; x_wconf 90' lang='lat' dir='ltr'>cellit</span> <span class='ocrx_word' id='word_1_478' title='bbox 1668 3286 1796 3360; x_wconf 86' lang='lat' dir='ltr'>ejus</span> <span class='ocrx_word' id='word_1_479' title='bbox 1813 3282 2113 3345; x_wconf 88' lang='lat' dir='ltr'>sanctitas:</span> <span class='ocrx_word' id='word_1_480' title='bbox 2139 3305 2252 3346; x_wconf 89' lang='lat' dir='ltr'>nec</span> <span class='ocrx_word' id='word_1_481' title='bbox 2273 3306 2405 3347; x_wconf 88' lang='lat' dir='ltr'>mee</span> <span class='ocrx_word' id='word_1_482' title='bbox 2421 3290 2692 3366; x_wconf 89' lang='lat' dir='ltr'>congruit</span> 
     </span>
     <span class='ocr_line' id='line_1_89' title="bbox 1492 3363 2692 3443; baseline 0.003 -18"><span class='ocrx_word' id='word_1_483' title='bbox 1492 3363 1780 3441; x_wconf 90' lang='lat' dir='ltr'>dignitati.</span> <span class='ocrx_word' id='word_1_484' title='bbox 1864 3366 2002 3424; x_wconf 90' lang='lat' dir='ltr'>Hec</span> <span class='ocrx_word' id='word_1_485' title='bbox 2017 3374 2217 3425; x_wconf 89' lang='lat' dir='ltr'>autem</span> <span class='ocrx_word' id='word_1_486' title='bbox 2245 3383 2320 3425; x_wconf 92' lang='lat' dir='ltr'>eo</span> <span class='ocrx_word' id='word_1_487' title='bbox 2347 3366 2644 3443; x_wconf 85' lang='lat' dir='ltr'>cogitante</span> <span class='ocrx_word' id='word_1_488' title='bbox 2677 3392 2692 3429; x_wconf 74' lang='grc' dir='ltr'><strong><em>ε</em></strong></span> 
     </span>
     <span class='ocr_line' id='line_1_90' title="bbox 1494 3441 2692 3523; baseline 0.004 -20"><span class='ocrx_word' id='word_1_489' title='bbox 1494 3444 1738 3521; x_wconf 86' lang='lat' dir='ltr'>angelus</span> <span class='ocrx_word' id='word_1_490' title='bbox 1765 3441 1994 3503; x_wconf 90' lang='lat' dir='ltr'>domini</span> <span class='ocrx_word' id='word_1_491' title='bbox 2037 3463 2141 3520; x_wconf 90' lang='lat' dir='ltr'>per</span> <span class='ocrx_word' id='word_1_492' title='bbox 2186 3444 2378 3505; x_wconf 86' lang='lat' dir='ltr'>visum</span> <span class='ocrx_word' id='word_1_493' title='bbox 2420 3446 2692 3523; x_wconf 90' lang='lat' dir='ltr'>apparuit</span> 
     </span>
     <span class='ocr_line' id='line_1_91' title="bbox 1495 3520 2695 3605; baseline 0.005 -24"><span class='ocrx_word' id='word_1_494' title='bbox 1495 3522 1578 3581; x_wconf 83' lang='lat' dir='ltr'>illi</span> <span class='ocrx_word' id='word_1_495' title='bbox 1627 3520 1836 3582; x_wconf 88' lang='lat' dir='ltr'>dicens</span> <span class='ocrx_word' id='word_1_496' title='bbox 1891 3522 2088 3597; x_wconf 87' lang='lat' dir='ltr'>Quare</span> <span class='ocrx_word' id='word_1_497' title='bbox 2143 3523 2381 3584; x_wconf 90' lang='lat' dir='ltr'>dubitas</span> <span class='ocrx_word' id='word_1_498' title='bbox 2430 3528 2644 3605; x_wconf 76' lang='lat' dir='ltr'>Joseph</span> <span class='ocrx_word' id='word_1_499' title='bbox 2666 3529 2695 3587; x_wconf 84' lang='lat'>?</span> 
     </span>
     <span class='ocr_line' id='line_1_92' title="bbox 1500 3600 2696 3693; baseline 0.003 -32"><span class='ocrx_word' id='word_1_500' title='bbox 1500 3603 1702 3676; x_wconf 86' lang='lat' dir='ltr'>Quare</span> <span class='ocrx_word' id='word_1_501' title='bbox 1729 3600 2132 3677; x_wconf 89' lang='lat' dir='ltr'>imprudenter</span> <span class='ocrx_word' id='word_1_502' title='bbox 2157 3603 2380 3693; x_wconf 79' lang='lat' dir='ltr'>cogitas</span> <span class='ocrx_word' id='word_1_503' title='bbox 2395 3607 2424 3663; x_wconf 72' lang='grc' dir='ltr'>Ρ</span> <span class='ocrx_word' id='word_1_504' title='bbox 2497 3606 2696 3681; x_wconf 90' lang='lat' dir='ltr'>Quare</span> 
     </span>
     <span class='ocr_line' id='line_1_93' title="bbox 1501 3678 2696 3744; baseline 0.004 -5"><span class='ocrx_word' id='word_1_505' title='bbox 1501 3678 1974 3739; x_wconf 90' lang='lat' dir='ltr'>irrationabiliter</span> <span class='ocrx_word' id='word_1_506' title='bbox 2001 3680 2302 3741; x_wconf 80' lang='lat' dir='ltr'>meditaris</span> <span class='ocrx_word' id='word_1_507' title='bbox 2329 3704 2344 3742; x_wconf 75' lang='lat' dir='ltr'>t</span> <span class='ocrx_word' id='word_1_508' title='bbox 2414 3686 2582 3743; x_wconf 88' lang='lat' dir='ltr'>Deus</span> <span class='ocrx_word' id='word_1_509' title='bbox 2604 3696 2696 3744; x_wconf 85' lang='lat' dir='ltr'>est</span> 
     </span>
     <span class='ocr_line' id='line_1_94' title="bbox 1501 3756 2697 3836; baseline 0.003 -17"><span class='ocrx_word' id='word_1_510' title='bbox 1501 3756 1660 3819; x_wconf 88' lang='lat' dir='ltr'>enim</span> <span class='ocrx_word' id='word_1_511' title='bbox 1711 3757 1814 3835; x_wconf 91' lang='lat' dir='ltr'>qui</span> <span class='ocrx_word' id='word_1_512' title='bbox 1865 3762 2214 3835; x_wconf 85' lang='lat' dir='ltr'>generatur?</span> <span class='ocrx_word' id='word_1_513' title='bbox 2317 3763 2498 3836; x_wconf 90' lang='lat' dir='ltr'>Quod</span> <span class='ocrx_word' id='word_1_514' title='bbox 2536 3762 2697 3822; x_wconf 90' lang='lat' dir='ltr'>enim</span> 
     </span>
     <span class='ocr_line' id='line_1_95' title="bbox 1504 3836 2700 3914; baseline 0.004 -18"><span class='ocrx_word' id='word_1_515' title='bbox 1504 3847 1779 3896; x_wconf 86' lang='lat' dir='ltr'>nascetur</span> <span class='ocrx_word' id='word_1_516' title='bbox 1805 3857 1877 3897; x_wconf 85' lang='lat' dir='ltr'>ex</span> <span class='ocrx_word' id='word_1_517' title='bbox 1905 3857 1977 3896; x_wconf 89' lang='lat' dir='ltr'>ea</span> <span class='ocrx_word' id='word_1_518' title='bbox 2001 3839 2079 3897; x_wconf 93' lang='lat' dir='ltr'>de</span> <span class='ocrx_word' id='word_1_519' title='bbox 2107 3836 2312 3914; x_wconf 89' lang='lat' dir='ltr'>spiritu</span> <span class='ocrx_word' id='word_1_520' title='bbox 2341 3851 2548 3900; x_wconf 88' lang='lat' dir='ltr'>sancto</span> <span class='ocrx_word' id='word_1_521' title='bbox 2568 3853 2658 3901; x_wconf 92' lang='lat' dir='ltr'>est</span> <span class='ocrx_word' id='word_1_522' title='bbox 2685 3864 2700 3901; x_wconf 74' lang='grc' dir='ltr'><em>τ</em></span> 
     </span>
     <span class='ocr_line' id='line_1_96' title="bbox 1506 3914 2704 3996; baseline 0.005 -23"><span class='ocrx_word' id='word_1_523' title='bbox 1506 3915 1646 3992; x_wconf 89' lang='lat' dir='ltr'>quia</span> <span class='ocrx_word' id='word_1_524' title='bbox 1675 3914 1898 3974; x_wconf 89' lang='lat' dir='ltr'>scilicet</span> <span class='ocrx_word' id='word_1_525' title='bbox 1926 3916 2100 3991; x_wconf 86' lang='lat' dir='ltr'>hujus</span> <span class='ocrx_word' id='word_1_526' title='bbox 2127 3916 2448 3977; x_wconf 90' lang='lat' dir='ltr'>nativitatis</span> <span class='ocrx_word' id='word_1_527' title='bbox 2489 3938 2704 3996; x_wconf 91' lang='lat' dir='ltr'>coope-</span> 
     </span>
     <span class='ocr_line' id='line_1_97' title="bbox 1506 3993 2705 4074; baseline 0.004 -21"><span class='ocrx_word' id='word_1_528' title='bbox 1506 4004 1662 4053; x_wconf 91' lang='lat' dir='ltr'>rator</span> <span class='ocrx_word' id='word_1_529' title='bbox 1687 3993 1924 4070; x_wconf 88' lang='lat' dir='ltr'>spiritus</span> <span class='ocrx_word' id='word_1_530' title='bbox 1965 4004 2203 4053; x_wconf 87' lang='lat' dir='ltr'>sanctus</span> <span class='ocrx_word' id='word_1_531' title='bbox 2244 4008 2347 4054; x_wconf 89' lang='lat' dir='ltr'>est.</span> <span class='ocrx_word' id='word_1_532' title='bbox 2436 3999 2546 4057; x_wconf 89' lang='lat' dir='ltr'>Ille</span> <span class='ocrx_word' id='word_1_533' title='bbox 2575 3998 2705 4074; x_wconf 89' lang='lat' dir='ltr'>qui-</span> 
     </span>
     <span class='ocr_line' id='line_1_98' title="bbox 1507 4071 2708 4151; baseline 0.004 -19"><span class='ocrx_word' id='word_1_534' title='bbox 1507 4073 1648 4132; x_wconf 91' lang='lat' dir='ltr'>dem</span> <span class='ocrx_word' id='word_1_535' title='bbox 1676 4083 1764 4131; x_wconf 87' lang='lat' dir='ltr'>est</span> <span class='ocrx_word' id='word_1_536' title='bbox 1792 4073 1870 4133; x_wconf 92' lang='lat' dir='ltr'>de</span> <span class='ocrx_word' id='word_1_537' title='bbox 1897 4090 2020 4147; x_wconf 91' lang='lat' dir='ltr'>quo</span> <span class='ocrx_word' id='word_1_538' title='bbox 2046 4071 2332 4148; x_wconf 89' lang='lat' dir='ltr'>scriptura</span> <span class='ocrx_word' id='word_1_539' title='bbox 2358 4076 2708 4151; x_wconf 88' lang='lat' dir='ltr'>pronuncia-</span> 
     </span>
     <span class='ocr_line' id='line_1_99' title="bbox 1506 4148 2710 4219; baseline 0.007 -9"><span class='ocrx_word' id='word_1_540' title='bbox 1506 4148 1628 4211; x_wconf 85' lang='lat' dir='ltr'>vit⁹</span> <span class='ocrx_word' id='word_1_541' title='bbox 1670 4149 1878 4211; x_wconf 90' lang='lat' dir='ltr'>dicens</span> <span class='ocrx_word' id='word_1_542' title='bbox 1907 4153 2062 4210; x_wconf 88' lang='lat' dir='ltr'>Puer</span> <span class='ocrx_word' id='word_1_543' title='bbox 2087 4163 2264 4210; x_wconf 89' lang='lat' dir='ltr'>natus</span> <span class='ocrx_word' id='word_1_544' title='bbox 2304 4165 2394 4213; x_wconf 92' lang='lat' dir='ltr'>est</span> <span class='ocrx_word' id='word_1_545' title='bbox 2433 4154 2608 4215; x_wconf 90' lang='lat' dir='ltr'>nobis</span> <span class='ocrx_word' id='word_1_546' title='bbox 2649 4168 2710 4219; x_wconf 85' lang='lat' dir='ltr'>et</span> 
     </span>
    </p>
   </div>
   <div class='ocr_carea' id='block_1_6' title="bbox 275 4300 2615 4499">
    <p class='ocr_par' dir='ltr' id='par_1_6' title="bbox 275 4300 2615 4499">
     <span class='ocr_line' id='line_1_100' title="bbox 275 4300 2408 4368; baseline 0 -14"><span class='ocrx_word' id='word_1_547' title='bbox 275 4308 293 4337; x_wconf 88' lang='lat'>¹</span> <span class='ocrx_word' id='word_1_548' title='bbox 332 4303 553 4354; x_wconf 84' lang='lat' dir='ltr'>etenim:</span> <span class='ocrx_word' id='word_1_549' title='bbox 588 4304 655 4351; x_wconf 92' lang='lat' dir='ltr'>N.</span> <span class='ocrx_word' id='word_1_550' title='bbox 669 4304 721 4353; x_wconf 91' lang='lat' dir='ltr'>S.</span> <span class='ocrx_word' id='word_1_551' title='bbox 1183 4301 1203 4332; x_wconf 80' lang='lat'>⁸</span> <span class='ocrx_word' id='word_1_552' title='bbox 1244 4300 1517 4351; x_wconf 82' lang='lat' dir='ltr'>‘charitas’</span> <span class='ocrx_word' id='word_1_553' title='bbox 1539 4300 1642 4353; x_wconf 84' lang='lat' dir='ltr'>add</span> <span class='ocrx_word' id='word_1_554' title='bbox 1677 4301 1744 4352; x_wconf 91' lang='lat' dir='ltr'>N.</span> <span class='ocrx_word' id='word_1_555' title='bbox 2081 4304 2100 4333; x_wconf 83' lang='lat'>⁸</span> <span class='ocrx_word' id='word_1_556' title='bbox 2132 4303 2321 4368; x_wconf 89' lang='lat' dir='ltr'>pietas:</span> <span class='ocrx_word' id='word_1_557' title='bbox 2358 4306 2408 4354; x_wconf 92' lang='lat' dir='ltr'>S.</span> 
     </span>
     <span class='ocr_line' id='line_1_101' title="bbox 279 4368 2485 4420; baseline 0.001 -2"><span class='ocrx_word' id='word_1_558' title='bbox 279 4375 300 4403; x_wconf 81' lang='lat'>⁴</span> <span class='ocrx_word' id='word_1_559' title='bbox 336 4370 605 4419; x_wconf 87' lang='lat' dir='ltr'>nocentia:</span> <span class='ocrx_word' id='word_1_560' title='bbox 642 4370 693 4418; x_wconf 90' lang='lat' dir='ltr'>S.</span> <span class='ocrx_word' id='word_1_561' title='bbox 1182 4369 1203 4397; x_wconf 86' lang='lat'>⁸</span> <span class='ocrx_word' id='word_1_562' title='bbox 1237 4368 1423 4416; x_wconf 71' lang='lat' dir='ltr'>stolia:</span> <span class='ocrx_word' id='word_1_563' title='bbox 1458 4368 1525 4417; x_wconf 93' lang='lat' dir='ltr'>N.</span> <span class='ocrx_word' id='word_1_564' title='bbox 2080 4370 2101 4399; x_wconf 80' lang='lat'>⁸</span> <span class='ocrx_word' id='word_1_565' title='bbox 2142 4374 2154 4396; x_wconf 81' lang='lat'><em>⁶</em></span> <span class='ocrx_word' id='word_1_566' title='bbox 2175 4369 2226 4417; x_wconf 89' lang='lat' dir='ltr'>in</span> <span class='ocrx_word' id='word_1_567' title='bbox 2247 4370 2260 4393; x_wconf 92' lang='lat'>&#39;</span> <span class='ocrx_word' id='word_1_568' title='bbox 2281 4371 2380 4419; x_wconf 90' lang='lat' dir='ltr'>add</span> <span class='ocrx_word' id='word_1_569' title='bbox 2417 4372 2485 4420; x_wconf 91' lang='lat' dir='ltr'>N.</span> 
     </span>
     <span class='ocr_line' id='line_1_102' title="bbox 283 4434 2615 4499; baseline 0.003 -16"><span class='ocrx_word' id='word_1_570' title='bbox 283 4439 303 4465; x_wconf 77' lang='lat'>&#39;</span> <span class='ocrx_word' id='word_1_571' title='bbox 346 4434 463 4483; x_wconf 83' lang='lat' dir='ltr'>‘se’</span> <span class='ocrx_word' id='word_1_572' title='bbox 485 4450 584 4483; x_wconf 91' lang='lat' dir='ltr'>om.</span> <span class='ocrx_word' id='word_1_573' title='bbox 626 4434 695 4483; x_wconf 90' lang='lat' dir='ltr'>N.</span> <span class='ocrx_word' id='word_1_574' title='bbox 1185 4434 1205 4463; x_wconf 82' lang='lat'><em>⁰</em></span> <span class='ocrx_word' id='word_1_575' title='bbox 1237 4448 1418 4497; x_wconf 82' lang='lat' dir='ltr'>cogna:</span> <span class='ocrx_word' id='word_1_576' title='bbox 1456 4434 1521 4482; x_wconf 91' lang='lat' dir='ltr'>N.</span> <span class='ocrx_word' id='word_1_577' title='bbox 2084 4437 2105 4465; x_wconf 79' lang='lat'><strong>⁹</strong></span> <span class='ocrx_word' id='word_1_578' title='bbox 2137 4437 2512 4499; x_wconf 85' lang='lat' dir='ltr'>prenunciavit:</span> <span class='ocrx_word' id='word_1_579' title='bbox 2547 4440 2615 4491; x_wconf 88' lang='lat' dir='ltr'>N.</span> 
     </span>
    </p>
   </div>
   <div class='ocr_carea' id='block_1_7' title="bbox 362 4515 653 4565">
    <p class='ocr_par' dir='ltr' id='par_1_7' title="bbox 362 4515 653 4565">
     <span class='ocr_line' id='line_1_103' title="bbox 362 4515 653 4565; baseline 0 -1"><span class='ocrx_word' id='word_1_580' title='bbox 362 4516 527 4565; x_wconf 86' lang='lat' dir='ltr'>VOL.</span> <span class='ocrx_word' id='word_1_581' title='bbox 578 4515 653 4564; x_wconf 85' lang='lat'>11.</span> 
     </span>
    </p>
   </div>
   <div class='ocr_carea' id='block_1_8' title="bbox 2327 4519 2458 4583">
    <p class='ocr_par' dir='ltr' id='par_1_8' title="bbox 2327 4519 2458 4583">
     <span class='ocr_line' id='line_1_104' title="bbox 2327 4519 2458 4583; baseline 0 -14"><span class='ocrx_word' id='word_1_582' title='bbox 2327 4519 2458 4583; x_wconf 73' lang='lat' dir='ltr'>3ss</span> 
     </span>
    </p>
   </div>
  </div>
 </body>
</html>
