3117 4959
1095 241 1156 293 S.
1208 241 1708 295 JJJERONVMI
1751 239 2295 336 PRESBVTERJ.

978 349 1133 404 589

449 467 555 523 αἰὶ.
633 457 769 521 Iste
802 465 901 520 est
934 457 1045 538 qui
1078 466 1233 520 ante
1264 457 1487 520 deum.
1554 465 1652 538 pf.

454 544 867 628 Magnificat.
946 593 951 602 .
1404 546 1653 617 Oratio.

450 636 775 769 Sancti·
796 633 1165 712 hieronymi
1214 653 1335 696 nos
1382 635 1655 697 domine

588 721 899 798 natalicia
930 723 1153 784 votiva
1184 720 1538 784 letificent:
1585 731 1653 784 et

454 832 571 875 sue
590 808 930 874 beneficiis
950 809 1433 873 intercessionis
1456 811 1654 872 attol-

456 899 613 963 lant.
689 917 807 979 per
835 897 1201 962 dominum.
1294 901 1359 974 (Ι
1403 898 1655 960 Memo-

454 986 562 1050 ria
636 985 717 1048 de
776 992 996 1046 sancto
1069 983 1383 1050 michaele.
1516 986 1652 1049 Aa.

454 1072 881 1154 Archangele
930 1071 1176 1136 Christi
1220 1092 1337 1155 per
1366 1073 1650 1154 gratiam

453 1181 656 1244 quam
722 1160 1016 1225 meruisti
1078 1169 1146 1224 te
1220 1161 1654 1243 deprecamur

454 1271 572 1333 per
632 1249 1045 1331 unigenitum
1095 1248 1439 1312 dominum
1503 1270 1656 1312 nos—

456 1353 676 1402 trum:
740 1347 811 1402 ut
872 1356 1065 1400 eruas
1125 1357 1247 1399 nos
1307 1358 1348 1401 a
1410 1337 1653 1420 laqueo

458 1427 689 1490 mortis
720 1425 1002 1488 alleluia.
1080 1441 1126 1510 γ
1176 1425 1255 1488 In
1287 1435 1650 1508 conspectu

456 1515 859 1597 angelorum.
958 1511 1187 1578 Oratio
1304 1514 1490 1577 Deus
1534 1515 1652 1597 qui

457 1605 641 1666 mire.
736 1607 801 1680 (ἶ
850 1600 907 1665 S
908 1601 938 1664 i
972 1601 1225 1682 festum
1272 1602 1486 1666 sancti
1528 1603 1653 1664 mi-

452 1692 689 1754 chaelis
712 1713 737 1754 .·
784 1690 891 1753 vel
926 1689 1138 1752 sancti
1176 1688 1539 1770 hieronymi
1583 1691 1652 1752 in

452 1779 777 1842 dominica
824 1777 1137 1841 ‘evenerit
1183 1801 1208 1842 .·
1298 1778 1657 1861 incipiatur

455 1867 743 1948 hystoria
848 1865 1239 1948 Adaperiat.
1331 1867 1654 1930 dominica

440 1955 753 2037 proxima
780 1963 1083 2037 sequente.
1174 1955 1389 2018 Lectio
1402 1956 1652 2037 prima.

458 2045 1039 2174 Hieronymus
1086 2041 1288 2123 igitur
1319 2054 1507 2125 patre
1538 2065 1654 2107 eu-

658 2131 843 2194 sebio
912 2138 1107 2193 natus
1168 2140 1321 2196 est:
1397 2141 1652 2195 vestem

460 2219 706 2286 Christi
750 2239 910 2302 puer
942 2237 1123 2280 rome
1154 2220 1485 2301 suscepit:
1532 2221 1656 2283 ibi·

459 2328 589 2391 que
621 2307 825 2371 literis
855 2307 1067 2388 grecis
1098 2326 1175 2370 ac
1207 2307 1428 2370 latinis
1452 2327 1493 2369 a
1522 2307 1656 2390 pri-

460 2414 656 2460 mevo
730 2395 1027 2458 eruditus
1101 2404 1244 2459 est:
1312 2396 1658 2478 presbyter

459 2503 727 2568 quoque
800 2482 1154 2546 cardinalis
1228 2483 1476 2548 ibidem
1554 2494 1658 2549 est

461 2573 820 2636 ordinatus
913 2570 1226 2652 Quodam
1272 2572 1461 2636 vero¹
1494 2573 1658 2636 dum

462 2683 548 2724 ex
583 2680 765 2723 more
800 2660 976 2722 idem
1018 2658 1446 2742 hieronymus
1494 2663 1659 2724 divi-

466 2771 553 2812 na
583 2749 668 2812 ad
715 2748 1070 2830 legendum
1116 2750 1350 2830 pandit
1380 2749 1659 2812 volumi·

464 2859 589 2901 na:
637 2845 705 2900 et
736 2834 1085 2900 mortalem
1113 2835 1512 2901 bibliothece
1544 2859 1660 2900 sue

464 2935 813 2989 auctorum
859 2924 1125 2988 tullium
1188 2926 1661 2990 recordatur¹z

466 3035 629 3078 mox
660 3014 893 3077 celitus
924 3033 1009 3076 ne
1038 3011 1207 3076 tales
1259 3017 1662 3097 quandoque

462 3101 829 3180 ,revolveret
859 3100 1063 3164 libros
1090 3123 1105 3166 :
1152 3102 1489 3166 salutifero
1518 3123 1662 3166 cas·

465 3192 715 3270 tigatus
748 3199 849 3252 est
879 3190 1165 3254 verbere.
1345 3191 1564 3254 Lectio
1595 3191 1663 3272 ij.

464 3279 829 3418 Sanctus
862 3278 1061 3359 igitur
1105 3275 1533 3361 hieronymus
1580 3280 1666 3342 de

596 3387 665 3428 se
728 3367 811 3428 ad
874 3363 1287 3429 eustochium
1340 3367 1662 3448 virginem

466 3453 760 3516 scribens
792 3454 885 3514 ita
916 3454 1187 3518 asserit:
1238 3455 1407 3518 Cum
1440 3454 1665 3519 subito

466 3550 697 3622 raptus
742 3541 807 3602 in
848 3541 1082 3622 spiritu
1114 3543 1199 3604 ad
1232 3540 1528 3614 tribunal,
1560 3544 1666 3624 ju-

468 3630 635 3692 dicis
668 3629 1012 3710 pertrahor
1034 3629 1059 3666 ³
1087 3650 1101 3694 ε
1150 3630 1237 3692 ibi
1272 3639 1535 3704 tantum
1571 3631 1666 3696 lu·

470 3717 667 3780 minis
738 3726 807 3779 et
872 3724 1136 3780 tanturn
1200 3728 1342 3781 erat
1402 3739 1489 3782 ex
1542 3722 1668 3782 cir-

398 3843 407 3850 ·
465 3804 943 3870 cuinstaiitium
992 3805 1293 3870 claritate
1339 3806 1614 3889 fulgoris
1652 3831 1667 3873 ε

456 3903 539 3972 ,υτ
595 3895 929 3975 projectus
977 3894 1043 3956 in
1105 3903 1344 3958 terram
1407 3917 1665 3960 sursum

464 3983 766 4064 aspicere
798 4001 927 4044 non
962 3981 1295 4048 auderem.
1378 3983 1668 4047 Interro-

464 4081 665 4158 gatus
711 4071 1195 4136 conditionem:
1228 4071 1664 4136 christianum

468 4182 580 4227 nie
606 4177 751 4224 esse
782 4159 1110 4242 respondi.
1312 4161 1531 4224 Lectio
1564 4162 1658 4244 izj.

564 4303 581 4336 ⁸
624 4303 1071 4369 ·temp0re’2dd:
1109 4305 1309 4356 R.N.S.

564 4373 586 4401 ⁴
622 4367 781 4420 nico:
820 4367 1116 4486 R²⁰lgolsorez
1156 4435 1292 4486 ΚΝ.

1585 4311 1606 4340 ⁸
1638 4309 2010 4360 recordaretur:
2047 4309 2117 4363 N.

1585 4377 1606 4404 ⁸
1637 4375 1902 4426 miserere:
1943 4375 2144 4427 R.N.S.

2263 347 2424 402 590

1751 457 1946 590 lile
1977 477 2134 520 vero
2165 457 2278 538 qui
2311 454 2696 537 presidebat
2725 475 2740 518 :
2775 473 2964 516 men-

1860 546 2000 609 tiris
2059 545 2194 615 ait..
2293 544 2774 610 Ciceronianus
2839 564 2914 606 es
2946 564 2965 606 :

1753 655 1888 697 non
1909 634 2320 703 christianus,
2355 632 2580 696 Illico⁴
2614 631 2966 695 obmutui:

1751 733 1820 786 et
1883 724 2054 786 inter
2097 722 2372 785 verbera
2417 739 2572 784 nam
2634 720 2787 783 cedi
2855 739 2966 783 me

1747 811 2049 891 jusserat.
2143 809 2451 875 Clamare
2481 819 2712 872 tamen
2759 809 2916 891 cepi
2953 827 2968 870 :

1755 899 2032 962 misere⁶
2107 899 2237 961 mei
2313 898 2584 960 domine
2644 897 2972 958 miserere

1755 989 1901 1050 mei.
2010 987 2318 1050 Tandem
2394 988 2479 1049 ad
2557 983 2974 1065 presidentis

1753 1095 1973 1158 genua
2033 1074 2362 1158 provoluti
2424 1075 2538 1157 qui
2601 1072 2973 1136 astiterant

1753 1164 2195 1246 precabantur
2217 1173 2326 1227 :ut
2349 1163 2610 1226 veniam
2631 1161 2974 1224 tribueret

1754 1253 2216 1317 adolescentie.
2855 1251 2870 1261 '
2887 1249 2902 1263 '
2919 1249 2934 1261 ’
2951 1250 2967 1262 ”

1749 1343 2140 1472 Exactor
2203 1339 2630 1420 interrogavit
2705 1339 2974 1402 exinde

1901 1440 2055 1511 post
2084 1429 2446 1492 cruciatum
2473 1449 2488 1490 ι
2517 1427 2574 1490 si
2603 1426 2974 1508 gentilium

1753 1517 2122 1580 litterarum
2143 1518 2344 1580 libros
2375 1516 2738 1597 aliquando
2761 1515 2976 1596 legis-

1751 1606 1972 1668 ειειτιὲεἰ
2009 1606 2158 1686 Ego
2188 1605 2302 1686 qui
2333 1613 2526 1667 tanto
2557 1603 2974 1666 constrictus

1751 1692 2028 1757 articulo
2089 1693 2330 1757 vellem
2407 1693 2610 1755 etiam
2697 1689 2973 1771 majora

1751 1783 2184 1864 promittere:
2258 1781 2560 1862 dejurare
2617 1780 2817 1861 cepi:
2897 1790 2976 1842 et

1753 1891 1994 1933 nomen
2059 1869 2201 1951 ejus
2261 1869 2604 1932 obtestans
2673 1869 2906 1930 dicere
2953 1889 2976 1934 ε

1755 1959 2046 2022 Domine
2089 1959 2140 2019 si
2190 1977 2483 2040 unquam
2515 1955 2818 2018 habuero
2849 1975 2978 2018 co-

1750 2047 1932 2110 dices
1962 2045 2325 2109 seculares:
2357 2045 2412 2107 si
2446 2044 2665 2126 legero
2693 2065 2708 2107 :
2740 2053 2816 2106 te
2847 2065 2982 2106 ne-

1751 2136 1922 2216 gavi.
1973 2135 2050 2196 In
2071 2134 2193 2197 hec
2213 2133 2606 2196 sacramenti
2629 2131 2840 2194 verba
2863 2133 2986 2194 di-

1755 2223 2018 2286 missus:
2046 2231 2334 2286 revertor
2355 2222 2440 2283 ad
2462 2240 2754 2304 superos,
2797 2220 2884 2284 L.
2909 2243 2982 2286 v.

1754 2312 1993 2443 Ego
2026 2311 2224 2392 igitur
2253 2309 2680 2390 hieronymus
2711 2309 2984 2372 miran-

1906 2399 2084 2462 tibus
2117 2399 2368 2462 cunctis
2404 2397 2631 2462 oculos
2675 2397 2928 2479 aperio
2963 2420 2986 2464 ι

1757 2497 1948 2551 tanto
1999 2486 2486 2568 lachrymarum
2535 2486 2748 2549 imbre
2815 2505 2988 2568 per-

1757 2576 1940 2638 fusus
1969 2597 1983 2639 z
2031 2585 2104 2638 ut
2135 2575 2336 2637 etiam
2371 2573 2718 2637 incredulis
2755 2573 2988 2639 fidem

1758 2663 2042 2728 facerem
2075 2683 2162 2725 ex
2204 2659 2475 2726 dolore.⁷
2567 2661 2710 2726 Nec
2759 2681 2996 2746 sopor

1759 2752 1868 2815 ille
1901 2752 2114 2814 inanis
2137 2751 2294 2814 fuit:
2327 2759 2442 2814 aut
2461 2769 2635 2814 vana
2658 2753 2994 2816 somnia:

1761 2840 2002 2922 quibus
2034 2859 2191 2921 sepe
2220 2839 2599 2902 deludimur
2631 2839 2838 2904 testis
2873 2851 2996 2904 est

1761 2928 2048 2991 tribunal
2085 2928 2244 2990 illud
2294 2936 2452 2990 ante
2496 2927 2677 3008 quod
2727 2925 2938 3006 jacui
2977 2949 2996 2992 ε

1757 3017 2008 3099 judicio
2040 3025 2210 3080 teste
2241 3016 2422 3098 quod
2456 3015 2666 3078 timui.
2719 3015 2998 3098 Plagas

1762 3105 1934 3168 sensi
1999 3125 2117 3186 per
2181 3105 2563 3168 somnium:
2639 3110 2709 3166 et
2777 3113 2998 3170 tanto

1761 3192 2003 3256 dehinc
2049 3192 2270 3256 studio
2322 3192 2550 3256 divina
2597 3190 2942 3273 legebam
2979 3217 2996 3257 :

1763 3290 2018 3364 quanto
2051 3280 2358 3344 mortalia
2409 3289 2566 3344 ante
2617 3299 2760 3343 non
2799 3281 3000 3364 lege·

1763 3389 1921 3433 ram.
2632 3368 2874 3434 Lectio
2907 3373 2998 3456 ιη’.

1761 3459 2100 3590 Beatus
2161 3456 2588 3539 hieronymus
2643 3457 2712 3520 in
2773 3458 2998 3523 libro·

1913 3565 2056 3608 rum
2089 3544 2500 3608 abundantia
2531 3545 2743 3609 fultus
2781 3548 2998 3612 dictis

1765 3636 1900 3696 suis
1976 3645 2207 3699 sancto
2285 3634 2515 3717 spiritu
2592 3632 2996 3702 dedicatis:

1769 3723 2175 3785 immobilem
2210 3721 2532 3786 catholice
2581 3724 2830 3787 turrim
2883 3745 2995 3788 ec-

1767 3810 1966 3874 clesie
2019 3821 2248 3874 contra
2302 3809 2708 3894 perfidorum
2747 3813 2994 3894 jacula

1767 3899 2228 3963 consumavit!
2335 3897 2488 3981 Ipse
2575 3899 2790 3962 etiam
2901 3923 2994 3964 ex

1767 3987 2096 4050 occidenti
2145 3987 2230 4049 ad
2281 3989 2602 4050 orientem
2636 3991 2994 4052 transiens

1767 4075 2120 4138 ecclesiam
2160 4096 2174 4139 :
2297 4075 2366 4137 in
2458 4075 2620 4138 locis
2717 4081 2994 4142 sanctis

1769 4174 1972 4245 atque
2035 4164 2269 4226 litteris
2331 4163 2530 4227 sacris
2591 4183 2820 4246 usque
2909 4167 2996 4230 ad

2385 4313 2406 4341 ⁸
2441 4309 2759 4376 pertraheret
2785 4331 2800 4362 ε
2841 4311 2924 4365 Ν.

2383 4381 2405 4407 ⁸
2439 4377 2656 4440 legerem
2687 4393 2720 4426 ε·
2739 4375 2816 4428 N.

1859 4445 1880 4472 ⁸
1911 4443 2272 4494 consummavit
2303 4463 2316 4494 ε
2355 4441 2556 4494 R.N.S.
