3117 4959
948 243 1229 300 INDEX
1272 247 1325 299 Α
1334 246 1401 299 N
1404 246 1457 300 Τ
1451 246 1606 301 ΙΡΗ
1610 248 1776 304 ΟΝΑ
1782 251 1984 308 RUM.

750 353 907 408 849

214 469 359 524 Sicut
380 473 545 522 malus
566 473 703 521 inter
721 471 865 536 ligna
885 471 1151 532 silvarum,
1182 469 1249 522 80

213 542 359 590 Sicut
380 540 521 588 misit
544 554 619 586 me
632 543 782 602 pater
800 544 847 585 et
866 553 963 600 ego,
992 536 1091 588 268

214 608 357 654 Sicut
380 605 589 668 myrrha
610 605 753 652 electa
773 603 979 662 odorem,
1007 615 1107 665 499

216 671 355 722 Sicut
378 670 575 720 novelle
596 669 855 728 olivarum,
887 678 983 731 529

216 739 357 787 Sicut
378 735 521 786 novit
544 750 624 784 me
648 743 803 797 pater,
830 747 931 796 449

215 803 355 852 Sicut
377 809 520 867 pater
540 800 743 850 suscitat
766 810 1001 860 mortuoS,
1035 813 1131 863 340

215 870 361 916 Sicut
373 874 525 933 pater
540 867 747 916 suscitat
770 873 1006 926 mortuos,
1029 864 1129 914 668

216 935 481 997 Signatum
502 941 576 982 est
599 948 747 996 super
768 947 861 980 nos
882 932 1067 990 lumen,
1096 943 1189 993 271

214 1000 459 1048 Similabo
478 1015 591 1048 eum
614 999 725 1047 viro
746 998 973 1061 sapienti,
1003 1010 1071 1059 49

214 1067 394 1114 Simile
413 1072 485 1114 est
507 1080 714 1128 regnum
737 1079 777 1113 c.
802 1064 975 1122 decem,
1004 1075 1069 1125 70

216 1130 393 1182 Simile
415 1140 491 1180 est
514 1145 721 1194 regnum
742 1144 785 1178 0.
814 1129 1025 1188 homini,
1053 1140 1149 1192 237

212 1198 394 1246 Simile
414 1204 485 1245 est
507 1211 715 1260 regnum
737 1212 775 1244 c.
804 1195 1015 1254 homini,
1044 1193 1109 1244 68

210 1263 397 1312 Simile
416 1270 485 1311 est
506 1278 715 1325 regnum
737 1277 776 1310 c.
802 1276 991 1324 sagene,
1018 1260 1087 1310 60

214 1329 339 1378 Sine
360 1329 556 1378 macula
579 1328 629 1376 b.
655 1327 939 1390 stephanus,
969 1337 1033 1387 97
1134 1385 1139 1390 θ

211 1395 381 1443 Sinite
404 1411 480 1442 me
501 1394 673 1457 inquit
693 1393 849 1442 celum
869 1393 1049 1450 videre,
1079 1391 1176 1454 683

213 1461 327 1510 Sint
350 1460 509 1508 lumbi
532 1459 681 1507 vestri
704 1458 959 1522 precincti,
986 1471 1078 1520 941

211 1527 335 1574 Sint
354 1525 519 1574 lumbi
534 1525 691 1574 vestri
699 1525 957 1587 precincti,
990 1523 1067 1586 58,
1096 1523 1193 1586 653

214 1591 295 1640 Sit
313 1607 499 1640 nomen
522 1591 609 1639 dni
634 1590 971 1649 benedictum,
996 1588 1093 1652 875

210 1657 397 1705 Sitivit
415 1657 595 1706 anima
616 1673 723 1704 mea
744 1655 817 1704 ad
829 1655 992 1714 deum,
1019 1655 1119 1716 664

212 1722 386 1773 Sitivit
408 1723 461 1770 in
484 1731 535 1772 te
558 1721 723 1770 anima
745 1737 873 1780 mea,
902 1732 1001 1783 790

212 1789 303 1838 sol
327 1797 379 1838 et
394 1789 511 1837 luna
534 1789 748 1846 laudate,
779 1785 875 1850 318

214 1855 576 1903 Solennitatem
600 1853 884 1916 magdalene
903 1852 1090 1910 celebri,
1119 1864 1217 1915 403

210 1921 357 1969 Solve
364 1921 573 1983 jubente
592 1920 675 1969 deo
696 1925 951 1968 terranem
966 1925 1121 1982 petre,
1152 1927 1269 1981 205,
1297 1917 1413 1981 346,

212 1995 409 2101 50ῗὲξο
432 2051 673 2116 templum
698 2050 793 2100 hoc
816 2049 937 2099 dicit
960 2049 1071 2109 dns,
1103 2060 1198 2112 337

210 2117 369 2166 Soror
390 2133 497 2166 mea
518 2117 653 2166 lucr‘a
672 2117 827 2180 virgo,
864 2128 955 2178 123

206 2183 455 2247 Specialis
477 2183 617 2246 virgo
642 2183 777 2231 inter
796 2183 1017 2247 agmina,
1054 2190 1144 2244 175

210 2249 381 2313 Specie
401 2249 615 2311 corporis
633 2248 800 2297 decora
822 2248 993 2306 nimis,
1024 2257 1123 2307 720

209 2315 379 2379 Specie
400 2322 495 2363 tua
514 2321 561 2362 et
572 2311 954 2378 pulchritudine
974 2320 1081 2369 tua,
1110 2312 1193 2372 62,
1223 2322 1321 2375 500

210 2381 437 2444 Speciosa
443 2380 589 2443 facta
610 2395 658 2428 es
677 2387 725 2428 et
743 2380 915 2428 suavis
938 2379 1012 2437 in,
1034 2377 1133 2439 488

212 2446 485 2510 Speciosus
508 2445 666 2494 forma
687 2460 775 2509 pre
797 2444 929 2502 filiis,
964 2457 1059 2504 140

210 2513 397 2576 Speret
418 2511 563 2560 israel
588 2511 639 2560 in
662 2510 883 2570 domin0,
912 2509 1009 2571 908

211 2579 345 2641 Spes
367 2587 537 2626 nostra
559 2577 691 2626 salus
713 2585 881 2626 nostra
903 2577 1081 2637 honor,
1111 2586 1223 2639 522,
1253 2574 1317 2624 88
1322 2584 1349 2638 5

212 2644 437 2708 Spiritus
454 2643 543 2692 dni
566 2657 712 2719 super
734 2658 830 2700 me,
859 2655 925 2703 49

213 2709 435 2774 Spiritus
455 2707 647 2757 domim
672 2707 895 2772 replevit,
926 2717 1016 2771 501

210 2777 445 2838 Spiritus
464 2781 511 2823 et
531 2776 699 2822 anime
707 2775 979 2838 justorum,
1012 2785 1109 2836 343

212 2841 433 2906 Spiritus
454 2840 619 2888 omnis
642 2840 811 2889 laudet
832 2839 973 2897 dnm,
1002 2849 1102 2902 750

213 2907 435 2971 Spiritus
458 2915 657 2956 sanctus
680 2905 735 2954 in
758 2914 807 2955 10
830 2906 1113 2964 descendet,
1150 2904 1223 2963 16,
1253 2903 1351 2965 678

213 2973 447 3036 Spiritus
472 2979 673 3036 sanstus
694 2972 753 3020 in
773 2979 821 3020 te
838 2971 1093 3030 descendet,
1123 2983 1223 3033 234

214 3039 436 3103 Spiritus
458 3049 659 3087 sanctus
682 3035 905 3102 replevit,
938 3047 1031 3100 505

215 3104 445 3168 Sponsus
468 3111 523 3152 ut
545 3119 575 3152 e
598 3103 817 3152 thalamo
842 3102 1093 3167 processit,
1125 3111 1220 3162 747

216 3170 373 3220 Stans
396 3185 429 3218 a
451 3171 601 3234 longe
624 3169 933 3235 publicanus,
960 3168 1058 3231 633

216 3235 369 3286 Stans
391 3245 561 3286 autem
580 3236 727 3299 Jesus
743 3235 887 3297 jussit
905 3249 1093 3292 cecum,
1123 3232 1223 3283 262

210 3303 371 3350 Stans
392 3303 530 3350 beata
553 3317 703 3365 agnes
724 3301 780 3348 in
804 3301 975 3357 medio,
1011 3312 1103 3360 149

214 3369 373 3416 Stans
394 3375 528 3416 retro
550 3367 715 3415 maria
736 3381 869 3414 secus
881 3366 1041 3429 pedes,
1070 3363 1168 3427 398

212 3435 333 3482 Stat
352 3450 384 3482 a
408 3433 600 3482 dextris
621 3433 727 3497 ejus
746 3448 909 3495 agnus
930 3432 1063 3492 nive,
1097 3430 1188 3491 148

212 3499 401 3549 Statuit
427 3515 487 3548 ea
510 3499 561 3546 in
585 3507 829 3556 eternum,
860 3510 957 3560 302

214 3565 379 3615 Stella
402 3566 497 3614 ista
518 3565 643 3613 sicut
667 3563 868 3612 flamma
890 3569 1129 3621 coruscat,
1165 3573 1254 3624 177

210 3631 379 3680 Stella
400 3645 551 3694 qnam
576 3629 803 3678 viderant
827 3629 977 3692 magi,
1009 3639 1103 3690 177

212 3696 506 3760 Stephanus
528 3695 653 3744 vidit
677 3696 813 3745 celos
834 3703 1049 3758 apertos,
1084 3706 1177 3742 100

212 3761 371 3811 Stetit
391 3762 537 3825 Jesus
560 3760 612 3810 in
636 3761 803 3810 medio
826 3759 1197 3824 discipulorum,
1224 3769 1322 3820 417

212 3827 419 3877 Strictis
440 3827 639 3876 thomas
660 3825 877 3885 ensibus,
911 3837 1000 3888 125

208 3895 557 3942 Strinxerunt
578 3893 790 3956 corporis
811 3893 1041 3950 membra,
1069 3891 1170 3952 466

210 3959 329 4008 Sub
352 3959 532 4008 throno
556 3959 639 4008 dei
662 3974 837 4008 omnes
859 3957 1033 4016 5211011,
1068 3970 1086 4006 1
1102 3970 1161 4018 19

206 4027 325 4074 Sub
347 4031 487 4073 tuam
502 4025 849 4089 protectionem
871 4023 1199 4088 confugimus,
1226 4023 1325 4084 488

206 4093 324 4140 Sub
346 4099 493 4138 tuum
506 4091 787 4154 presidium
812 4089 1142 4154 confugimus,
1170 4089 1269 4151 478

206 4159 434 4205 Summa
457 4157 741 4220 ingenuitas
766 4157 861 4204 ista
882 4163 968 4213 est,
1004 4155 1094 4216 189

203 4223 432 4272 Summa
456 4223 571 4271 laus
591 4222 752 4270 dulcis
776 4223 995 4280 melodia,
1026 4221 1123 4283 580

204 4289 431 4338 Summo
452 4288 733 4337 sacerdotio
757 4287 969 4346 thomas,
1003 4300 1088 4335 121

205 4356 350 4405 Sunt
374 4355 439 4403 de
462 4354 545 4404 hic
569 4354 831 4412 stantibuS,
867 4365 961 4401 110

200 4422 385 4484 Super
404 4421 573 4470 omnia
592 4420 733 4483 ligna
755 4420 1023 4478 cedrorum,
1056 4418 1151 4482 556

2028 359 2188 414 850

1518 471 1680 536 Super
1703 483 1876 538 peetus
1897 476 1986 526 diii
2007 477 2146 540 Jesu,
2179 489 2271 540 103

1518 539 1680 602 Super
1702 541 1882 590 solium
1905 541 2074 602 david,
2103 555 2166 606 33

1516 604 1679 669 Super
1701 613 1752 655 te
1775 607 2088 668 hierusalem,
2121 619 2183 672 35

1516 671 1678 735 Surge
1699 688 1810 736 ergo
1829 680 1876 722 et
1895 675 2017 723 vade
2031 689 2049 722 :
2079 681 2140 733 et,
2168 689 2270 736 444

1517 735 1676 799 Surge
1699 747 1748 786 et
1771 739 1824 786 in
1847 747 2073 788 eternum
2096 741 2249 798 salva,
2278 751 2376 802 740

1518 801 1838 866 Suscepimus
1862 805 1986 854 deus
2008 805 2413 866 misericordiam,
2443 817 2522 869 79,
2558 805 2652 869 140

1518 867 1748 932 Suscepit
1773 869 1896 920 deus
1919 870 2064 920 israel
2089 887 2294 935 puerum
2318 889 2478 933 suum,
2507 888 2606 936 919

1518 933 1726 999 Suscipe
1751 937 1956 984 verbum
1981 936 2121 1000 virgo
2145 938 2316 998 maria,
2343 939 2439 1000 677

1516 1001 1843 1063 Suscipientes
1863 1002 1991 1050 beati
2008 1003 2164 1066 egidii
2179 1005 2420 1062 solennia,
2451 1016 2544 1068 523

1514 1065 1704 1128 Sydera
1724 1083 1993 1117 scansurus
2013 1069 2162 1117 terris
2181 1086 2292 1132 que,
2317 1083 2414 1132 203

1516 1131 1727 1191 Symeon
1735 1133 1912 1196 justus
1932 1141 1980 1182 et
2000 1135 2280 1195 timoratus,
2315 1135 2409 1185 182

1517 1196 1704 1258 Symon
1727 1197 1932 1262 barjona
1955 1207 2014 1248 tu
2034 1201 2290 1260 vocaberis,
2321 1214 2434 1263 207,
2461 1213 2560 1266 435

1516 1262 1706 1325 Symon
1729 1263 1916 1314 dormis
1939 1280 2038 1314 non
2064 1265 2266 1330 potuisti
2290 1283 2404 1327 una,
2433 1279 2530 1330 374

1517 1329 1702 1391 Symon
1711 1330 1960 1392 johannis
1980 1333 2154 1394 diligis
2177 1349 2252 1382 me
2261 1334 2397 1396 plus,
2430 1335 2528 1382 206

1518 1393 1654 1456 Syon
1679 1395 1782 1443 noli
1807 1395 1998 1456 timere,
2026 1408 2088 1460 27

1516 1459 1654 1524 Syon
1677 1463 1992 1512 renovaberis
2013 1471 2064 1512 et
2087 1462 2296 1524 videbis,
2324 1464 2390 1526 36

1526 1657 1579 1706 T
1567 1657 1708 1706 AL!
1721 1675 1936 1723 namque
1955 1660 2028 1708 ad
2039 1660 2317 1720 dominum,
2346 1662 2446 1723 609

1524 1724 1561 1771 'l
1567 1724 1743 1772 andem
1765 1725 1835 1772 ad
1849 1726 2016 1788 sponsi
2033 1726 2282 1786 noticiam,
2317 1741 2336 1776 1
2351 1728 2410 1776 18

1514 1789 1780 1853 Tanquam
1802 1805 2012 1853 sponsus
2033 1792 2145 1850 diis,
2174 1802 2235 1853 77

1525 1854 1715 1903 Tantas
1727 1865 1824 1919 per
1845 1857 1994 1904 illum
2015 1857 2126 1916 dns,
2153 1858 2253 1906 606

1527 1920 1685 1969 Tanto
1701 1937 1915 1984 namque
1934 1923 2154 1986 amplius
2167 1926 2370 1987 peccati,
2398 1925 2496 1988 396

1528 1987 1684 2034 Tanto
1707 1988 2170 2051 namquefilrciores
2190 2005 2240 2038 se
2259 2007 2368 2050 esse,
2403 2005 2422 2040 1
2433 2003 2489 2054 51

1516 2051 1684 2100 Tanto
1707 2060 1932 2116 tempore
1953 2054 2209 2104 vobiscum
2232 2071 2385 2116 eram,
2413 2069 2513 2118 370

1518 2116 1598 2166 Te
1620 2118 1764 2166 decet
1789 2118 2001 2181 hymnus
2023 2119 2146 2169 deus
2169 2119 2220 2170 in
2244 2137 2384 2184 syon,
2412 2123 2507 2183 807

1516 2183 1594 2231 Te
1615 2183 1767 2232 deum
1791 2194 1981 2248 patrem
2003 2185 2296 2249 ingenitum,
2325 2188 2440 2251 528,
2466 2188 2563 2252 885

1524 2249 1557 2296 7
1567 2249 1594 2297 'e
1608 2250 1849 2314 gloriosus
1869 2253 2192 2314 apostolorum
2215 2254 2405 2312 chorus,
2432 2254 2532 2317 656

1516 2314 1594 2363 Το
1619 2315 1938 2366 invocamus:
1975 2325 2024 2366 te
2047 2318 2326 2378 adoramus,
2357 2330 2470 2384 522,
2498 2319 2596 2384 885

1518 2379 1596 2429 Το
1614 2380 1724 2444 jure
1751 2382 1956 2432 laudant
1981 2401 1994 2432 =
2029 2391 2080 2432 te
2101 2385 2328 2444 adorant,
2358 2387 2454 2450 526

1517 2445 1596 2495 Το
1619 2447 1704 2510 qui
1728 2447 1780 2495 in
1805 2447 1978 2512 spiritu
2002 2457 2051 2498 et
2076 2449 2209 2513 igne,
2245 2463 2333 2514 193

1517 2511 1596 2560 Te
1618 2528 1812 2576 semper
1835 2513 1970 2562 idem
1993 2531 2100 2564 esse
2125 2516 2306 2577 vivere,
2335 2527 2448 2581 521,
2476 2516 2540 2567 88
2547 2527 2576 2581 5

1516 2577 1594 2626 Το
1617 2593 1770 2627 unum
1795 2579 1846 2628 111
1869 2581 2160 2641 substantia,
2192 2593 2289 2645 520

1516 2643 1594 2692 Το
1617 2659 1770 2693 unum
1794 2645 1844 2693 in
1869 2647 2144 2696 substantia
2166 2648 2454 2708 trinitatem,
2483 2647 2582 2712 885

1517 2708 1710 2758 Tecum
1733 2711 2028 2774 principium
2053 2712 2104 2760 in
2127 2713 2227 2772 die,
2253 2726 2314 2773 91

1516 2774 1742 2839 Tempus
1764 2792 1930 2826 meum
1953 2778 2174 2826 nondum
2197 2779 2417 2839 advenit,
2445 2780 2544 2843 356

1516 2841 1674 2890 Terra
1695 2841 1894 2891 tremuit
1917 2850 1966 2891 et
1989 2843 2194 2907 quievit,
2222 2843 2320 2906 380

1526 2907 1788 2955 'l'etradius
1810 2909 2002 2972 cognita
2024 2909 2106 2958 dei
2122 2913 2325 2970 virtute,
2353 2921 2452 2972 374

1517 2973 1869 3038 Thesaurizate
1891 2974 2033 3022 vobis
2055 2975 2326 3036 thesauroS,
2355 2977 2450 3040 265

1526 3039 1738 3087 Thomas
1759 3039 1852 3103 qui
1870 3040 2060 3088 di'citur
2077 3041 2312 3100 didimus,
2348 3055 2437 3104 127

1518 3104 1639 3152 Tibi
1661 3104 1755 3153 soli
1929 3105 1980 3154 vi
2003 3105 2222 3166 domine,
2249 3107 2346 3169 827

1517 3169 1666 3219 Tolle
1689 3171 1822 3234 quod
1846 3179 1986 3220 tuum
2009 3180 2083 3221 est
2107 3181 2158 3222 et
2179 3174 2322 3233 vade,
2352 3187 2446 3235 242

1518 3236 1706 3284 Tollite
1729 3245 1897 3300 portas
1921 3237 2168 3302 principes
2191 3248 2392 3299 vestm,
2419 3239 2519 3303 658

1525 3302 1871 3366 Torquebatur
1887 3304 2057 3352 animo
2069 3306 2370 3368 paschasius,
2404 3318 2496 3368 123

1528 3367 1582 3416 T
1571 3369 1906 3482 otafipulcltra
1947 3386 1996 3419 es
2038 3371 2200 3420 amica
2239 3388 2360 3432 mea,
2401 3373 2519 3434 76η,
2565 3386 2714 3436 10911,

1522 3499 1684 3548 Το1115
1705 3499 1840 3549 orbis
1866 3500 2091 3564 martyris
2113 3511 2285 3561 certat,
2319 3515 2409 3565 127

1528 3566 1748 3613 Tradent
1767 3567 1898 3614 enim
1919 3583 2015 3626 vos,
2052 3580 2070 3615 1

1522 3631 1772 3679 Tradetur
1793 3631 1928 3680 enim
1950 3633 2197 3696 gentibus,
2226 3634 2340 3697 263,
2369 3646 2465 3697 307

1530 3697 1583 3744 Τ
1575 3696 1872 3745 ναόιὶίεηιηί
1893 3706 2092 3761 corpora
2113 3715 2222 3758 sua,
2251 3701 2317 3749 28

1521 3761 1756 3810 Traditor
1779 3770 1945 3811 autem
1969 3764 2110 3814 dedit
2132 3765 2204 3814 eis
2227 3766 2438 3829 signum,
2467 3767 2564 3830 382

1529 3827 1781 3875 Traditur
1798 3844 1908 3891 ergo
1931 3846 1961 3876 a
1977 3837 2123 3893 patre
2144 3831 2425 3891 doctoribus,
2455 3843 2554 3894 720

1522 3893 1833 3942 Transeunte
1858 3895 1960 3942 dno
1983 3897 2228 3946 clamabat
2251 3913 2412 3958 cecus,
2441 3899 2532 3949 261

1521 3959 1644 4006 Tria
1665 3967 1779 4008 sunt
1805 3975 2008 4010 munera
2031 3978 2144 4025 que,
2180 3963 2270 4024 169

1532 4025 1584 4072 T
1576 4025 1796 4074 tice-simo
1816 4026 2148 4076 ordinationis·
2166 4044 2252 4076 sue
2270 4045 2418 4088 anno,
2447 4030 2540 4090 691

1522 4090 1748 4139 Tristitia
1770 4091 1994 4154 implevit
2018 4109 2103 4142 cor
2125 4103 2358 4153 vestrum,
2386 4106 2482 4158 457

1522 4157 1750 4205 Tristitia
1772 4165 1934 4206 vestra
1955 4158 2170 4217 alleluia,
2197 4159 2296 4222 456

1524 4222 1749 4271 Tristitia
1771 4231 1933 4272 vestra
1957 4232 2188 4283 vertetur,
2215 4225 2315 4287 456

1525 4288 1700 4337 Trium
1725 4305 1986 4352 puerorum
2011 4299 2282 4349 cantemuS,
2313 4304 2408 4354 302

1527 4353 1606 4402 Tu
1633 4363 1798 4403 autem
1822 4371 1934 4404 cum
1958 4355 2190 4414 oraveris,
2221 4357 2317 4406 268

1527 4420 1608 4468 Tu
1635 4420 1882 4470 bethleem
1907 4429 2036 4472 terra
2052 4422 2190 4484 juda,
2218 4432 2283 4483 47
