3117 4959
534 259 636 314 IN
682 259 947 314 FESTO
1000 260 1057 314 S.
1110 261 1590 316 EADMUNDI
1631 261 2291 318 ARCHIEPISCOPI.

681 368 839 423 695

148 475 422 606 Deus
482 475 595 557 qui
653 473 955 557 largiflue
1029 474 1349 538 bonitatis

302 563 580 626 consilio
598 562 943 626 ecclesiam
975 572 1162 627 tuam
1195 563 1351 627 bea-

150 651 201 713 ti
225 650 589 714 eadmundi
615 650 1009 714 confessoris
1027 652 1123 715 tui
1148 659 1350 732 atque

152 737 488 820 pontificis
554 739 845 821 preclare
904 739 1039 802 vite
1100 739 1353 802 meritis

152 827 481 889 decorasti
532 836 599 891 et
657 827 963 909 gloriosis
1023 825 1353 892 letificasti

156 913 525 977 miraculis:
554 915 847 979 concede
878 915 1204 997 propitius
1236 935 1354 978 no-

154 1002 251 1065 bis
283 1001 554 1066 famulis
584 1003 753 1066 tuis:
802 1013 876 1066 ut
920 1011 987 1066 et
1034 1003 1239 1085 ipsius
1286 1002 1353 1066 in

156 1090 389 1153 melius
420 1089 853 1154 reformemur
884 1089 1251 1173 exemplis:
1285 1099 1354 1154 et

154 1180 237 1241 ab
281 1178 597 1242 omnibus
648 1198 913 1261 semper
942 1179 1085 1260 ejus
1130 1187 1352 1260 patro-

157 1267 326 1330 cinio
388 1275 821 1348 protegamur
873 1267 1182 1331 adversis,
1237 1287 1355 1349 per

154 1355 519 1417 dominum.
1070 1354 1279 1418 Lectio
1288 1355 1351 1437 j.

169 1442 567 1576 Gloriosus
657 1442 857 1523 igitur
936 1441 1355 1506 eadmundus

282 1531 763 1594 cantuariensis
824 1530 1355 1613 archiepiscopus

160 1638 199 1680 a
311 1617 875 1682 christianissimis
971 1619 1356 1699 parentibus

160 1704 517 1769 abindonie
608 1707 834 1770 extitit
954 1707 1355 1789 progenitus,

165 1793 365 1874 Cujus
436 1802 655 1857 mater
728 1814 936 1875 usque
1012 1795 1099 1857 ad
1176 1795 1356 1857 diem

165 1883 387 1944 mortis
417 1903 539 1944 sue
590 1881 859 1945 loricam
911 1881 1186 1945 ferream
1237 1903 1357 1963 pro

164 1969 427 2032 Christo
456 1971 641 2032 carni
697 1971 1073 2052 proximam
1105 1969 1357 2033 desere-

165 2057 291 2122 bat.
352 2058 511 2141 Que
531 2057 666 2120 filio
696 2079 817 2121 suo
850 2078 1094 2121 nomen
1115 2058 1358 2120 indidit

158 2147 545 2214 salvatoris:
622 2166 916 2209 amorem
979 2146 1358 2227 impressit:

168 2245 229 2296 et
297 2235 575 2298 incussit
663 2235 986 2297 timorem.
1141 2233 1361 2298 Omne

168 2323 407 2403 quippe
484 2332 833 2404 peccatum
910 2343 1232 2386 execrans
1292 2330 1361 2384 et

170 2410 536 2474 maliciam:
628 2411 803 2474 bone
879 2410 1123 2473 indolis
1198 2429 1361 2493 puer

169 2498 621 2562 eadmundus:
652 2498 853 2562 deum
874 2499 1089 2561 solum
1122 2499 1360 2561 dilexit

172 2588 391 2649 mundi
428 2588 939 2669 redemptorem.
1020 2587 1174 2668 Ipse
1204 2607 1361 2649 vero

170 2693 311 2736 cum
334 2675 555 2738 adhuc
574 2685 747 2737 esset
769 2674 1079 2756 puerulus
1098 2675 1362 2756 egregie

174 2764 393 2824 matris
419 2763 691 2826 monitis
717 2762 986 2844 jejuniis
1018 2771 1088 2826 et
1118 2763 1360 2826 oratio—

174 2849 357 2913 nibus
434 2852 747 2914 insistens
821 2849 1105 2914 cilicium
1184 2849 1362 2914 carni

176 2939 547 3018 proximum
579 2938 937 3003 deferebat.
1052 2938 1264 3001 Lectio
1295 2939 1361 3018 ij.

331 3027 677 3090 dolescens
718 3027 1025 3109 equidem
1052 3026 1263 3090 sactus
1288 3026 1366 3088 li-

332 3115 664 3179 beralibus
684 3117 966 3179 traditur
984 3115 1221 3178 studiis
1240 3115 1364 3177 im-

178 3200 489 3267 buendus,
535 3205 733 3267 Viam
765 3203 1059 3267 veritatis
1090 3223 1133 3266 a
1156 3211 1367 3265 matre

179 3289 431 3354 dociam
466 3293 481 3330 ¹
576 3292 933 3355 studiosius
1009 3290 1365 3371 amplexus

180 3386 311 3440 est:
358 3400 573 3462 neque
622 3381 709 3442 ab
756 3401 837 3442 ea
882 3379 967 3442 ad
1015 3380 1362 3443 dexteram

182 3466 561 3532 extollendo
590 3468 677 3530 de
708 3469 957 3530 meritis
986 3488 999 3531 :
1034 3487 1246 3549 neque
1278 3467 1364 3529 ad

184 3553 507 3618 sinistram
606 3555 1100 3619 succumbendo
1188 3555 1366 3618 vitiis

183 3639 547 3708 declinavit.
641 3644 885 3707 Factus
938 3651 1173 3724 postea
1227 3649 1367 3705 ma-

184 3729 377 3808 gister
436 3733 727 3796 artium:
797 3731 863 3793 in
925 3732 1075 3794 cibo
1133 3730 1369 3793 habuit

186 3816 686 3883 abstinentiam:
733 3820 798 3882 in
848 3819 957 3882 siti
1002 3817 1366 3882 tolleranti-

180 3923 327 3972 am:
372 3908 437 3970 in
472 3927 709 3970 somno
740 3907 1037 3989 vigiliam
1068 3928 1082 3970 :
1132 3926 1265 3968 non
1299 3907 1365 3969 in

188 3989 390 4058 lecto:
436 3997 553 4060 sed
595 3995 797 4077 juxta
836 3996 1073 4058 sedens
1117 3993 1221 4057 vel
1272 4014 1367 4057 re-

187 4083 535 4148 cumbens:
609 4085 889 4146 vestitus
961 4082 1028 4145 in
1106 4101 1369 4145 camera

190 4187 530 4253 parumper
574 4173 941 4254 quiesceret
976 4193 989 4233 :
1038 4171 1099 4233 vi
1135 4179 1369 4233 nature

189 4259 591 4340 compulsus:
640 4279 759 4342 per
803 4258 1195 4341 trigintasex
1252 4278 1366 4322 an-

640 4431 653 4460 ¹
691 4429 929 4478 doctam:
966 4427 1111 4478 W.S.

1963 371 2120 425 696

1454 495 1577 538 nos
1609 478 1897 540 creditur
1927 477 2328 543 observasse:
2423 479 2489 542 H
2498 479 2654 543 abe-

1456 565 1574 626 bat
1605 565 1831 648 itaque
1861 565 2187 629 cilicium:
2235 587 2368 629 non
2402 577 2475 630 ut
2509 588 2654 631 mos

1454 661 1557 714 est
1589 651 1714 714 filis
1745 654 2098 717 subtilibus
2129 654 2463 717 intextum
2490 677 2504 718 :
2537 655 2654 718 sed

1454 739 1540 802 ad
1591 740 1799 803 instar
1852 741 2098 804 rhetis²
2146 743 2519 806 densissimi
2553 744 2656 805 in-

1455 828 1810 892 tricatum:
1858 830 2038 910 quod
2089 830 2302 893 nodos
2355 840 2494 893 tam
2559 832 2658 894 in-

1455 917 1899 980 numerabiles
1931 937 2136 1000 quam
2183 917 2656 982 intollerabiles

1456 1004 1862 1068 continebat.
2306 1005 2524 1069 Lectio
2555 1007 2655 1088 izj.

1451 1092 1744 1222 Igitur
1773 1093 1934 1155 dum
1967 1091 2205 1157 beatus
2236 1094 2658 1158 eadmundus

1564 1181 1632 1242 in
1677 1180 1802 1244 hac
1847 1200 2038 1244 cruce
2086 1180 2442 1246 multifaria
2479 1181 2658 1246 fixus

1459 1266 1677 1331 adhuc
1710 1268 2197 1350 philosophiam
2239 1270 2507 1334 doceret
2537 1291 2658 1352 ap·

1459 1356 1680 1436 paruit
1732 1356 1793 1418 ei
1847 1356 1958 1437 pia
2007 1367 2221 1420 mater
2268 1358 2412 1440 ejus
2457 1358 2658 1440 paulo

1458 1452 1616 1506 ante
1648 1442 1962 1506 defuncta
1989 1463 2004 1506 :
2051 1454 2119 1507 et
2149 1445 2244 1508 ait
2272 1466 2288 1508 :
2335 1445 2462 1508 Fili
2495 1446 2656 1528 quid

1460 1531 1672 1612 legis?
1765 1529 1916 1611 Que
1961 1541 2117 1595 sunt
2163 1532 2370 1614 figure
2415 1533 2658 1614 quibus

1459 1626 1601 1682 tam
1677 1620 1908 1682 sedule
1967 1621 2211 1683 vacas?
2321 1621 2454 1703 Qui
2505 1642 2658 1704 pro-

1460 1707 1894 1770 tractionibus
1925 1709 2347 1771 arismetricis
2376 1709 2658 1773 ostensis

1460 1795 1638 1858 dixit
1670 1795 1862 1858 Talia
1894 1806 2050 1859 sunt
2082 1817 2212 1878 que
2245 1796 2414 1878 lego,
2487 1797 2658 1860 Mox

1460 1883 1576 1945 illa
1622 1902 1735 1965 per
1785 1903 2055 1946 manum
2089 1886 2438 1948 dexteram
2473 1884 2657 1947 illum

1462 1971 1817 2053 arripiens:
1851 1973 2204 2054 protractis
2241 1974 2306 2035 in
2340 1993 2420 2036 ea
2450 1974 2660 2037 tribus

1463 2059 1766 2122 circulis:
1842 2059 1964 2123 hec
2025 2061 2152 2124 tria
2211 2063 2482 2124 nomina
2543 2081 2660 2143 per

1462 2147 1764 2210 ordinem
1815 2149 2112 2230 scripsit:
2161 2159 2386 2231 pater:
2435 2149 2659 2213 filius:

1463 2235 2016 2316 spiritussanctus
2113 2237 2204 2299 Et
2234 2237 2367 2302 ait:
2417 2237 2543 2300 Fili
2576 2237 2662 2300 de

1464 2333 1687 2386 cetero
1761 2323 1906 2386 aliis
1981 2325 2286 2389 omissis:
2363 2326 2506 2387 istis
2567 2325 2662 2386 in-

1466 2411 1684 2474 tende.
2295 2413 2508 2476 Lectio
2540 2413 2662 2494 iiij.

1465 2499 1717 2630 His
1777 2519 1937 2581 ergo
1999 2499 2091 2562 ita
2152 2501 2399 2582 gestis:
2463 2501 2664 2582 juxta

1661 2589 1842 2670 quod
1874 2587 1999 2650 sibi
2033 2588 2245 2652 fuerat
2278 2589 2665 2653 revelatum:

1465 2675 1761 2737 studium
1793 2695 1976 2738 sacre
2023 2675 2355 2759 theologie
2401 2687 2665 2739 extem-

1466 2763 1582 2845 plo
1631 2763 1984 2844 amplexus
2033 2773 2148 2826 est.
2244 2765 2323 2826 In
2364 2785 2498 2846 qua
2549 2765 2664 2827 de-

1466 2851 1674 2912 cursis
1734 2870 2092 2932 paucorum
2155 2871 2480 2914 annorum
2545 2853 2665 2915 cir-

1466 2937 1676 3000 culis:
1723 2939 1958 3001 doctor
2005 2938 2278 3002 effectus
2331 2950 2433 3002 est
2479 2940 2666 3002 nobi-

1470 3025 1775 3089 lissimus
1870 3026 2040 3091 Cum
2085 3028 2285 3108 igitur
2314 3027 2476 3090 felix
2508 3028 2667 3090 ead-

1472 3113 1760 3177 mundus
1821 3114 2025 3177 tantis
2072 3114 2491 3178 choruscaret
2536 3117 2666 3179 vir-

1470 3202 1726 3265 tutibus
1754 3223 1770 3265 :
1817 3202 2273 3284 altissimoque
2305 3203 2664 3286 placuisset

1470 3300 1742 3355 sanctus
1801 3291 2116 3354 innocens
2177 3291 2561 3373 impollutus
2625 3311 2666 3354 a

1470 3378 1928 3460 peccatoribus
2004 3389 2431 3461 segregatus:
2505 3379 2666 3442 sede

1470 3466 1908 3529 cantuariensi
1927 3476 2204 3531 vacante
2229 3469 2295 3530 in
2330 3477 2665 3550 pastorem

1468 3555 1787 3616 canonice
1861 3554 2125 3637 eligitur
2167 3577 2183 3621 :
2274 3567 2478 3638 atque
2551 3556 2665 3619 diu

1470 3641 1788 3724 fugiendo
1825 3645 2113 3706 renitens
2158 3643 2431 3727 solaque
2462 3645 2522 3708 ei
2556 3665 2668 3708 ne·-

1471 3731 1779 3794 cessitate
1854 3731 2147 3814 fugiendi
2207 3732 2668 3815 suffragante:

1470 3819 1729 3900 capitur
1757 3819 2041 3882 trahitur
2086 3829 2290 3902 atque
2337 3821 2403 3883 in
2461 3821 2668 3883 archi-

1470 3907 1856 3989 episcopum
1882 3916 2314 3979 consecratur.
2367 3906 2489 3970 Ille
2511 3928 2670 3972 vero

1471 3994 1538 4057 in
1571 4014 1726 4057 cura
1759 3995 2127 4058 animarum
2158 3995 2283 4058 sibi
2315 3996 2670 4059 commissa

1472 4081 1749 4165 pervigil
1781 4103 2044 4164 semper
2075 4082 2213 4145 suit.
2364 4082 2578 4145 Lectio
2609 4103 2670 4148 v.

1672 4189 1854 4233 mum
1887 4179 2112 4232 autem
2146 4169 2318 4232 inter
2347 4190 2570 4252 regem
2603 4179 2691 4234 et.

1630 4267 1932 4321 sanctum
1965 4257 2416 4320 eadmundum
2436 4269 2674 4322 exorta

1869 4426 1892 4456 ⁸
1925 4425 2079 4476 rethis
2097 4441 2110 4472 τ
2153 4425 2203 4476 S.
