3117 4959
834 267 1408 323 PLURIMORUM
1451 268 1957 324 MARTYRUM.

680 378 782 433 88

185 482 498 550 Christum
523 481 714 546 turbe
742 482 968 547 videre
989 481 1342 547 sufficiunt.

179 572 346 635 Nam
389 572 502 634 hec
552 579 650 634 est
697 590 962 635 norma:
1008 590 1212 653 quam
1243 591 1344 634 se-

177 668 356 723 cutus
399 658 729 740 apostolus
775 658 912 722 ait:
967 658 1123 721 Non
1155 660 1346 739 potui

89 760 100 769 '
174 748 354 810 vobis
403 746 577 829 loqui
628 746 820 827 quasi
893 745 1342 827 spiritalibus:

170 834 282 896 sed
353 835 531 916 quasi
613 834 1000 897 carnalibus,
1134 832 1344 915 Quasi

169 924 336 984 enim
401 920 726 1003 parvulis¹
774 922 842 985 in
907 921 1174 987 Christo
1241 922 1344 986 lac

164 1009 343 1072 vobis
397 1018 630 1092 potum
690 1010 844 1073 dedi
906 1029 1039 1073 non
1103 1028 1343 1073 escam.

160 1098 270 1159 Re.
305 1097 526 1162 Sancti
559 1098 691 1160 mei
722 1098 836 1179 qui
869 1098 936 1160 in
968 1098 1098 1161 isto
1121 1097 1344 1161 seculo

160 1194 480 1249 certamen
540 1185 898 1248 habuistis:
962 1186 1342 1249 Mercedem

157 1273 446 1336 laborum
500 1292 630 1352 ego
672 1273 950 1336 reddam
994 1272 1202 1337 vobis,
1295 1290 1344 1361 γ

155 1360 388 1423 Venite
483 1360 820 1425 benedicti
911 1362 1118 1444 patris
1193 1362 1342 1425 mei.

157 1448 547 1511 Mercedem.
958 1448 1172 1512 Lectio
1201 1449 1341 1531 viij.

151 1536 324 1668 Et
353 1538 574 1599 omnis
595 1535 801 1600 turba
830 1536 1150 1619 querebat
1189 1556 1342 1600 eum

293 1632 610 1707 tangere:
656 1624 814 1706 quia
847 1626 1054 1688 virtus
1099 1625 1185 1687 de
1231 1625 1345 1688 illo

151 1711 415 1776 exibat:
461 1721 533 1776 et
561 1711 844 1776 sanabat
873 1730 1124 1777 omnes·
1177 1712 1343 1779 Om-

151 1800 248 1862 nis
282 1800 468 1863 turba
515 1820 651 1881 que
700 1818 850 1863 eum
905 1810 1180 1883 tangere
1225 1822 1342 1884 po·-

149 1888 312 1950 tuit=
356 1888 630 1971 spiritus
675 1887 850 1951 illius
893 1889 1138 1952 virtute
1191 1908 1340 1952 san-

153 1975 338 2039 atur?
451 1976 710 2040 Tactus
763 1995 922 2058 ergo
995 1976 1344 2041 salvatoris

148 2082 308 2144 opus
339 2072 438 2126 est
467 2063 723 2129 salutis,
779 2062 998 2146 Quem
1029 2072 1344 2147 tangere:

151 2160 248 2213 est
275 2150 564 2215 fideliter
597 2152 666 2214 in
717 2171 870 2215 eum
902 2152 1182 2217 credere.
1273 2153 1344 2217 A

149 2258 278 2320 quo
335 2240 524 2321 tangi
582 2248 686 2303 est
732 2239 876 2321 ejus
923 2260 1196 2304 munere
1235 2240 1343 2304 fir-

153 2327 324 2390 mari.
400 2328 514 2392 Re.
573 2328 654 2390 In
713 2327 988 2391 circuitu
1057 2336 1174 2391 tuo
1221 2328 1342 2392 do-

151 2414 320 2477 mine
365 2415 599 2479 lumen
631 2424 734 2478 est
763 2414 943 2497 quod
1000 2434 1342 2498 nunquam

149 2501 438 2567 deficiet:
483 2502 606 2567 ubi
649 2503 1050 2566 constituisti
1090 2503 1344 2567 lucidas

149 2592 518 2655 mansiones
546 2612 561 2655 :
599 2591 699 2654 Ibi
719 2591 1139 2673 requiescunt
1155 2612 1344 2654 sanc-

149 2686 360 2741 torum
383 2681 630 2742 anime.
707 2695 750 2764 y
803 2679 1098 2760 Magnus
1126 2680 1343 2744 domi-

149 2782 266 2829 nus
317 2776 384 2830 et
431 2766 792 2831 laudabilis
821 2767 1058 2830 nimis:
1109 2767 1176 2829 in
1207 2768 1342 2831 civ-

147 2852 304 2917 itate
332 2854 439 2917 dei
463 2854 680 2917 nostri
705 2874 720 2917 :
749 2854 820 2918 in
851 2863 1080 2918 monte
1109 2864 1342 2919 sancto

147 2939 299 3021 ejus,
390 2942 516 3007 Ibi.
1005 2942 1220 3006 Lectio
1247 2943 1342 3007 ix.

321 3030 414 3093 ati
477 3048 810 3113 pauperes
857 3030 1132 3113 spiritu:
1177 3050 1343 3112 quo-

283 3118 462 3181 niam
529 3118 825 3199 ipsorum
884 3126 988 3182 est
1063 3138 1339 3201 regnum

143 3203 446 3269 celorum.
505 3204 762 3287 Spiritu
793 3214 949 3270 sunt
979 3222 1340 3289 pauperes:

143 3290 296 3371 quia
367 3292 540 3356 nihil
613 3300 985 3357 terrenum:
1050 3294 1343 3376 nihilque

139 3380 398 3444 carnale
445 3380 772 3446 ambiunt.
861 3381 1054 3445 Beati
1101 3382 1340 3447 mites:

141 3468 455 3547 quoniam
521 3469 650 3551 ipsi
717 3468 1154 3551 possidebunt
1213 3477 1342 3533 ter-

141 3572 298 3619 ram.
363 3556 574 3621 Mites
604 3564 802 3621 sunt:
849 3558 962 3639 qui
993 3577 1116 3621 nec
1138 3557 1344 3623 verbo

137 3642 240 3705 vel
301 3663 508 3725 opere
556 3644 930 3708 ledentibus
989 3646 1341 3710 resistunt:

137 3729 254 3792 sed
287 3732 516 3812 potius
536 3732 812 3795 adversa
840 3750 1104 3814 queque
1135 3733 1312 3796 liben

139 3817 394 3881 tissime
467 3820 980 3902 amplectuntur.
1067 3820 1184 3884 Re.
1276 3820 1340 3885 O

136 3908 520 3970 constantia
571 3916 937 3989 martyrum
989 3906 1342 3972 laudabilis

137 4013 180 4055 o
254 3993 594 4058 charitas⁸
645 3995 1222 4078 inextinguibilis:
1298 4016 1342 4059 ο

135 4081 472 4161 patiencia
503 4082 896 4147 invincibilis
920 4084 982 4148 :⁴
1025 4104 1156 4167 que
1189 4083 1340 4148 licet

137 4168 310 4231 inter
384 4190 727 4252 pressuras
801 4172 1339 4255 persequentium

241 4316 256 4346 Ι
552 4336 564 4350 ο

242 4384 260 4413 ·
293 4316 531 4447 ῗῖηέἐῗ
531 4318 653 4435 1332·
669 4400 798 4435 om:
833 4383 1104 4435 K.E.G.s.

675 4454 694 4479 '
725 4450 870 4514 Jesus
892 4451 1061 4499 turbas
1087 4467 1099 4499 ε
1135 4450 1198 4501 G.

275 4529 440 4587 VOL.
476 4530 550 4583 11.

1248 4320 1269 4350 ¹
1300 4314 1604 4369 sanabatur:
1639 4318 1706 4370 G.

1244 4388 1265 4418 ⁸
1299 4385 1583 4437 invenitur:
1618 4386 1687 4436 K.

2014 377 2113 432 84

1443 482 1589 545 visa
1618 482 1703 545 sit
1734 479 2153 563 despicabilis
2179 502 2193 545 :
2235 482 2605 548 invenietur
2625 485 2651 522 ³

1448 570 1514 633 in
1576 569 1843 633 laudem
1890 578 1959 633 et
2010 570 2293 652 gloriam
2326 580 2395 635 et
2438 572 2649 635 hono-

1447 678 1607 721 rem.
1701 658 1783 721 In
1830 666 2131 740 tempore
2183 658 2646 725 retributionis,

1448 761 1497 832 γ
1529 745 1744 809 Nobis
1780 766 1939 828 ergo
1983 746 2275 828 petimus
2323 746 2449 829 piis
2492 746 2651 812 sub-

1448 832 1721 906 veniant
1796 835 2047 897 meritis
2121 834 2537 902 honorificati
2604 856 2647 899 a

1421 931 1637 1003 ‚patre
1668 921 1782 1003 qui
1826 931 1929 986 est
1969 923 2035 985 in
2080 922 2256 987 celis.
2351 923 2431 986 In
2478 932 2649 987 tem-

1447 1030 1625 1091 pore.
1760 1008 2003 1074 Gloria.
2157 1011 2237 1074 In
2328 1020 2647 1094 ternpore.

1445 1098 1508 1160 A
1519 1096 1673 1161 liud
1683 1098 2027 1161 secundum
2050 1098 2145 1161 M
2137 1098 2441 1163 atheum.⁶

1444 1186 1591 1317 In
1622 1184 1737 1249 illo
1766 1194 2099 1267 tempore:
2129 1188 2385 1251 Videns
2416 1188 2645 1251 turbas

1545 1271 1809 1355 Jestis:⁷
1856 1273 2155 1337 ascendit
2216 1275 2285 1337 in
2327 1284 2647 1340 montem.

1451 1360 1542 1424 Et
1590 1360 1865 1443 reliqua.
1959 1361 2215 1425 Omelia
2272 1362 2445 1426 beati
2494 1364 2559 1425 A
2573 1384 2647 1425 u-

1436 1448 1703 1531 gustini
1726 1448 1841 1529 ερἱ.
2286 1450 2501 1513 Lectio
2530 1451 2649 1533 mss.

1445 1536 1593 1668 Si
1682 1536 1977 1617 queritur
2062 1538 2223 1618 quid
2314 1537 2645 1619 significet

1572 1644 1807 1687 mons:
1854 1625 2023 1687 bene
2082 1624 2471 1707 intelligitur
2512 1626 2649 1709 sig·

1447 1711 1715 1776 nificare
1740 1711 1993 1793 majora
2012 1723 2324 1795 precepta
2348 1712 2643 1794 justicie:

1446 1800 1605 1880 quia
1680 1800 1935 1863 minora
2000 1808 2191 1864 erant
2242 1822 2373 1883 que
2426 1802 2646 1883 judeis

1447 1888 1610 1951 data
1639 1896 1810 1951 sunt.
1890 1887 2147 1953 Sedens
2164 1898 2389 1962 autem
2410 1890 2645 1956 docet:

1446 1976 1631 2057 quod
1720 1975 2007 2057 pertinet
2082 1978 2167 2041 ad
2244 1976 2645 2061 dignitatem

1449 2063 1829 2145 magisterii.
1891 2064 1983 2127 Et
2014 2064 2337 2128 accedunt
2368 2065 2456 2129 ad
2488 2086 2642 2130 eum

1448 2151 1751 2234 discipuli
1782 2150 1956 2232 ejus:
2002 2160 2077 2216 ut
2124 2153 2471 2217 audiendis
2501 2174 2647 2218 ver-

1447 2238 1550 2303 bis
1582 2239 1748 2303 illis·
1773 2260 1789 2303 τ
1818 2240 1909 2302 hii
1940 2248 2163 2304 essent
2186 2260 2459 2323 corpore
2488 2243 2645 2305 vici-

1448 2327 1665 2390 niores
1724 2328 1839 2410 qui
1902 2328 2229 2411 preceptis
2288 2328 2643 2413 implendis

1448 2416 1673 2479 animo
1692 2416 2245 2497 propinquabant.
2276 2416 2642 2499 Lectiovig'j.

1634 2511 1741 2568 cte
1780 2503 1944 2567 deus
1989 2504 2293 2569 excelsus
2339 2505 2409 2567 in
2454 2524 2645 2569 mon-

1592 2599 1731 2654 tem
1780 2591 2121 2655 excelsum
2184 2592 2523 2657 ascendit:
2567 2602 2645 2657 ut

1446 2676 1827 2743 hominibus
1902 2680 2167 2743 excelsa
2256 2680 2643 2763 predicaret.

1447 2766 1540 2829 Et
1614 2767 1917 2849 aperiens
1990 2788 2109 2832 os:
2168 2768 2457 2849 docebat
2506 2788 2641 2833 e08.

1447 2853 1675 2919 Divini
1734 2854 1866 2918 oris
1942 2856 2229 2938 apertio:
2299 2856 2643 2920 celestium

1445 2952 1546 3005 est
1661 2942 2053 3025 gaudiorum
2143 2942 2643 3008 demonstratio.

1450 3029 1583 3093 Hic
1645 3031 1820 3093 enim
1876 3050 1951 3093 os
1994 3050 2189 3094 suum
2220 3031 2459 3093 dicitur
2486 3052 2645 3113 ape-

1445 3117 1610 3181 rire:
1659 3117 1771 3199 qui
1802 3119 1983 3199 prius
2012 3137 2130 3182 ora
2166 3118 2640 3201 prophetarum

1446 3206 1719 3286 aperuit.
2308 3206 2526 3269 Lectio
2556 3206 2641 3271 ix.

1443 3293 1843 3426 sequitur.
1934 3293 2124 3357 Beati
2156 3312 2479 3376 pauperes
2508 3295 2641 3377 spi-

1572 3381 1701 3444 ritu
1720 3380 2037 3463 quoniam
2057 3382 2349 3464 ipsorum
2376 3392 2476 3445 est
2496 3403 2639 3465 reg-

1447 3488 1607 3532 num
1683 3470 1988 3533 celorum.

1443 3557 1723 3639 spiritu:
1814 3556 2099 3621 humiles

1445 3646 1687 3709 deum:
1764 3654 1833 3709 et
1892 3644 2005 3727 qui
2068 3645 2228 3708 nihil
2303 3654 2640 3709 terrenum

1445 3732 1743 3814 nihilque
1795 3732 2053 3797 carnale
2099 3734 2417 3797 ambiunt.
2506 3733 2640 3816 Qui

1444 3820 1617 3883 bene
1678 3820 1831 3884 ideo
1906 3819 2101 3904 primi
2177 3830 2515 3902 ponuntur
2571 3822 2641 3884 in

1444 3908 1723 3972 ordine:
1768 3908 1927 3991 quia
1972 3908 2166 3991 primi
2213 3918 2367 3971 sunt
2412 3908 2480 3971 in
2526 3908 2642 3972 be-

1444 3995 1788 4059 atitudine.
1880 3997 2069 4059 Beati
2124 3996 2321 4059 mites
2366 4016 2523 4060 nam
2573 4006 2643 4061 et

1445 4082 1971 4166 indignationem
2004 4083 2317 4148 excludit.
2394 4094 2494 4166 pf.
2541 4086 2643 4149 Te

1449 4172 1667 4236 deum.
1776 4188 1825 4259 γ
1920 4171 2247 4235 Mirabilis
2332 4173 2499 4237 deus
2572 4174 2640 4236 in

2112 3470 2440 3552 Pauperes
2484 3480 2643 3535 sunt

2173 3567 2242 3622 et
2328 3558 2643 3622 timentes

2007 4321 2027 4349 ⁸
2060 4314 2348 4370 charitatis:
2386 4318 2437 4369 S.

2013 4385 2034 4413 ⁸
2072 4389 2087 4413 ⁶
2114 4384 2185 4433 V’
2207 4385 2337 4434 add:
2375 4386 2493 4436 625.

1854 4454 1874 4482 ⁸
1907 4449 2075 4500 illius:
2109 4450 2173 4500 G.

2328 4532 2379 4580 D
