3117 4959
1561 245 1664 299 IN
1694 244 1960 300 FESTO

1048 343 1185 396 221
2321 341 2480 395 222

516 449 1009 533 quiescentibus
1038 447 1183 530 ejus
1226 445 1531 530 precibus
1558 465 1720 509 con·
1821 443 1962 528 ipsa
1992 445 2187 526 feria
2236 456 2415 509 sexta
2433 467 2459 510 .·
2505 445 2626 509 sed
2663 445 2824 528 quia
2872 454 3002 509 tunc

517 549 693 600 stare
746 537 1021 600 videtur.
1125 543 1228 616 pJ.
1308 535 1708 598 Benedicite.
1821 535 1892 596 in
1921 534 2183 597 sabbato
2225 535 2515 615 sequenti
2553 533 2894 596 dicendum
2927 543 3004 595 cst

516 628 577 689 A
590 635 649 688 n.
715 625 1094 687 Laudemus
1139 623 1485 685 dominum
1536 622 1718 702 quod
1818 620 1897 683 de
1960 622 2140 703 sesto
2211 621 2770 685 Annunciationis
2853 621 3006 683 beate

516 713 832 775 doctrinis
852 711 1213 774 beatissimi
1228 709 1718 792 gregoriimulti
1819 712 2031 772 marie
2129 709 2415 791 virginis
2443 733 2470 773 .·
2573 721 3007 791 preoccupetur
3061 703 3076 760 ⁴

515 821 636 882 per
664 801 893 862 orbem
926 799 1299 862 universum
1324 797 1411 860 de
1442 807 1719 879 peccato
1801 797 2056 878 festum
2103 797 2316 860 sancti
2361 798 2694 860 Benedicti
2715 818 2740 859 .·
2791 807 2856 858 et
2885 797 3008 880 fiat

516 887 809 969 elongati
863 895 1277 949 revertuntur
1328 886 1415 948 ad
1470 885 1719 950 Christi
1815 884 1898 948 de
1923 905 1989 948 eo
2001 885 2190 967 seria
2218 884 2450 967 quinta
2463 884 2845 967 precedenti.
2935 883 3010 947 Si

518 976 959 1038 clementiam.
990 981 1089 1055 ps.
1114 973 1434 1036 Laudate.
1472 971 1718 1054 Cap’lm
1819 993 1967 1036 vero
2011 974 2256 1036 dictum
2285 974 2544 1055 festum
2585 973 2804 1036 sancti
2844 973 3007 1034 cuth·
3073 979 3075 986 '

522 1063 1079 1125 Benedictionem.
1171 1061 1496 1140 Hymnus.
1552 1060 1714 1141 Jesu
1820 1060 1987 1123 berti
2015 1059 2084 1124 in
2113 1061 2353 1143 vig-ilia
2369 1063 2754 1143 palmarum
2787 1061 2900 1122 vel
2919 1060 3014 1123 die
3072 1063 3075 1142 ξ

518 1151 912 1232 redemptor.
970 1167 1017 1235 γ
1039 1149 1270 1230 Justus
1299 1147 1717 1230 germinabit.
1819 1147 1955 1228 ipso
1999 1149 2382 1231 palmarum
2440 1170 2551 1212 seu
2604 1149 2676 1211 in
2735 1149 3011 1210 crastino

517 1239 603 1301 In
632 1258 884 1318 evange.
904 1246 1009 1300 an.
1049 1236 1273 1299 Hodie
1300 1255 1420 1298 vas
1450 1236 1717 1300 electio·
1819 1236 2026 1318 ipsius
2051 1237 2188 1300 dici
2211 1237 2590 1319 contigerit:
2633 1237 3014 1318 anticipetur

520 1327 622 1389 nis
640 1336 709 1389 et
728 1326 741 1362 ¹
758 1324 1211 1389 habitaculum
1234 1323 1716 1406 spiritussancti
1817 1345 1953 1386 una
1981 1345 2126 1388 cum
2154 1327 2333 1407 sesto
2360 1325 2576 1388 sancti
2617 1324 2936 1387 benedicti
2960 1333 3014 1386 et

519 1415 941 1477 beatissimus
1006 1413 1347 1495 gregorius
1408 1412 1716 1496 pontifex
1799 1411 1942 1494 fiat
2011 1412 2090 1475 de
2159 1422 2377 1476 sancto
2447 1413 2770 1476 cuthberto
2838 1411 3015 1492 feria
3073 1385 3075 1480 i

520 1522 609 1565 ex
641 1501 766 1566 hac
791 1501 936 1566 luce
958 1499 1371 1563 subtractus²
1393 1501 1480 1563 ad
1506 1499 1717 1564 eterni
1817 1499 2048 1582 quinta
2085 1501 2452 1582 precedenti
2489 1511 2555 1563 et
2585 1502 2779 1582 seria
2837 1510 3014 1563 sexta
3069 1481 3076 1620 1

518 1590 703 1671 regni
736 1590 965 1652 sedem
1010 1597 1113 1651 est
1158 1587 1533 1651 translatus.
1610 1596 1712 1668 pf.
1815 1587 1896 1649 de
1951 1599 2168 1651 sancto
2225 1587 2548 1652 benedicto.
2647 1589 2814 1670 quia
2877 1598 3018 1650 tunc

520 1678 934 1741 Benedictus,
1051 1676 1281 1740 Oratio
1354 1684 1431 1738 ut
1498 1687 1716 1756 supra.
1815 1674 2013 1738 etiam
2055 1675 2125 1738 in
2172 1675 2304 1759 ipso
2343 1676 2608 1739 sabbato
2647 1677 2916 1738 dicetur
2951 1677 3020 1738 de

517 1765 846 1828 Memoria
876 1773 953 1827 ut
975 1775 1191 1846 supra.
1268 1768 1332 1840 εἷ
1377 1763 1501 1825 Ad
1522 1763 1720 1826 horas
1815 1765 2316 1826 annunciatione
2359 1764 2534 1826 beate
2583 1764 2840 1826 marie⁶
2889 1764 3014 1826 vir·
3073 1837 3075 1846 Ι

516 1861 642 1916 ane
666 1853 746 1915 de
771 1851 1077 1916 laudibus
1104 1860 1305 1914 cetera
1332 1851 1411 1913 de
1438 1871 1718 1914 commu·
1805 1851 1994 1932 ginis
2006 1862 2213 1934 prout
2239 1852 2426 1931 infra
2444 1851 2704 1916 dicetur.
2789 1851 3016 1930 Quan-

517 1941 597 2004 ni
655 1961 797 2002 cum
858 1939 1147 2003 oratione
1189 1941 1480 2020 propria.
1597 1938 1724 2002 Ad
1814 1937 1898 2002 do
1925 1948 2141 2002 autem
2168 1938 2427 2019 festum
2453 1939 2667 2002 sancti
2705 1939 3018 2002 cuthberti

518 2038 811 2108 vesperas
849 2036 972 2090 ane
1013 2027 1093 2089 de
1135 2025 1439 2089 laudibus
1466 2025 1722 2108 psalmi
1819 2025 1891 2089 in
1935 2026 2218 2090 crastino
2247 2027 2632 2108 palmarum
2679 2027 3018 2108 contigerit

503 2116 796 2196 feriales.
836 2114 983 2196 Cap.
1005 2114 1568 2178 Benedictionem.
1602 2115 1715 2178 Re.
1818 2125 1970 2176 tunc
1995 2135 2122 2178 non
2150 2115 2396 2197 poterit
2429 2114 2564 2177 dici
2595 2115 2674 2176 de
2701 2135 2770 2176 eo
2803 2127 3016 2178 octavo
3073 2147 3075 2188 ς

520 2203 582 2268 Ο
616 2212 857 2285 pastor.
926 2203 1040 2265 sed
1061 2201 1201 2264 sine
1220 2212 1431 2284 prosa.
1502 2202 1588 2264 H
1566 2223 1715 2283 ym-
1815 2202 1922 2265 die
1942 2202 2311 2283 precedenti.
2401 2202 2691 2266 videlicet
2704 2204 2904 2284 fm'a
2933 2223 3016 2265 se·
3073 2267 3075 2274 ,

517 2311 658 2354 nus.
748 2290 905 2371 Jesu
939 2291 1332 2371 redemptor.
1411 2307 1460 2375 γ
1506 2290 1718 2352 Ama·
1816 2293 2028 2352 cunda
2041 2287 2340 2372 propter⁷
2356 2291 2748 2353 dominicam
2770 2291 2851 2353 in
2867 2302 3016 2372 pas·
3073 2285 3075 2322 ⁵

516 2379 615 2442 vit
638 2398 810 2441 eum.
883 2378 969 2440 In
999 2397 1219 2458 evang.
1252 2385 1359 2442 an.
1408 2378 1717 2443 Gaudea-
1815 2379 2002 2442 sione.
2079 2387 2347 2460 propter
2401 2377 2746 2441 servicium
2809 2377 3018 2441 sancti

520 2486 669 2529 mus
688 2466 970 2530 universi
996 2465 1269 2540 ecclesie
1288 2465 1402 2528 filii
1426 2468 1719 2548 gaudeat
1806 2467 2112 2548 gregorii.
2197 2465 2370 2548 quod
2417 2477 2568 2528 tunc
2615 2467 3016 2547 transferen-

518 2555 867 2635 specialius
900 2574 1071 2616 nunc
1118 2555 1466 2636 anglorum
1504 2575 1715 2637 popu·
1816 2555 1977 2616 dum
2005 2563 2102 2617 est
2124 2554 2224 2616 ad
2243 2555 2486 2618 dictam
2514 2553 2771 2634 fm'am
2803 2573 3016 2616 secun-

520 2641 621 2706 lus
633 2662 749 2723 per
760 2644 1030 2706 beatum
1046 2642 1424 2724 gregorium
1447 2662 1716 2705 conver·
1815 2643 1986 2706 dam.
2113 2643 2204 2705 Si
2266 2661 2416 2705 vero
2475 2642 2771 2724 predicta
2837 2642 3014 2723 festa

516 2749 629 2794 sus
677 2731 763 2793 ad
813 2731 1158 2793 dominum
1206 2730 1397 2810 cujus
1456 2731 1596 2796 vita
1647 2739 1715 2794 et
1814 2739 2183 2792 sanctorum
2235 2729 2552 2793 cuthberti
2597 2738 2664 2792 et
2712 2729 3016 2793 benedicti
3073 2777 3075 2786 ἰ

519 2819 827 2881 meritum
904 2817 1117 2898 fulget
1205 2818 1714 2899 imperpetuum.
1818 2817 1989 2880 inter
2061 2819 2424 2880 crastinum
2496 2817 2895 2900 palmarum
2963 2826 3019 2880 et
3073 2817 3075 2832 ²

501 2915 603 2987 ps‘u
652 2904 1041 2987 Magnificat
1072 2905 1311 2968 anima.
1391 2905 1622 2970 Oratio
1643 2915 1721 2969 ut
1799 2905 2052 2985 ,testum
2097 2905 2336 2986 pasche
2388 2905 2768 2987 contingant
2789 2929 2818 2969 .·
2871 2917 3014 2987 pre-

516 3005 733 3075 supra.
823 2994 1154 3056 Memoria
1182 2993 1263 3054 de
1286 2991 1379 3056 xl.
1472 2993 1562 3056 Si
1571 2993 1714 3074 fes·
1816 3003 2187 3075 occupentur
2211 3003 2274 3056 et
2285 2993 2472 3076 fiant
2499 3005 2718 3056 octavo
2739 3003 2803 3055 et
2832 2994 3015 3074 septi-

520 3091 659 3144 tum
686 3081 899 3145 sancti
922 3080 1237 3144 cuthberti
1261 3081 1333 3142 in
1362 3079 1589 3162 aliqua
1605 3081 1716 3144 do-
1815 3101 1920 3142 mo
1962 3080 2182 3143 diebus
2213 3081 2704 3162 precedentibus.
2796 3092 2868 3143 et
2914 3081 3014 3144 illo

519 3169 761 3232 minica
788 3189 833 3232 a
860 3169 1185 3232 dominica
1200 3168 1463 3249 prima³
1488 3167 1575 3231 xl.
1607 3189 1713 3230 us-
1815 3188 1986 3230 anno
2002 3170 2257 3249 festum
2285 3169 2500 3231 sancti
2523 3168 2851 3232 cuthberti
2875 3167 3016 3231 md-

518 3277 637 3338 que
666 3256 759 3318 ad
788 3257 959 3318 diem
984 3257 1367 3338 palmarum
1394 3257 1672 3318 evenerit
1690 3278 1715 3319 .·
1812 3256 1918 3318 las
1987 3255 2242 3318 habebit
2310 3266 2618 3337 vesperas.
2739 3257 3018 3320 Pn'mas

518 3343 931 3424 quiapropter
922 3344 1175 3423 festum
1186 3342 1400 3406 sancti
1407 3343 1718 3406 benedicti
1812 3343 1986 3406 enim
2033 3343 2264 3406 habere
2313 3363 2440 3407 non
2475 3344 2719 3425 poterit
2753 3353 3022 3426 propter

519 3431 589 3493 in
611 3431 1007 3494 crastinum⁴
1027 3431 1291 3511 differri
1308 3451 1435 3494 non
1451 3440 1666 3512 potest
1687 3453 1712 3495 .·
1796 3431 2053 3511 festum
2073 3430 2288 3493 sancti
2303 3431 2615 3513 gregorii.
2675 3433 3019 3513 quodpre·

514 3519 902 3598 anticipetur
918 3517 1124 3598 etfiat
1139 3519 1275 3580 die⁶
1294 3519 1555 3581 sabbato
1558 3530 1709 3600 pre-
1810 3518 1987 3582 cedit.
2073 3528 2139 3580 et
2165 3519 2236 3580 in
2264 3519 2560 3582 secundc's
2599 3521 2887 3600 vesperis
2919 3519 3018 3580 in-

512 3607 769 3670 cedente.
880 3605 1139 3687 Vespere
1166 3615 1379 3668 autem
1426 3605 1496 3667 in
1541 3608 1709 3669 dicto
1809 3606 2188 3687 cipieturad
2199 3618 2328 3688 cap.
2351 3607 2432 3669 de
2448 3617 2666 3670 sancto
2685 3607 3017 3670 benedicto.

508 3693 773 3757 sabbato
810 3702 1003 3756 erunt
1029 3693 1107 3755 de
1134 3693 1457 3755 dominica
1486 3703 1547 3756 et
1577 3715 1707 3757 me·
1813 3699 1877 3771 (I
1928 3695 2164 3758 Sancti
2187 3694 2507 3758 cuthberti
2529 3695 2810 3776 episcopi.
2901 3695 3028 3759 Ad

511 3781 725 3844 moria
768 3781 849 3844 de
887 3791 1103 3862 sancto
1139 3780 1475 3845 Cuthberto
1506 3791 1713 3862 prout
1808 3792 1968 3863 vesp.
2038 3783 2183 3862 Cap.
2280 3781 2458 3845 Ecce
2489 3785 2818 3846 sacerdos
2895 3783 3012 3847 Re.

493 3868 756 3952 plenius
797 3869 1128 3950 colligitur
1167 3889 1251 3930 ex
1304 3889 1545 3949 magna
1593 3890 1709 3932 ru-
1813 3871 1890 3932 In
1929 3871 2190 3933 sanctis,
2280 3869 2608 3950 Hymnus.
2691 3871 2832 3934 Iste
2861 3891 3019 3934 con-

510 3957 683 4022 brica
699 3959 919 4039 posita
947 3966 1145 4037 supra
1176 3957 1246 4019 in
1276 3957 1537 4020 sabbato
1566 3957 1656 4020 xl.
1807 3957 2032 4021 sessor.
2143 3973 2190 4044 γ
2259 3958 2551 4021 Amavit.
2652 3959 2740 4021 In
2791 3979 3020 4040 evang.

513 4051 577 4123 εἷ
648 4045 737 4109 Si
792 4045 1044 4127 fi’stum
1100 4043 1313 4107 sancti
1376 4044 1710 4110 Cuthberti
1805 4054 1911 4108 aii.
2007 4046 2245 4111 Oriens
2275 4045 2375 4110 sol
2402 4046 2670 4126 justicie
2702 4048 3020 4129 dignatus

493 4132 685 4216 feria
714 4143 891 4196 sexta
930 4142 1080 4195 ante
1122 4133 1293 4195 diem
1320 4133 1706 4214 palmarum
1809 4141 1909 4196 est
1940 4133 2264 4197 illustrare
2309 4153 2429 4215 per
2469 4133 2810 4198 ministros
2857 4135 3018 4198 lucis

508 4219 844 4301 contigerit
863 4241 889 4283 .·
932 4220 1077 4302 fiat
1117 4220 1198 4284 de
1240 4241 1311 4283 eo
1359 4220 1704 4284 servicium
1808 4240 1925 4285 sue
2007 4232 2282 4286 cunctos
2359 4221 2526 4286 fines
2587 4222 2770 4285 orbis
2827 4232 3020 4286 terre.

512 4357 527 4386 ¹
570 4354 680 4404 ‘et'
705 4369 832 4404 om.:
870 4355 1094 4406 W.E.G.
1214 4357 1234 4386 ²
1264 4357 1570 4406 substractus
1595 4375 1609 4404 ι
1647 4355 1707 4405 Ε.
1847 4357 1866 4385 ⁸
1900 4357 2061 4420 prima
2083 4357 2377 4408 dominica:
2413 4357 2478 4408 G.
2602 4361 2621 4390 ⁴
2655 4359 2876 4408 crastino
2897 4376 2912 4406 =
2947 4357 3008 4407 F..

512 4425 531 4452 ⁸
565 4437 657 4488 pro
685 4421 955 4471 ‘die’de:
993 4421 1053 4471 E.
1127 4421 1215 4471 in:
1251 4421 1315 4471 G.
1522 4423 1542 4450 ⁸
1582 4421 1806 4470 ‘maris’
1840 4437 1962 4472 om..·
1995 4423 2046 4471 S.
2304 4427 2322 4452 ⁷
2347 4431 2448 4487 pro
2481 4425 2740 4488 ‘propter’
2767 4431 2908 4489 post:
2949 4423 3008 4472 G.
