3117 4959
1496 235 1597 293 IN
1641 235 1914 293 FESTO

976 343 1134 402 649

444 447 827 582 Domine
844 448 1009 514 deus
1028 459 1254 514 noster
1275 448 1650 533 multiplica

602 558 801 620 super
828 558 951 602 nos
981 538 1267 620 gratiam
1298 547 1485 602 tuam
1514 560 1531 601 :
1577 547 1650 601 et

446 645 731 706 quorum
761 626 1179 708 prevenimus
1208 626 1499 708 gloriosa
1540 645 1652 689 so-

446 711 696 776 lennia:
729 713 943 776 tribue
967 715 1281 796 subsequi
1314 715 1381 776 in
1412 722 1650 776 sancta

446 799 853 880 professione
884 799 1189 865 leticiam.
1280 821 1400 883 per
1430 801 1648 864 domi-

446 907 625 951 num.
700 885 828 950 Ad
864 888 1122 952 matuti.
1182 888 1429 952 Invita.
1512 889 1648 951 Re-

446 995 602 1056 gem
687 995 919 1056 regum
995 975 1343 1039 dominum
1420 977 1648 1040 venite

445 1062 818 1127 adoremus
892 1061 1071 1146 Quia
1102 1064 1245 1146 ipse
1274 1073 1377 1128 est
1399 1083 1649 1126 corona

446 1160 829 1214 sanctorum
854 1153 1171 1215 omnium.
1233 1161 1336 1233 pf.
1382 1151 1662 1216 Venite.'

449 1236 759 1318 Hymnus
790 1237 1053 1304 Christe
1086 1241 1481 1322 redemptor.

445 1325 531 1388 In
564 1326 628 1407 j.
678 1335 981 1390 nocturno
1025 1337 1132 1391 αῆ.
1177 1327 1443 1391 Adesto
1484 1326 1649 1390 deus

449 1433 619 1476 unus
651 1415 1079 1496 omnipotens
1108 1424 1301 1498 pater
1350 1423 1419 1478 et
1472 1412 1650 1478 filius

448 1509 517 1564 et
574 1501 1130 1584 spiritussanctus.
1213 1511 1307 1583 pf.
1358 1502 1650 1566 Domine

449 1589 758 1653 dominus
807 1601 1047 1654 noster.
1156 1590 1290 1654 Αῆ.
1354 1589 1497 1655 Celi
1548 1609 1652 1653 re-

446 1677 637 1758 gina¹
674 1679 882 1742 maria
910 1687 980 1742 te
1004 1677 1153 1760 jure
1198 1677 1525 1742 fatemur:
1558 1697 1650 1741 ex

448 1765 637 1845 cujus
674 1765 973 1830 thalamo
1022 1767 1340 1850 processit
1383 1764 1650 1847 justicie

447 1853 567 1916 sol.
666 1862 767 1934 p&
860 1853 1003 1920 Celi
1077 1863 1400 1918 enarrant.
1512 1853 1576 1917 A
1587 1861 1650 1918 ῑί.

451 1941 839 2004 Laudemus
884 1942 1231 2005 dominum
1277 1961 1477 2023 quem
1511 1941 1653 2004 lau-

448 2029 615 2093 dant
664 2028 923 2112 angeli:
970 2049 1169 2110 quem
1219 2029 1534 2093 cherubin
1581 2037 1652 2092 et

448 2116 757 2198 seraphin
783 2125 1051 2180 sanetus
1081 2127 1351 2180 sanctus
1380 2125 1651 2180 sanctus

448 2204 880 2287 proclamant.
928 2213 1029 2284 pff.
1080 2204 1479 2268 Benedicite.
1512 2203 1650 2286 (j.).

454 2309 497 2378 γ
546 2291 873 2355 Exultent
898 2292 1079 2373 justi.
1359 2292 1576 2355 Lectio
1586 2293 1650 2374 j.

447 2379 843 2510 Legimus
888 2379 956 2442 in
1002 2377 1463 2443 ecclesiasticis
1493 2379 1648 2460 hys-

585 2467 807 2530 toriis:
854 2467 1037 2548 quod
1083 2477 1350 2531 sanctus
1391 2467 1650 2531 bonifa-

448 2554 588 2618 cius
618 2555 732 2638 qui
758 2555 1029 2638 quart0²
1060 2575 1099 2618 a
1124 2555 1323 2619 beato
1341 2557 1649 2638 gregorio

448 2662 721 2706 romane
744 2644 925 2707 urbis
954 2653 1433 2726 epyscopatum
1461 2653 1644 2706 tene-

448 2730 616 2795 bat:
673 2751 716 2794 a
777 2730 927 2795 foca
985 2750 1208 2794 cesare
1270 2732 1648 2814 impetravit

447 2817 681 2882 donari
712 2819 988 2885 ecclesie
1020 2819 1269 2883 Christi
1316 2819 1643 2902 templum

449 2927 683 2970 rome:
735 2907 918 2989 quod
978 2907 1065 2970 ab
1124 2907 1417 2988 antiquis
1478 2927 1648 2988 pan·

449 2995 653 3058 theon
685 2996 1064 3059 vocabatur.
1159 2995 1239 3057 In
1270 3014 1408 3076 quo
1434 2994 1646 3058 elimi-

447 3093 610 3146 nata
639 3083 821 3146 omni
868 3083 1186 3165 spurcitia
1229 3083 1593 3146 demonum
1631 3103 1648 3146 :

449 3169 605 3234 fecit
636 3171 982 3234 ecclesiam
1028 3179 1257 3234 sancte
1305 3172 1413 3234 dei
1462 3170 1649 3252 geni-

447 3259 629 3322 tricis
679 3269 883 3340 atque
929 3259 1228 3321 omnium
1278 3267 1644 3338 martyrum

452 3345 749 3410 Christi:
826 3355 901 3409 ut
961 3346 1151 3427 plebs
1214 3347 1517 3409 universa
1578 3347 1646 3408 in

448 3435 669 3517 capite
701 3433 1137 3497 kalendarum
1184 3435 1646 3496 novembrium

448 3522 620 3584 sicut
675 3522 741 3584 in
796 3522 905 3585 die
954 3521 1193 3584 natalis
1241 3520 1497 3583 domini
1556 3521 1645 3584 ad

448 3608 795 3673 ecclesiam
828 3610 1221 3672 conveniret.
1272 3609 1469 3672 Nunc
1488 3628 1648 3690 ergo

450 3695 683 3761 fratres
764 3697 1131 3760 charissimi
1208 3698 1274 3760 in
1346 3697 1646 3760 omnium

448 3785 824 3868 primordiis
855 3793 1235 3848 sanctorum
1282 3805 1403 3848 nos
1434 3787 1650 3848 nomi-

450 3894 645 3938 nare:
692 3873 962 3937 laudare
992 3883 1059 3936 et
1090 3872 1459 3955 glorificare
1490 3893 1644 3936 con-

448 3962 641 4027 decet
673 3982 825 4025 eum
872 3961 985 4044 qui
1032 3971 1307 4025 cunctos
1348 3961 1650 4024 condidit

448 4060 716 4114 sanctos
766 4070 884 4133 per
932 4070 1133 4133 quem
1182 4050 1409 4112 omnia
1470 4048 1650 4113 facta

447 4147 621 4202 sunt.
654 4139 841 4220 cujus
875 4137 1189 4220 majestas
1222 4157 1343 4200 nec
1376 4137 1647 4218 incipit:

448 4245 572 4290 nec
620 4227 864 4290 desinit
912 4226 979 4288 in
1035 4224 1349 4291 seculum.
1444 4223 1648 4290 Unde

882 4363 894 4392 ¹
932 4363 1193 4427 reginam:
1232 4361 1369 4410 R.N.

885 4430 906 4460 ²
938 4437 1142 4494 quartus
1168 4445 1179 4478 :
1214 4428 1294 4478 W.
1306 4427 1445 4477 R.N.

2261 341 2424 398 650

1749 447 2008 513 dictum
2061 458 2164 513 est
2255 449 2497 515 Omnis
2543 448 2866 532 sapientia
2899 471 2934 516 a
3038 473 3047 522 1

1750 537 2029 600 domino
2082 538 2214 601 deo
2263 547 2404 602 est:
2463 548 2534 603 et
2599 558 2760 601 cum
2813 540 2936 620 ipso

1747 623 1876 688 suit
1921 645 2226 707 semper:
2272 635 2340 688 et
2387 633 2491 688 est
2535 633 2708 689 ante
2752 647 2939 692 evum.
3044 629 3047 704 1

1748 712 1862 776 Re.
1941 713 2304 776 Benedicat
2381 732 2506 776 nos
2567 714 2746 776 deus
2801 715 2942 777 deus

1751 811 2015 864 noster:
2061 801 2414 865 benedicat
2445 821 2572 864 nos
2607 802 2797 864 deus.
2867 801 2946 866 Et
3044 851 3047 864 .

1751 897 2056 952 metuant
2099 907 2256 951 eum
2301 908 2538 952 omnes
2571 888 2750 952 fines
2779 899 2944 953 terre.
3044 897 3047 978 ᾗ

1750 992 1796 1061 y
1847 976 2034 1040 Deus
2095 975 2485 1039 misereatur
2561 977 2831 1040 nostri:
2889 987 2946 1040 et

1749 1063 2107 1127 benedicat
2143 1083 2266 1128 nos
2310 1064 2492 1127 deus,
2601 1064 2704 1127 Et
2757 1075 2946 1127 metu-

1751 1160 1887 1214 ant.
2649 1151 2866 1216 Lectio
2889 1152 2948 1233 ᾔ.

1747 1241 2049 1370 Beata
2079 1237 2190 1302 dei
2221 1239 2518 1319 genitrix
2557 1239 2764 1321 virgo
2799 1261 2948 1302 sem-
3045 1295 3047 1302 .

1896 1347 2016 1409 per
2055 1327 2265 1389 maria
2298 1325 2636 1390 hodierna
2683 1327 2950 1390 solenni·

1749 1422 1890 1477 tate
1933 1413 2080 1494 jure
2111 1425 2268 1497 post
2297 1413 2511 1478 filium
2561 1414 2949 1479 venerabilis
3045 1469 3047 1486 .

1747 1511 1855 1565 est
1883 1511 1953 1566 et
1981 1501 2287 1583 gloriosa.
2381 1502 2546 1586 Ipsa
2577 1504 2838 1585 quippe
2861 1513 2952 1566 est

1751 1599 1966 1653 mater
1994 1591 2250 1654 domini
2281 1591 2488 1653 nostri
2519 1591 2696 1673 Jesu
2725 1591 2947 1656 Christi

1749 1679 2112 1742 secundum
2175 1697 2482 1742 carnem:
2551 1701 2656 1742 ex
2717 1681 2950 1742 semine

1749 1765 2031 1831 abrae⁸z
2079 1766 2164 1828 de
2223 1766 2400 1829 tribu
2455 1765 2650 1849 juda.
2764 1768 2952 1848 Virga

1743 1850 1920 1934 jesse
1949 1873 1966 1917 :
2010 1853 2205 1917 stella
2235 1855 2480 1936 maris:
2527 1854 2784 1918 ancilla
2813 1857 2950 1918 dei:

1751 1942 1981 2023 regina
2009 1942 2309 2023 gentium
2335 1962 2349 2006 :
2381 1943 2670 2006 domina
2703 1963 2951 2024 regum:
3045 1995 3047 2030 2

1749 2049 1997 2110 sponsa
2045 2029 2341 2092 domini:
2389 2039 2610 2093 mater
2665 2031 2951 2096 Christi:

1751 2117 2113 2180 conditoris
2189 2115 2566 2199 templum:
2665 2121 2953 2200 spiritus-

1750 2206 1964 2268 sancti
1995 2206 2352 2268 sacrarium
2379 2227 2394 2269 z
2425 2205 2617 2269 velut
2650 2203 2952 2270 columba

1749 2293 2050 2374 speciosa
2077 2314 2091 2356 ε
2124 2292 2401 2374 pulchra
2419 2302 2495 2356 ut
2515 2293 2726 2358 luna:
2757 2294 2952 2358 electa

1751 2388 1823 2442 ut
1884 2380 2003 2444 sol.
2113 2381 2302 2444 Illius
2361 2401 2523 2462 ergo
2585 2403 2952 2446 mereamur

1749 2468 2057 2550 precibus
2117 2468 2471 2550 adjuvari:
2550 2491 2692 2551 que
2753 2481 2951 2532 mater

1751 2556 1992 2619 meruit
2051 2576 2196 2619 esse
2257 2557 2627 2621 conditoris
2703 2559 2950 2621 nostri:

1748 2643 1862 2724 qui
1913 2663 2066 2708 cum
2116 2653 2306 2725 patre
2354 2652 2425 2707 et
2483 2647 2953 2726 spiritusancto

1747 2730 1911 2795 vivit
1963 2741 2033 2794 et
2083 2741 2320 2813 regnat
2371 2731 2538 2796 deus
2579 2754 2709 2815 per
2739 2735 2954 2797 omnia

1747 2819 1970 2883 secula
2029 2820 2454 2883 seculorum.⁴
2572 2821 2700 2885 Re.
2771 2823 2952 2886 Felix

1747 2927 2038 2990 namque
2069 2928 2142 2971 es
2171 2927 2362 2971 sacra
2379 2908 2567 2990 virgo
2601 2911 2863 2972 maria:
2891 2917 2952 2971 et

1747 2996 1932 3057 omni
1964 2995 2161 3058 laude
2191 2996 2586 3078 dignissima
2612 3018 2630 3060 ε
2667 2997 2854 3078 Quia
2873 3018 2952 3060 ex

1747 3090 1816 3146 te
1847 3091 2032 3146 ortus
2061 3093 2163 3146 est
2209 3084 2309 3147 sol
2349 3083 2618 3164 justicie
2655 3085 2950 3150 Christus

1747 3171 1913 3233 deus
1945 3180 2184 3234 noster.
2245 3188 2291 3257 y
2339 3172 2480 3236 Ora
2512 3193 2634 3254 pro
2671 3173 2946 3254 populo:

1747 3257 2070 3321 interveni
2133 3278 2255 3341 pro
2314 3259 2543 3324 clero:
2619 3261 2948 3325 intercede

1747 3365 1870 3427 pro
1917 3346 2163 3408 devoto
2211 3346 2502 3409 femineo
2546 3367 2770 3412 sexu:
2815 3367 2944 3412 sen-

1746 3434 1919 3498 tiant
1963 3453 2198 3497 omnes
2243 3443 2435 3497 tuum
2468 3435 2785 3500 levamen
2815 3437 2942 3518 qui·
3044 3479 3046 3484 ·

1747 3541 2010 3602 cunque
2045 3521 2385 3586 celebrant
2429 3532 2618 3587 tuam
2667 3524 2942 3588 solenni-

1747 3617 1973 3674 tatem.
2067 3609 2261 3692 Quia.
2609 3610 2837 3675 Lectio
2863 3611 2944 3693 iij.

1757 3697 1952 3864 Qui
2026 3717 2316 3779 superna
2389 3698 2690 3762 celorum
2760 3719 2946 3781 regna

1884 3785 2225 3867 spiritibus
2286 3786 2606 3868 angelicis
2657 3790 2748 3852 ad
2817 3788 2944 3851 lau·

1747 3873 1902 3936 dem
1953 3883 2024 3937 et
2075 3875 2358 3955 gloriam
2391 3885 2599 3957 atque
2629 3875 2941 3940 honorem

1749 3962 1852 4024 sui
1884 3962 2173 4025 nominis
2205 3982 2282 4025 ac
2315 3962 2690 4043 majestatis
2711 3965 2940 4046 imper-

1749 4059 2028 4131 petuum
2061 4051 2230 4112 miro
2269 4049 2503 4114 ordine
2547 4051 2939 4116 collocavit:

1749 4137 1915 4201 deus
1947 4147 2065 4201 est.
2138 4138 2245 4202 De
2275 4139 2517 4220 quibus
2549 4140 2744 4222 plura
2773 4139 2937 4220 loqui

1751 4225 2324 4307 pertimescimus:
2393 4227 2552 4308 quia
2625 4229 2752 4292 soli
2825 4229 2938 4292 deo

1975 4362 1995 4391 ⁸
2025 4360 2248 4410 abrahe:
2285 4361 2366 4410 W.
2378 4361 2582 4412 R.N.S.

1976 4429 1996 4459 ⁴
2033 4431 2212 4494 ‘’amen
2233 4427 2246 4450 ’
2268 4427 2367 4476 add
2394 4444 2408 4477 ε
2443 4427 2498 4478 S.
