3117 4959
65 3238 72 3243 ,
165 3169 388 3233 filium
419 3171 526 3235 dei
555 3193 572 3235 :
603 3192 687 3236 ne
718 3191 872 3236 eum
892 3171 1090 3235 ledas.

834 240 840 247 ·
946 226 1006 282 S.
1061 224 1460 282 CRJSANTJ
1501 226 1624 280 ET
1664 226 1951 283 DARJE.

730 334 832 389 93

206 436 374 504 filius
392 436 534 522 ejus
557 438 830 505 effectus
843 447 946 504 est
965 440 1396 506 christianus:

205 526 358 591 fecit
385 549 538 592 eum
571 529 956 593 incarcerari
986 549 1002 593 ε
1046 539 1115 595 et
1144 530 1393 612 parcis-

205 615 365 679 sime
395 615 587 679 refici.
679 616 872 681 Tunc
933 616 1110 681 dixit
1141 618 1200 680 ei
1248 617 1395 699 qui-

201 704 394 768 dam:
471 704 544 769 Si
605 704 814 768 filium
877 713 1068 769 tuum
1129 705 1216 767 ab
1268 704 1392 768 hac

203 794 655 874 ursurpatione
727 793 1012 857 volueris
1097 794 1392 875 eripere:

203 879 416 961 ipsum
475 881 728 944 deliciis
795 889 865 945 et
938 880 1392 963 voluptatibus

200 986 464 1050 occupa.
559 968 712 1033 Hoc
742 969 1018 1032 audiens
1065 968 1392 1052 polemius

201 1056 353 1120 fecit
413 1056 630 1141 ipsum
689 1058 958 1121 vestiris
1005 1066 1074 1121 et
1133 1058 1388 1121 dariam

193 1144 514 1225 virginem
545 1145 671 1209 sibi
701 1146 1030 1210 associari.
1143 1144 1288 1209 Lec.
1322 1145 1387 1228 ij.

193 1233 462 1363 Post
535 1233 825 1315 plurima
897 1233 1102 1297 verba
1176 1234 1391 1297 sancti

351 1320 657 1385 crisanti:
716 1322 992 1385 credidit
1050 1321 1276 1384 daria:
1321 1330 1392 1386 et

197 1428 438 1477 nomen
500 1409 790 1492 conjugii
849 1418 1386 1491 assumpserunt:

197 1497 292 1561 ita
337 1506 411 1560 ut
459 1497 662 1560 ambo
715 1498 783 1560 in
831 1498 940 1561 dei
993 1499 1274 1561 timore:
1319 1506 1387 1561 et

193 1586 519 1649 castitatis
622 1585 835 1668 gloria
937 1586 1388 1668 perdurarent.

195 1672 352 1737 Post
400 1672 528 1736 hoc
575 1684 800 1737 autem
851 1675 1174 1737 crisantus
1215 1673 1386 1738 ferro

189 1761 512 1826 vincitur:
559 1761 744 1825 daria
775 1782 1041 1843 quoque
1062 1762 1130 1824 in
1154 1772 1386 1825 contu-

196 1849 430 1913 bernio
461 1851 880 1914 meretricum
911 1850 1198 1933 punitur.
1247 1849 1382 1915 Sed

187 1938 479 2003 crisanto
539 1938 662 2001 lux
720 1938 947 2003 divina
1021 1946 1383 2022 prestatur.

183 2025 372 2088 darie
400 2046 556 2089 vero
587 2027 694 2090 leo
745 2026 1005 2109 fugiens
1052 2026 1140 2089 de
1178 2046 1384 2090 cavea

180 2112 656 2197 amphitheatri
679 2113 997 2197 dirigitur.
1117 2114 1258 2177 Lec.
1287 2114 1384 2197 iij.

405 2201 576 2265 ilites
682 2212 908 2266 autem
1013 2203 1384 2266 nescientes

397 2290 660 2355 leonem
735 2291 912 2354 intus
1007 2310 1151 2353 esse
1225 2310 1382 2355 cum

180 2376 373 2441 daria
431 2379 752 2443 miserunt
813 2377 900 2441 ad
961 2399 1110 2442 eam
1173 2399 1381 2461 quen-

179 2464 380 2529 dam:
424 2468 534 2551 qui
569 2468 637 2529 in
667 2467 913 2530 scelere
940 2468 1380 2549 corruptionis

174 2554 678 2636 opinatissimus
751 2554 1136 2619 habebatur.
1241 2554 1377 2637 Qui

173 2650 256 2705 ut
309 2642 642 2725 ingressus
714 2651 854 2708 est:
931 2642 1217 2706 insiluit¹
1309 2644 1378 2707 in

171 2749 334 2793 eum
415 2731 560 2795 leo:
607 2740 675 2795 et
723 2740 1147 2813 prosternens
1221 2751 1374 2795 eum

175 2817 310 2881 sub
383 2818 664 2900 pedibus
739 2820 927 2902 ejus:
1036 2819 1214 2901 cepit
1287 2820 1374 2883 ad

171 2907 438 2969 dariam
485 2908 818 2989 aspicere:
863 2907 1054 2991 quasi
1101 2908 1374 2971 interro-

167 3014 346 3076 gans
371 2996 528 3077 quid
543 2996 824 3078 juberet.
913 2994 1112 3077 Quod
1135 2996 1374 3059 intelli-

167 3102 345 3163 gens
377 3083 564 3146 daria
595 3084 768 3147 dixit
795 3105 811 3148 :
857 3082 1124 3163 Adjuro
1156 3092 1223 3147 te
1257 3104 1376 3166 per

1181 3172 1374 3237 Tunc

165 3257 289 3322 leo
363 3260 616 3323 dimisit
691 3279 864 3325 eum.
1002 3259 1158 3324 Post
1250 3259 1374 3324 hec

161 3355 448 3410 sanctus
534 3348 859 3412 crisantus
946 3367 1097 3411 cum
1174 3346 1375 3412 beata

159 3436 429 3517 virgine
533 3437 720 3499 daria
801 3429 1234 3518 'deponuntur
1307 3438 1373 3500 in

160 3522 486 3591 foveam:
549 3525 776 3606 sicque
849 3524 980 3588 vivi
1059 3534 1232 3587 terra
1306 3533 1376 3589 et

159 3610 512 3693 lapidibus
555 3622 712 3675 sunt
771 3612 1035 3676 obruti:
1085 3614 1375 3677 animas-

157 3720 308 3781 que
384 3720 538 3764 suas
598 3701 694 3764 ita
738 3700 869 3764 deo
929 3700 1376 3765 reddiderunt.

164 3787 403 3853 Cetera
429 3788 529 3851 ad
552 3789 916 3852 matutinas
957 3798 1021 3851 et
1059 3788 1259 3851 horas
1300 3790 1382 3852 de

155 3876 505 3939 communi
503 3876 950 3959 plurimorum
963 3886 1330 3957 martyrum
1351 3900 1375 3941 .·

155 3974 228 4027 et
235 3963 432 4045 fiant
459 3963 760 4027 memorie
787 3965 885 4027 ad
907 3964 1270 4027 matutinas
1299 3964 1381 4030 de

153 4061 391 4116 sancto
411 4052 661 4115 andrea
686 4062 752 4117 et
775 4054 970 4117 aliis:
986 4062 1196 4134 prout
1220 4064 1376 4117 tem-

133 4150 286 4221 pus
312 4140 608 4223 exegerit.

153 4232 230 4307 ff
263 4230 338 4293 E
340 4230 412 4295 t²
441 4227 804 4293 notandum
823 4252 847 4293 .·
878 4230 1053 4311 quod
1073 4230 1146 4295 in
1167 4231 1374 4295 omni-

511 4366 526 4396 1
562 4364 808 4415 insnivits
839 4364 898 4415 E.
909 4366 972 4416 G.
1077 4424 1085 4432 ⁸

511 4433 532 4463 ²
567 4431 698 4480 ‘Et'
721 4446 842 4482 oms
873 4432 1014 4483 E.G.

2066 334 2169 389 96

1493 439 1614 503 bus
1624 439 1832 519 festis·
1861 440 1957 524 iij.
1988 440 2327 503 lectionum
2341 449 2466 522 per
2492 448 2697 505 totum

1493 549 1745 591 annum
1818 542 2005 592 extra
2092 538 2339 609 tempus
2413 539 2609 610 pasce
2624 552 2648 591 .·
2671 528 2697 566 ⁸

1493 615 1810 679 dicuntur
1826 617 1921 679 ad
1946 616 2312 679 matutinas
2342 616 2426 679 ix.
2444 616 2701 697 psalmi

1491 703 1612 767 sub
1640 724 1775 766 una
1803 705 2154 786 antiphona
2203 704 2440 767 scilieet
2464 707 2697 785 prima

1491 792 1812 873 deprimo
1840 802 2147 855 nocturno
2190 792 2326 855 nisi
2378 792 2449 854 in
2489 792 2697 873 festis

1495 879 1591 962 iij.
1622 880 1962 944 lectionum
1982 880 2054 943 in
2072 880 2309 963 vig-ilia
2326 880 2693 962 contingen-

1494 968 1669 1031 tibus
1685 992 1709 1033 .·
1755 968 1872 1032 ubi
1910 968 2158 1032 dicitur
2198 977 2549 1032 nocturnus
2574 968 2691 1049 se-

1493 1056 1704 1122 rialis.
1800 1062 1864 1135 1[
1909 1057 2014 1119 Et
2061 1056 2133 1120 in
2210 1056 2517 1120 laudibus
2574 1056 2695 1119 hu-

1468 1143 1777 1227 jusmodi
1798 1145 2005 1226 sestis
2048 1144 2146 1227 iij.
2192 1145 2529 1209 lectionum
2588 1144 2691 1208 di·

1489 1232 1668 1295 citur
1736 1254 1873 1296 una
1954 1241 2107 1299 ana.
2184 1232 2422 1296 scilicet
2462 1232 2695 1315 prima

1487 1331 1681 1401 super
1749 1322 2106 1403 psalmum.
2233 1326 2297 1399 1[
2358 1322 2487 1385 Ad
2538 1322 2691 1403 pri·

1491 1428 1671 1471 mam
1760 1429 1909 1473 vero
1999 1408 2274 1472 secunda
2369 1417 2523 1473 aiia.
2612 1409 2695 1471 de

1486 1495 1811 1561 laudibus.
1927 1497 2055 1561 Ad
2144 1497 2405 1560 tertiam
2497 1497 2691 1559 tertia

1489 1593 1641 1649 ana.
1760 1584 1885 1649 Ad
1935 1594 2181 1648 sextam
2238 1594 2499 1666 quarta.
2592 1585 2695 1648 Et

1486 1672 1583 1735 ad
1606 1692 1847 1735 nonam
1892 1672 2124 1755 quinta
2186 1672 2324 1736 nisi
2377 1672 2449 1735 in
2483 1670 2691 1753 festis

1487 1761 1585 1843 iij.
1662 1762 1999 1824 lectionum
2081 1760 2390 1843 proprias
2463 1760 2689 1823 laudes

1483 1848 1859 1912 habentium
1882 1850 1957 1913 ⁴:
2032 1849 2150 1913 ubi
2221 1849 2293 1911 in
2384 1848 2689 1911 laudibus

1483 1937 1781 1999 ditentur
1804 1938 2065 2021 singule
2111 1936 2457 2019 antiphone
2497 1948 2695 2019 super

1481 2026 1782 2125 sin-gulos
1826 2025 2135 2107 psalmos.
2252 2026 2358 2088 Et
2402 2034 2557 2088 tunc
2595 2024 2693 2088 ad

1467 2114 1764 2195 primam
1781 2114 2012 2196 prima
2054 2113 2408 2196 antiphona
2435 2113 2517 2176 de
2541 2113 2689 2176 lau-

1482 2201 1693 2269 dibus.
1741 2202 1865 2265 Ad
1890 2202 2153 2265 tertiam
2182 2200 2477 2265 secunda.
2566 2201 2694 2265 Ad

1477 2301 1727 2353 sextam
1758 2290 1973 2353 tertia.
2015 2290 2141 2354 Ad
2166 2310 2403 2353 nonam
2432 2287 2683 2371 quinta.

1484 2382 1548 2455 1[
1594 2378 1661 2441 E
1661 2389 1690 2441 t
1704 2388 1802 2441 est
1825 2378 2149 2442 sciendum
2177 2401 2201 2441 .·
2228 2376 2406 2460 quod
2428 2377 2683 2441 nullum

1462 2468 1721 2548 festum
1798 2466 1891 2550 iij.
1996 2466 2333 2531 lectionum
2428 2464 2687 2529 habebit

1473 2556 1785 2619 secundas
1858 2566 2148 2637 vesperas
2206 2575 2317 2618 nec
2387 2553 2689 2617 memori-

1474 2662 1587 2707 am
1632 2643 1757 2707 loco
1783 2644 2209 2707 secundarum
2257 2652 2683 2743 vesperarum.

1475 2732 1580 2794 Et
1666 2731 1835 2795 idem
1909 2730 2245 2795 observari
2346 2731 2421 2793 in
2514 2750 2680 2793 com-

1477 2819 2047 2883 memorationibus
2134 2817 2329 2881 debet.
2423 2822 2487 2895 1[
2563 2817 2679 2879 In-

1457 2909 1593 2989 sra
1695 2917 1985 2971 octavam
2102 2906 2315 2969 sancti
2428 2905 2675 2968 andree.

1473 2995 1721 3058 Invita.
1784 2995 2047 3059 Dilexit
2089 2994 2409 3057 andream
2462 2992 2676 3056 domi-

1475 3104 1599 3147 nus
1661 3084 1729 3146 in
1790 3082 2063 3146 odorem
2124 3081 2467 3144 suavitatis
2512 3082 2673 3144 dum

1476 3172 1800 3254 penderet
1832 3172 1897 3233 in
1932 3190 2139 3235 cruce.
2214 3177 2319 3251 ps.
2409 3168 2673 3232 Venite.

1473 3258 1785 3340 Hymnus
1875 3258 2128 3323 Eterna
2204 3256 2467 3323 Christi.
2568 3265 2676 3320 αἰὶ.

1475 3347 1788 3411 Andreas
1860 3345 2222 3429 apostolus,
2326 3354 2427 3427 ps.
2533 3344 2675 3409 Celi

1474 3444 1801 3500 enarrant.
1833 3445 1897 3498 et
1921 3434 2113 3498 ceteri
2122 3434 2376 3517 psalmi
2389 3433 2470 3497 de
2494 3444 2677 3514 apos-

1475 3525 1627 3587 tolis
1682 3524 1802 3588 sub
1851 3524 1975 3587 hac
2028 3524 2167 3587 sola
2212 3521 2587 3603 antiphona.
2633 3538 2677 3598 y

1482 3613 1564 3678 In
1599 3632 1867 3676 omnem
1899 3622 2162 3676 terram.
2385 3609 2604 3673 Lectio
2613 3610 2679 3691 j.

1490 3700 1739 3835 Civis
1770 3701 2043 3784 quidam
2066 3700 2255 3783 cujus
2276 3697 2448 3761 filius
2471 3697 2679 3760 habe-

1618 3789 1738 3853 bat
1766 3789 2071 3872 spiritum
2123 3786 2541 3851 immundum
2577 3804 2679 3847 ro-

1477 3878 1666 3959 gavit
1700 3877 1972 3941 beatum
2030 3876 2349 3939 andream
2412 3882 2681 3955 aposto-

1478 3965 1621 4029 lum
1654 3964 1921 4029 dicens:
1969 3964 2152 4029 Sana
2199 3982 2405 4046 queso
2438 3963 2538 4025 vir
2564 3960 2674 4024 dei

1478 4052 1692 4117 filium
1757 4072 2018 4117 meum:
2064 4051 2177 4135 qui
2242 4052 2415 4113 male
2478 4070 2517 4112 a
2564 4050 2677 4113 de-

1479 4142 1711 4205 monio
1729 4150 2032 4207 vexatur.
2080 4140 2347 4203 Demon
2374 4158 2529 4200 vero
2560 4138 2685 4201 sci-

1477 4249 1597 4295 ens
1642 4250 1715 4295 se
1775 4226 2212 4312 ejiciendum:
2268 4226 2353 4290 ad
2401 4223 2689 4290 cubiculi

1838 4433 1858 4462 ⁴
1882 4362 2330 4479 ἷῖῗηῖἑὸιέἒσὸῖἳ
