3117 4959
1491 218 1597 271 IN
1634 218 1905 272 FESTO

1035 326 1168 381 137

478 418 1058 486 christianissimus
1081 438 1280 501 quem
1301 416 1683 481 occultabat

481 511 782 573 militaris
843 507 1152 572 habitus:
1227 506 1316 571 Et
1377 505 1679 571 clamidis

477 619 594 662 sue
670 596 1114 661 obumbrabat
1187 605 1508 677 aspectus,
1632 611 1679 680 γ

477 686 696 769 Quem
747 684 1126 768 perfuderat
1179 684 1344 747 deus
1403 682 1671 765 gratia:

475 776 760 856 ideoque
809 773 895 837 ab
946 772 1254 836 omnibus
1307 771 1672 835 amabatur.

479 862 570 925 Et
601 861 919 925 clamidis,
1015 859 1240 923 Gloria
1301 858 1488 943 patri.
1583 859 1675 923 Et

477 950 794 1014 clamidis
907 949 988 1012 In
1045 946 1314 1011 secundo
1372 956 1679 1011 nocturno

474 1048 580 1102 αῆ.
647 1038 758 1101 Ad
791 1036 918 1100 hoc
941 1045 1204 1100 tantum
1236 1036 1360 1098 sub
1391 1034 1675 1098 clamide

479 1126 722 1191 Christi
756 1125 1030 1189 militem
1077 1124 1350 1205 tegebat
1395 1122 1678 1187 abscon-

476 1215 688 1278 ditum
715 1234 730 1277 :
779 1224 852 1277 ut
881 1213 1010 1276 deo
1042 1212 1346 1276 redderet
1375 1212 1631 1277 animas
1660 1232 1675 1275 ε

473 1323 638 1385 quas
671 1300 976 1365 diabolus
1006 1299 1374 1363 conabatur
1405 1300 1673 1364 auferre.

458 1400 563 1473 pf.
609 1392 833 1454 Verba
879 1409 1044 1453 mea.
1135 1396 1239 1451 aii.
1276 1387 1674 1453 Clarissimis

474 1478 773 1562 quotidie
846 1478 1001 1541 viris
1093 1475 1514 1540 marcelliano
1605 1485 1675 1540 et

475 1588 699 1631 marco
758 1567 1084 1629 suadebat
1151 1564 1350 1629 seculi
1413 1564 1673 1627 blandi-

477 1664 704 1719 menta
737 1673 1070 1737 respuere:
1104 1660 1172 1717 et
1204 1662 1675 1716 momentanea

475 1753 956 1807 tormentorum
989 1760 1232 1823 genera
1261 1760 1396 1805 non
1421 1742 1671 1804 timere.

459 1842 560 1913 pJ.
601 1832 888 1894 Domine
917 1829 1228 1894 dominus
1261 1838 1500 1893 noster.
1535 1830 1597 1893 A
1608 1837 1667 1893 ἢ.

476 1920 911 1985 Sebastianus
931 1918 1030 1980 vir
1051 1916 1629 1980 christianissimus
1656 1938 1671 1981 ε

473 2027 674 2089 quem
739 2005 1118 2069 occultabat
1195 2004 1494 2069 militaris
1554 2004 1671 2069 ha-

474 2095 693 2158 bitus:
761 2102 830 2157 et
881 2093 1186 2156 clamidis
1254 2113 1370 2156 sue
1433 2093 1669 2157 obum-

475 2183 715 2247 brabat
774 2190 1097 2264 aspectus.
1180 2190 1282 2263 pff.
1333 2182 1670 2247 Conserva

476 2292 600 2335 me.
695 2288 739 2357 y
773 2269 1123 2333 Letamini.
1299 2269 1513 2333 Lectio
1543 2269 1667 2350 iizj.

470 2362 571 2492 l
591 2360 768 2441 gitur
826 2377 976 2422 cum
1039 2355 1476 2421 intellexisset
1551 2378 1669 2421 zoe

594 2468 766 2510 uxor
822 2445 1207 2510 nichostrati
1267 2446 1492 2509 omnia
1537 2466 1669 2528 que

472 2536 710 2599 beatus
770 2534 1183 2598 sebastianus
1237 2534 1614 2615 predixerat
1652 2555 1666 2599 :

473 2634 540 2687 et
573 2632 832 2687 tantum
868 2622 1088 2685 lumen
1141 2622 1314 2685 circa
1366 2642 1518 2685 eum
1569 2623 1669 2685 vi-

473 2712 681 2775 disset
731 2732 747 2775 :
823 2711 1102 2793 genibus
1170 2708 1364 2775 flexis
1431 2730 1668 2791 rogare

473 2820 624 2863 eum
715 2800 896 2883 cepit
987 2818 1306 2862 manuum
1392 2799 1664 2864 indiciis,

472 2888 662 2952 Tunc
693 2888 870 2951 dixit
915 2886 1370 2951 sebastianus:
1417 2886 1490 2953 Si
1537 2907 1667 2969 ego

468 2998 662 3041 verus
713 2977 956 3043 Christi
1007 2995 1230 3039 servus
1276 2994 1463 3037 sum:
1511 2984 1579 3038 et
1610 2976 1666 3038 si

469 3086 624 3129 vera
670 3073 824 3128 sunt
884 3065 1154 3127 omnia:
1211 3083 1340 3144 que
1401 3083 1489 3126 ex
1551 3084 1665 3127 ore

470 3174 620 3217 meo
652 3153 774 3216 hec
821 3153 1054 3215 mulier
1085 3151 1336 3215 audivit
1365 3172 1378 3215 :
1425 3161 1492 3214 et
1525 3172 1666 3215 cre-

465 3242 676 3305 didit:
723 3241 976 3322 aperiat
1007 3261 1082 3303 os
1113 3239 1298 3320 ejus:
1347 3240 1458 3320 qui
1507 3259 1667 3321 ape-

469 3330 596 3392 ruit
629 3350 702 3391 os
735 3328 1032 3391 zacharie
1051 3326 1372 3409 prophete
1390 3328 1661 3391 domini.

465 3417 582 3478 Re.
643 3415 909 3480 Christo
983 3415 1282 3497 quotidie
1354 3415 1661 3478 sedulum

465 3504 835 3568 exhibebat
863 3502 1168 3566 officium.
1263 3502 1354 3564 Et
1387 3502 1664 3567 Christi-

463 3612 739 3655 anorum
803 3592 1112 3654 animos:
1175 3609 1341 3671 quos
1403 3590 1468 3653 in
1530 3600 1665 3655 tor-

467 3680 708 3743 mentis
738 3678 1010 3744 videbat
1039 3676 1323 3741 deficere
1356 3699 1371 3742 :
1403 3679 1661 3743 confor-

461 3770 668 3832 tabat.
759 3785 809 3853 γ
855 3768 1019 3830 Erat
1049 3767 1224 3830 enim
1259 3766 1323 3829 in
1357 3787 1661 3831 sermone

462 3877 708 3920 verax:
757 3858 821 3918 in
848 3855 1102 3937 judicio
1126 3855 1383 3936 justus:
1417 3856 1482 3918 in
1515 3858 1661 3920 uni-

461 3966 652 4009 versa
673 3964 928 4008 morum
944 3944 1291 4007 honestate
1309 3944 1658 4027 preclarus.

465 4033 576 4096 Et.
1348 4032 1565 4096 Lectio
1596 4054 1654 4095 v.

627 4122 670 4183 d
703 4119 873 4184 hanc
904 4141 1136 4185 vocem
1171 4120 1478 4184 clamavit
1511 4142 1653 4185 tnu-

627 4210 746 4273 lier
833 4230 997 4273 voce
1088 4228 1334 4291 magna
1427 4210 1656 4273 dicens

791 4378 802 4407 ¹
847 4377 1048 4440 ‘Jesum
1065 4376 1078 4399 '
1103 4376 1202 4425 add
1229 4395 1241 4426 z
1279 4378 1328 4427 S.

1536 4380 1556 4408 ²
1590 4377 1794 4441 injurias
1821 4397 1831 4428 :
1868 4380 1930 4428 G.

2304 328 2445 384 188

1777 418 2033 483 Beatus
2104 440 2179 485 es
2253 430 2371 487 tu:
2444 430 2515 487 et
2590 424 2973 490 benedictus

1782 527 2003 571 sermo
2062 508 2193 572 oris
2271 510 2420 574 tui:
2497 519 2567 574 et
2626 511 2811 577 beati
2870 516 2974 596 qui

1780 596 2059 659 credunt
2090 618 2209 679 per
2238 607 2306 661 te
2328 598 2346 635 ¹
2398 599 2740 664 Christum
2774 601 2971 667 filium

1780 684 1889 747 dei
1952 685 2105 748 vivi.
2234 686 2363 749 His
2423 697 2492 751 et
2544 688 2689 751 aliis
2756 690 2973 753 multis

1776 771 2115 854 expletis:
2179 772 2416 838 beatus
2480 776 2897 841 sebastianus
2940 801 2979 843 a

1778 859 2046 923 fabiano
2084 861 2379 943 prefecto
2433 866 2609 947 apud
2643 866 2973 931 dioclicia-

1780 968 1941 1011 num
1974 950 2443 1031 imperatorem
2476 964 2831 1017 accusatus
2861 968 2972 1022 est.

1780 1035 2001 1119 Quem
2049 1038 2481 1103 dioclicianus
2520 1042 2607 1104 ad
2656 1062 2729 1105 se
2776 1044 2971 1107 advo·

1777 1144 1935 1188 cans
1966 1125 2098 1190 ait:
2149 1127 2299 1209 Ego
2327 1137 2399 1191 te
2428 1128 2601 1193 inter
2630 1132 2883 1213 primos
2912 1134 2975 1195 in

1778 1232 1929 1277 meo
1989 1213 2241 1296 palatio
2300 1236 2566 1298 semper
2621 1217 2869 1283 habui:
2911 1230 2979 1285 et

1779 1311 2007 1365 contra
2039 1303 2321 1367 salutern
2348 1323 2567 1368 meam
2602 1306 2667 1370 in
2699 1308 2975 1372 deorum

1778 1388 2079 1470 injuriis²
2122 1390 2443 1456 hactenus
2490 1393 2760 1460 latuisti.
2860 1397 2979 1462 Se-

1777 1476 2119 1543 bastianus
2165 1481 2509 1562 respondit
2540 1504 2555 1547 :
2606 1482 2735 1547 Pro
2764 1485 2977 1550 salute

1775 1574 1893 1629 tua
1950 1586 2215 1649 semper
2264 1567 2599 1633 Christum
2651 1572 2866 1637 colui:
2910 1584 2980 1637 et

1774 1674 1896 1737 pro
1924 1662 2104 1718 statu
2138 1658 2395 1719 romani
2445 1658 2743 1741 imperii:
2790 1662 2977 1725 illum

1773 1742 1885 1824 qui
1920 1742 1984 1806 in
2020 1743 2177 1807 celis
2221 1753 2324 1808 est
2377 1766 2641 1829 semper
2684 1750 2977 1815 adoravi.

1776 1830 2206 1895 Consideravi
2284 1833 2461 1897 enim
2524 1856 2567 1899 a
2642 1836 2979 1919 lapidibus

1774 1919 2099 1983 auxilium
2160 1931 2428 2003 petere:
2474 1922 2689 1987 insani
2740 1926 2979 2010 capitis

1773 2027 1919 2069 esse
1978 2016 2047 2071 et
2086 2008 2257 2071 vani.
2358 2009 2474 2073 Re.
2538 2012 2979 2079 Sebastianus

1776 2094 2369 2160 mediolanensium
2420 2100 2711 2180 partium
2762 2104 2977 2168 civis:

1773 2203 1971 2265 quem
2006 2183 2383 2267 perfuderat
2415 2188 2580 2250 deus
2598 2190 2858 2269 gratia:
2890 2193 2980 2255 ab

1773 2271 2081 2335 omnibus
2114 2273 2477 2339 amabatur.
2530 2292 2574 2361 γ
2608 2276 2773 2341 Erat
2796 2280 2976 2342 enirn

1772 2358 1839 2422 in
1902 2379 2207 2425 sermone
2265 2382 2523 2426 verax:
2601 2365 2667 2427 in
2724 2365 2979 2446 judicio

1763 2447 2000 2529 justus.
2093 2449 2331 2533 Quem.
2643 2452 2861 2517 Lectio
2892 2456 2981 2538 ιμ’.

1864 2546 2043 2599 ratus
2062 2546 2285 2601 autem
2312 2539 2741 2605 dioclicianus
2765 2543 2980 2627 impe-

1862 2634 2079 2689 rator:
2134 2626 2335 2707 jussit
2378 2638 2685 2693 sanctum
2730 2630 2979 2697 Sebas-

1771 2713 2027 2776 tianum
2048 2712 2199 2777 duci
2226 2715 2291 2777 in
2314 2717 2609 2780 medium
2628 2738 2979 2802 campum:

1772 2810 1839 2863 et
1872 2800 2057 2883 ligari
2088 2802 2279 2885 quasi
2311 2804 2578 2885 signum
2626 2807 2714 2869 ad
2768 2810 2981 2891 sagit·

1768 2890 2087 2954 tandum:
2148 2899 2218 2955 et
2271 2890 2469 2972 jussit
2523 2902 2596 2956 ut
2644 2896 2977 2977 sagittarii

1768 2976 2232 3042 circundarent
2274 3001 2445 3046 eum.
2507 2982 2701 3046 Tunc
2733 3005 2981 3066 posue-

1770 3074 1923 3127 runt
1984 3086 2137 3130 eum
2202 3066 2449 3132 milites
2527 3070 2594 3133 in
2674 3074 2977 3137 medium

1768 3172 2079 3235 campum
2098 3174 2113 3218 :
2144 3164 2214 3218 et
2231 3154 2537 3220 hincinde
2554 3158 2985 3242 repleverunt

1768 3261 1921 3304 eum
1976 3244 2280 3324 sagittis:
2328 3256 2403 3308 ut
2449 3248 2636 3326 quasi
2688 3246 2983 3315 hericius

1768 3330 1861 3392 ita
1911 3340 2085 3393 esset
2132 3334 2427 3396 consitus
2478 3334 2717 3399 ictibus
2766 3342 2985 3421 sagit-

1768 3426 2004 3482 tarum.
2056 3420 2504 3483 Estimantes³
2532 3432 2761 3488 autem
2784 3428 2983 3491 illum

1768 3516 2155 3571 mortuum:
2220 3509 2540 3573 abierunt.
2656 3512 2985 3595 Quedam

1767 3604 1993 3657 autem
2027 3596 2332 3678 religiosa
2354 3598 2586 3661 mulier
2608 3604 2794 3665 venit
2822 3625 2987 3667 noc-

1768 3690 1868 3746 te:
1914 3691 1984 3746 et
2030 3683 2368 3747 inveniens
2399 3706 2552 3749 eum
2585 3688 2935 3755 viventem
2970 3714 2985 3755 :

1766 3771 1965 3833 duxit
2026 3770 2093 3833 in
2141 3773 2416 3835 domum
2466 3795 2701 3839 suam:
2750 3779 2987 3863 ibique

1764 3858 1937 3922 intra
1965 3879 2215 3942 paucos
2266 3863 2411 3925 dies
2462 3864 2753 3927 salutern
2810 3870 2989 3932 inte-

1760 3948 2113 4028 gerrimam
2139 3952 2549 4031 recuperavit
2571 3952 2638 4014 in
2660 3958 2993 4022 omnibus

1765 4035 2097 4099 membris,
2186 4036 2302 4101 Re.
2338 4037 2471 4100 Zoe
2504 4060 2680 4103 uxor
2712 4044 2987 4109 nichos-

1762 4124 1915 4185 trati
1995 4124 2171 4188 dixit
2247 4125 2449 4189 beato
2524 4129 2925 4196 sebastiano
2970 4156 2987 4199 :

1763 4212 2001 4275 beatus
2079 4233 2149 4275 es
2226 4223 2337 4278 tu:
2431 4224 2501 4278 et
2576 4217 2987 4287 benedictus

2138 4382 2157 4411 ⁸
2196 4382 2593 4435 Existimantes:
2632 4388 2699 4436 G.
