3117 4959
1191 245 1250 297 S.
1305 243 1405 297 SA
1423 243 1790 297 TURNINI
1831 242 2279 299 MARTJ‘RJS.

1006 356 1156 408 729

475 462 841 545 suscipiens
899 460 1203 523 tribunus
1266 458 1542 522 retrudit
1606 459 1671 521 in

478 550 780 614 custodia
810 548 1092 631 publica.
1357 547 1574 609 Lectio
1604 547 1671 627 ij.

476 641 730 770 Erat
761 646 984 700 autem
1018 638 1191 698 inter
1234 655 1348 697 eos
1393 637 1668 717 quidam

627 746 835 788 senex
928 723 1302 787 saturninus
1380 724 1672 786 nomine.

481 814 572 876 Et
603 815 759 894 quia
805 821 1143 875 senectute
1190 810 1402 874 suerat
1456 831 1672 873 mace-

476 911 693 964 ratus:
742 909 1057 981 ceperunt
1101 918 1254 961 eum
1285 899 1369 961 ad
1404 907 1674 980 portan-

476 990 637 1051 dum
670 989 1000 1069 adjuvare.
1096 986 1249 1049 Hoc
1295 1007 1445 1049 cum
1492 987 1670 1050 vide-

477 1086 622 1139 rent
652 1075 962 1139 custodes
994 1074 1132 1137 fieri
1158 1096 1171 1137 ε
1212 1075 1368 1156 quia
1399 1074 1674 1137 ciriacus

475 1173 541 1226 et
574 1164 835 1226 sisinius
866 1164 1154 1225 sarcinas
1199 1183 1352 1224 suas
1396 1170 1465 1225 et
1508 1161 1674 1224 alias

474 1251 833 1331 adjuvante
926 1249 1191 1314 Christo
1282 1259 1623 1331 portarent
1659 1271 1674 1314 ε

477 1339 695 1401 mirati
726 1348 882 1401 sunt
933 1348 997 1401 et
1053 1338 1530 1401 nunciaverunt
1560 1338 1675 1400 tri-

475 1427 657 1490 buno
706 1426 1041 1507 exuperio,
1132 1426 1324 1488 Tunc
1371 1425 1674 1488 tribunus

476 1515 812 1577 nunciavit
895 1514 1307 1576 maximiano
1393 1514 1621 1576 dicens
1658 1534 1672 1576 ε

475 1602 656 1684 quod
720 1621 870 1664 cum
931 1599 1198 1682 hymnis
1246 1610 1314 1663 et
1368 1600 1674 1664 laudibus

476 1691 584 1752 dei
617 1698 684 1752 et
716 1688 899 1752 omni
931 1689 1354 1751 veneratione
1404 1688 1669 1752 Christo

474 1777 752 1859 gloriam
786 1777 1153 1840 redderent.
1333 1777 1544 1839 Lectio
1575 1776 1672 1858 its.

494 1866 775 1997 Tunc
808 1866 1013 1927 iratus
1053 1864 1499 1927 maximianus
1539 1872 1673 1927 tra-

640 1953 812 2016 didit
842 1973 958 2015 eos
1001 1952 1293 2015 laodicio
1315 1953 1331 1989 ¹
1357 1951 1669 2033 prefecto,

474 2041 707 2122 Atque
741 2040 1055 2103 laodicius
1096 2039 1292 2120 jussit
1323 2040 1570 2102 retrudi
1603 2041 1670 2101 in

475 2148 801 2192 carcerem
834 2146 1063 2190 senem
1106 2127 1520 2190 saturninum
1572 2136 1671 2190 at-

474 2236 605 2299 que
680 2215 1024 2279 sisinnium
1100 2215 1467 2278 diaconem.
1581 2215 1670 2279 Et

808 2351 823 2380 ¹
862 2349 1112 2399 loadicio:
1148 2349 1200 2399 S.
1233 2349 1474 2416 (passim).

2285 356 2440 411 730

1771 461 2131 526 veniebant
2177 461 2263 524 ad
2320 480 2434 523 eos
2467 458 2667 523 multi
2698 459 2966 541 gentiles

1772 560 1841 613 et
1873 549 2386 631 baptizabantur
2414 567 2568 611 cum
2603 549 2792 610 omni
2814 548 2966 611 fidu·

1773 639 1891 701 cia.
1978 637 2137 699 Post
2167 637 2310 699 dies
2342 657 2499 698 vero
2530 636 2972 717 quadraginta

1773 726 1942 788 duos
1988 724 2167 786 misit
2213 733 2282 786 et
2331 723 2644 786 exhibuit
2693 726 2975 786 saturni-

1775 833 1933 875 num
1967 821 2035 875 et
2065 812 2428 874 sisinnium.
2522 811 2660 893 Qui
2694 822 2852 893 post
2879 812 2975 874 di-

1774 921 1965 963 versa
1994 898 2317 981 supplicia
2348 900 2636 981 depositi
2689 901 2781 962 de
2830 919 2974 962 ecu-

1772 988 1914 1052 leo:
1965 989 2145 1051 ducti
2190 996 2346 1049 sunt
2373 989 2481 1050 via
2511 995 2977 1050 numentana:

1772 1076 2052 1140 miliario
2071 1074 2158 1138 ab
2181 1074 2339 1137 urbe
2365 1095 2549 1137 roma
2573 1074 2728 1157 plus
2762 1076 2978 1137 minus

1772 1165 2104 1227 secundo:
2150 1172 2218 1226 et
2269 1163 2358 1225 ibi
2414 1164 2636 1244 capite
2686 1165 2972 1226 truncati

1774 1253 2222 1332 migraverunt
2253 1251 2338 1313 ad
2376 1249 2732 1314 Christum.
2794 1249 2979 1331 Quo·

1774 1361 1918 1402 rum
1953 1359 2226 1419 corpora
2259 1338 2527 1419 collegit
2558 1347 2790 1400 trason
2847 1358 2976 1400 una

1773 1447 1924 1490 cum
1969 1427 2168 1490 beato
2222 1426 2515 1507 johanne
2565 1425 2974 1509 presbytero.

1774 1516 1900 1578 sub
1947 1515 2057 1578 die
2103 1515 2302 1577 tertio
2350 1513 2676 1576 kalendas
2708 1515 2970 1577 decem-

1773 1603 1947 1666 bris:
2025 1610 2343 1683 regnante
2406 1602 2682 1664 domino
2745 1611 2974 1664 nostro

1771 1692 1931 1771 Jesu
1983 1689 2291 1754 Christo:
2339 1690 2444 1752 cui
2499 1697 2602 1753 est
2645 1687 2869 1751 honor
2908 1700 2976 1752 et

1772 1778 1984 1859 gloria
2015 1798 2166 1843 cum
2199 1777 2328 1840 deo
2358 1784 2546 1858 patre
2595 1778 2664 1839 in
2715 1777 2974 1839 unitate

1773 1866 2255 1947 spiritussancti
2275 1865 2299 1902 ²
2345 1885 2464 1947 per
2492 1865 2719 1927 omnia
2750 1866 2977 1927 secula

1772 1953 2160 2016 seculorum.
2273 1952 2517 2017 Amen.
2613 1952 2846 2017 Cetera
2901 1952 2980 2014 de

1770 2041 2097 2104 communi
2151 2040 2350 2103 unius
2436 2040 2756 2120 martyris·
2832 2061 2972 2103 ciem

1773 2130 2074 2194 oratione.
2167 2129 2353 2191 Deus
2383 2129 2495 2210 qui
2529 2147 2669 2191 nos.
2714 2137 2828 2193 etc.

2080 2355 2101 2384 ²
2140 2352 2317 2403 ‘deus’
2342 2353 2477 2402 add:
2512 2353 2566 2404 S.

604 2543 1027 2607 Breviarium
1085 2544 1431 2607 secundum
1494 2564 1732 2607 morem
1793 2555 1855 2608 et
1909 2544 2420 2609 consuetudinem
2476 2552 2696 2607 sancte
2732 2545 2980 2608 ecclesie

476 2634 547 2698 E
551 2633 903 2700 baracensis
961 2632 1342 2714 anglicane:
1403 2633 1500 2695 ad
1543 2633 1800 2696 landem
1859 2642 1924 2695 et
1969 2634 2263 2734 gloriam
2312 2632 2718 2695 sanctissime
2779 2634 2976 2696 trini-

473 2723 679 2784 tatis:
732 2721 1105 2782 intemerate
1158 2741 1399 2801 quoque
1443 2721 1785 2802 genitricis
1841 2720 1950 2784 dei
2006 2720 2292 2802 virginis
2340 2723 2592 2784 marie:
2656 2720 2977 2803 totiusque

470 2807 875 2890 hyerarcliie
877 2807 1162 2871 celestis:
1224 2808 1561 2889 Ipsiusque
1616 2818 2013 2871 sacrosancte
2051 2809 2290 2871 ecclesie
2333 2809 2403 2871 E
2405 2808 2768 2870 boracensis
2825 2809 2977 2873 cleri
3058 2837 3059 2853 ¹

471 2884 875 2960 devoti'ssin'ii
928 2895 1347 2958 reverentiam
1398 2905 1461 2958 et
1500 2896 1841 2959 honorem:
1907 2896 2264 2978 Singulari
2302 2917 2461 2957 cura
2504 2917 2583 2959 ac
2621 2895 2972 2978 diligentia
3058 2974 3059 2977 Ἴ

475 2984 896 3066 impensisque
939 2984 1006 3046 F
1002 2982 1263 3046 riderici
1299 2984 1610 3065 egmundt
1660 2984 1810 3046 bene
1854 2984 2139 3047 revisum
2188 2985 2719 3065 emendatumque
2737 3007 2763 3048 .·
2816 2985 2969 3066 feli·
3055 3027 3057 3061 s

471 3075 630 3135 citer
655 3082 750 3134 est
778 3071 1164 3152 explicitum.
1254 3071 1301 3133 I
1297 3082 1650 3152 inpressum
1682 3073 1949 3135 venetiis
1977 3083 2102 3154 per
2136 3072 2505 3146 Joliannem
2535 3071 2861 3135 liamman
2900 3073 2971 3134 de
3054 3081 3057 3084 '

473 3160 780 3223 Laudoia
824 3160 1066 3222 dictum
1110 3158 1373 3240 hertzog
1394 3182 1417 3222 .·
1462 3159 1948 3240 limpidissimis
1968 3182 1991 3222 :
2034 3170 2111 3223 ut
2141 3159 2406 3222 cernitis·
2424 3182 2449 3222 .·
2492 3161 2927 3223 caracteribus
2943 3184 2966 3222 .·

472 3251 670 3312 Anno
728 3246 966 3309 salutis
1008 3256 1159 3328 post
1217 3248 1632 3310 millesimum
1692 3257 2037 3329 quaterque
2091 3247 2498 3311 centesimum
2562 3249 2965 3330 nonagesimo

475 3336 675 3402 tertio.
766 3335 1105 3399 Kalendas
1133 3334 1359 3400 madii.
