3117 4959
790 193 1050 283 JgVFRA
1109 192 1519 248 OCTAVAM
1559 192 1622 248 S.
1672 192 2031 249 ANDREE
2076 192 2503 249 APOSTOLI.

925 302 1020 357 97

393 416 720 473 secretum
795 407 1084 472 adduxit
1157 426 1476 491 puerum:
1523 416 1591 471 et

2259 304 2361 358 98

1701 406 1982 490 tiphonis
2026 408 2107 473 de
2142 407 2444 473 trinitate
2486 409 2754 472 dicatur
2794 428 2911 471 su-

395 497 638 580 laqueo
656 495 1008 561 suffocavit
1034 515 1203 561 eum.
1252 495 1369 561 Re.
1403 496 1588 559 Dum
1683 507 1810 579 per
1835 497 2007 578 psal.
2102 496 2499 580 Quicunque
2548 496 2911 560 secundum

395 584 902 669 perambularet.

392 675 700 805 Pater
719 692 880 754 ergo
909 672 1095 755 pueri
1124 692 1276 735 cum
1307 672 1593 735 invenis-

553 770 660 825 set
719 760 906 823 illum
939 769 1324 825 mortuum:
1371 760 1593 824 flevit:

399 858 469 913 et
500 849 730 913 amicis
761 850 896 913 suis
927 850 1061 913 ait:
1110 848 1384 912 Deferte
1432 868 1593 931 ergo

401 948 737 1001 mortuum
769 938 853 1000 ad
903 937 1281 1000 theatrum:
1328 936 1594 1000 confido

400 1027 578 1088 enim
639 1025 821 1106 quod
895 1026 1143 1107 poterit
1217 1023 1593 1090 resuscitari

401 1134 520 1197 per
594 1112 1012 1197 apostolum:
1105 1114 1220 1194 qui
1297 1114 1597 1195 predicat

401 1204 630 1285 Jesum
697 1201 1058 1266 Christum.
1151 1200 1306 1283 Quo
1366 1201 1595 1264 delato

403 1290 694 1354 narravit
725 1289 1032 1372 apostolo
1081 1288 1366 1371 qualiter
1396 1289 1597 1352 suffo-

407 1388 593 1442 catus
625 1387 798 1442 esset
822 1378 1213 1442 ademonio.
1262 1377 1374 1441 Re.
1423 1378 1597 1440 Mox

404 1477 478 1531 ut
509 1486 759 1531 vocem.
1263 1466 1476 1530 Lectio
1501 1463 1598 1547 iij.

421 1556 880 1691 Oonversus
955 1554 1183 1637 itaque
1257 1553 1601 1636 apostolus

565 1644 650 1707 ad
683 1643 1045 1727 populum:
1092 1644 1229 1706 ait:
1275 1641 1454 1724 Quid
1486 1662 1603 1706 vo-

404 1732 508 1797 bis
522 1733 816 1814 proderit
836 1730 1569 1795 viri-thessalonicenses
1587 1751 1602 1794 ε

407 1841 560 1883 cum
635 1819 761 1883 hoc
839 1820 976 1883 fieri
1053 1818 1398 1883 videritis:
1477 1818 1601 1881 nisi

407 1909 611 1972 fidem
667 1907 912 1971 Christi
961 1907 1400 1989 susceperitis
1497 1906 1603 1969 Illi

410 2006 636 2061 autem
669 1996 1024 2060 dixerunt:
1073 1994 1244 2059 Cum
1292 2016 1458 2077 puer
1479 1995 1607 2058 iste

410 2084 834 2148 resuscitatus
885 2084 1125 2147 suerit:
1185 2102 1418 2147 omnes
1471 2103 1611 2147 cre-

408 2173 661 2237 demus,
757 2172 908 2235 Hec
981 2171 1108 2235 illis
1196 2171 1608 2235 dicentibus:

410 2262 504 2324 ait
550 2259 928 2342 apostolus:
978 2259 1059 2323 In
1121 2260 1388 2323 nomine
1447 2260 1607 2342 Jesu

415 2349 658 2415 Christi
713 2369 908 2431 surge
967 2368 1148 2431 puer.
1242 2348 1334 2411 Et
1377 2349 1607 2412 statim
1654 2366 1665 2377 ’

415 2436 744 2501 surrexit:
797 2446 866 2500 et
916 2435 1328 2519 stupefactus
1389 2438 1609 2499 omnis

416 2524 703 2609 populus
776 2523 1094 2589 clamavit
1170 2526 1434 2589 dicens:
1529 2525 1610 2588 In

415 2634 570 2678 eum
613 2632 812 2695 quem
859 2613 1162 2695 predicas
1208 2612 1454 2677 famule
1501 2612 1610 2676 dei

417 2702 788 2767 credimus:
820 2710 890 2764 et
933 2702 1245 2765 virtutem
1293 2700 1438 2783 ejus
1469 2722 1612 2765 sus-

418 2790 716 2873 cipimus.
852 2788 1222 2872 Apostolus
1385 2798 1613 2853 autern

421 2878 665 2943 Christi
755 2898 1023 2942 omnem
1099 2877 1420 2962 populum
1497 2898 1617 2961 per

421 2970 714 3032 triduum
778 2968 1134 3032 instruxit:
1183 2976 1252 3031 et
1313 2986 1444 3049 que
1503 2964 1613 3029 dei

422 3065 610 3120 erant
640 3056 883 3121 docuit.
929 3056 1040 3121 Re.
1093 3056 1344 3123 oravit.
1395 3054 1618 3136 Supra

409 3155 560 3227 post
600 3154 876 3209 sextum.
965 3144 1154 3227 Resp.
1231 3161 1279 3230 γ
1356 3143 1617 3207 Dilexit

425 3234 758 3296 andream.
849 3233 934 3294 In
965 3232 1273 3296 laudibus
1329 3232 1439 3295 ltec
1477 3231 1618 3294 sola

1270 583 1490 647 Lectio
1521 583 1589 666 ij.
1679 584 1955 665 seriam.

1834 672 1960 736 Ad
2004 673 2265 737 tertiam
2308 681 2414 738 aii.
2464 673 2697 736 Biduo.
2750 671 2911 753 Cap.

1697 759 1815 824 Re.
1890 770 1955 823 et
2038 770 2164 826 oro.
2254 761 2353 824 ad
2418 782 2633 825 omnes
2704 760 2913 823 horas

1697 849 1868 912 sicut
1894 848 1963 911 in
1993 847 2115 913 die.
2205 849 2268 912 Α
2282 851 2330 912 d
2344 860 2596 912 sextam
2618 857 2724 912 an.
2776 850 2915 911 Be-

1701 946 1852 1000 atus
1898 938 2196 1001 andreaS.
2277 938 2403 1001 Ad
2483 958 2721 1000 nonam
2792 945 2906 999 an.

1704 1026 1861 1088 Non
1896 1046 2003 1087 me
2050 1027 2417 1107 permittas,
2509 1030 2573 1103 1[
2626 1024 2913 1103 Quando

1702 1123 1915 1175 autem
1996 1124 2245 1194 vespere
2330 1114 2627 1177 dicentur
2680 1114 2763 1175 de
2839 1133 2913 1175 eo

1704 1201 1895 1282 infra
1968 1210 2231 1264 octavas
2302 1223 2466 1266 suas
2502 1202 2674 1285 fient
2756 1220 2909 1263 cum

1704 1289 2073 1370 antiphonis
2154 1298 2219 1352 et
2297 1290 2577 1373 psalmis
2635 1289 2913 1370 feriale-

1706 1377 1823 1442 bus
1850 1386 1955 1440 an.
2051 1377 2272 1441 Corde
2303 1380 2609 1442 creditur.
2686 1376 2913 1457 Hym-

1708 1486 1847 1529 nus,
1898 1465 2184 1530 Exultet
2213 1465 2451 1531 celum.
2520 1483 2565 1552 y
2640 1465 2913 1528 Dilexit

1706 1554 2041 1617 andream.
2106 1574 2253 1616 cum
2316 1555 2543 1636 aliqua
2608 1553 2913 1633 autipho-

1706 1662 1796 1705 na
1854 1642 1935 1703 de
2004 1662 2075 1705 eo
2119 1644 2391 1725 propria
2462 1654 2655 1724 super
2725 1642 2917 1723 psal-

1708 1750 1891 1793 mum
1918 1730 2328 1811 Magnificat.
2364 1737 2429 1809 (s
2460 1731 2554 1794 Et
2577 1729 2917 1793 sciendum

1708 1817 1882 1900 quod
1936 1818 2125 1899 infra
2184 1830 2442 1883 octavas
2504 1830 2695 1902 super
2726 1818 2919 1899 psal-

1712 1927 1849 1969 mos
1938 1907 2331 1989 Magnificat
2418 1918 2481 1970 et
2588 1907 2917 1970 Benedic-

1712 2002 1858 2059 tus:
1926 1995 2185 2076 quando
2240 1996 2477 2077 agitur
2529 1996 2611 2059 de
2663 2016 2733 2058 eo
2753 2018 2779 2057 .·
2856 2003 2923 2057 et

1711 2082 1809 2145 ad
1875 2083 2253 2146 memoriam
2340 2084 2597 2165 quando
2683 2083 2925 2164 agitur

1711 2171 1792 2234 de
1848 2170 1981 2233 alio
1999 2194 2023 2234 .·
2084 2174 2391 2235 sumende
2434 2180 2595 2235 sunt
2632 2172 2865 2254 primo
2892 2171 2919 2207 ²

1711 2258 2015 2322 seriatim
2091 2259 2439 2342 antiphone
2522 2261 2601 2324 de
2658 2260 2919 2340 primis·

1714 2346 1991 2428 vesperis
2045 2356 2110 2409 et
2153 2347 2291 2412 illis
2334 2347 2527 2411 dictis·
2549 2368 2575 2411 .·
2617 2346 2919 2428 antipho·

1716 2456 1796 2499 ne
1837 2436 2239 2499 nocturnales
2257 2460 2281 2499 .·
2328 2437 2681 2517 incipiendo
2708 2435 2807 2498 ad
2820 2455 2917 2497 se-

1715 2524 1995 2587 cundam
2070 2524 2490 2607 antiphonam
2556 2524 2639 2587 de
2690 2524 2920 2605 primo

1718 2621 2023 2675 nocturno
2096 2622 2161 2675 et
2222 2613 2487 2677 dicatur
2562 2612 2925 2675 versiculus

1722 2700 1983 2764 Dilexit
2006 2701 2324 2764 andream
2359 2702 2428 2764 in
2458 2702 2759 2765 omnibus
2786 2720 2929 2761 me-

1720 2787 1949 2851 moriis
1980 2788 2137 2853 suis.
2218 2790 2421 2853 Salvo
2448 2789 2625 2872 quod
2660 2788 2925 2871 quando

1717 2876 1964 2940 dicitur
1987 2876 2085 2940 ad
2108 2879 2485 2941 memoriam
2516 2887 2623 2942 aii.
2656 2877 2925 2941 Dilexit

1722 2964 2040 3029 andream
2073 2974 2227 3030 tunc
2252 2966 2516 3031 dicatur
2557 2982 2605 3051 γ
2652 2964 2927 3031 Dedisti

1721 3052 2180 3118 hereditatem.

1728 3146 1790 3219 (I
1842 3142 1941 3205 De
1957 3142 2161 3222 fistzs
2190 3142 2273 3207 ix.
2304 3142 2642 3205 lectionum
2669 3140 2931 3223 simpli-

1720 3228 1898 3292 cibus
1927 3230 2034 3293 vel
2067 3230 2429 3312 duplicibus
2463 3231 2653 3311 infra
2682 3232 2931 3295 adven-

425 3330 529 3385 an'.
623 3319 823 3385 Salve
882 3340 1063 3384 crux.
1171 3320 1318 3401 Cap.
1397 3318 1622 3383 Corde
1725 3326 1881 3381 tum.
2296 3390 2311 3405 ,

427 3408 732 3472 creditur.
867 3408 1193 3487 Hymnus.
1331 3407 1619 3471 Exultet
1724 3406 1869 3539 S
1898 3407 2151 3486 festum
2180 3407 2395 3470 sancti
2420 3405 2658 3471 nicolai
2700 3406 2771 3468 in
2816 3406 2934 3469 do—

427 3498 663 3560 celum.
708 3511 756 3582 y
833 3494 1099 3559 Dedisti
1160 3495 1619 3559 hereditatem.
1838 3493 2081 3557 minica
2130 3496 2457 3558 evenerit:
2520 3494 2658 3557 nisi
2698 3494 2939 3576 duplex

428 3587 516 3648 In
548 3604 732 3648 evan.
763 3591 912 3647 ana.
992 3584 1186 3648 Unus
1219 3604 1308 3645 ex
1339 3583 1620 3648 duobus,
1710 3582 1893 3667 fiat:
1963 3584 2414 3663 transferatur
2460 3583 2533 3647 in
2582 3583 2935 3646 secundam

414 3683 515 3756 ps‘.
582 3672 1000 3736 Benedictus.
1082 3671 1227 3737 Oro,
1307 3672 1623 3753 Majesta-
1710 3670 1969 3751 seriam
2041 3681 2105 3733 et
2189 3675 2347 3754 quia
2420 3681 2639 3735 octave
2720 3672 2944 3735 sancti

431 3772 586 3826 tem.
675 3762 776 3824 Et
829 3760 1086 3823 dicende
1129 3768 1286 3823 suut
1327 3760 1627 3823 memorie
1728 3760 1966 3822 andree
2021 3771 2362 3824 occurrunt
2391 3782 2416 3823 :
2472 3760 2613 3843 fiat
2671 3769 2938 3823 tantum

432 3850 513 3914 de
537 3848 820 3913 adventu
850 3848 1208 3912 dedomina
1228 3872 1252 3913 .·
1281 3849 1379 3912 et¹
1413 3848 1624 3912 omni·
1730 3848 2041 3911 memoria
2090 3848 2172 3911 de
2225 3847 2481 3913 octavis.
2576 3849 2635 3913 S
2636 3848 2668 3910 i
2713 3857 2943 3911 autem

435 3939 553 4003 bus
602 3938 855 4002 sanctis.
953 3936 1243 4020 Exequie
1297 3936 1624 4019 defimcto-
1730 3935 1965 4017 duplex
1986 3936 2127 4019 fiat
2160 3938 2301 4019 ejus
2325 3938 2583 4018 festum
2605 3960 2631 3999 .·
2676 3946 2835 3999 tunc
2876 3934 2947 3999 si

436 4047 584 4090 rum
617 4046 742 4089 non
786 4026 1178 4090 omittantur
1202 4036 1468 4109 propter
1503 4027 1627 4089 hu·-
1734 4024 1805 4087 in
1834 4024 2098 4089 sabbato
2138 4028 2423 4090 evenerit
2438 4047 2463 4089 .·
2506 4024 2768 4089 habebit
2804 4044 2947 4087 om·-

415 4115 721 4199 jusmodi
774 4125 1081 4179 octavam.
1170 4115 1233 4179 A
1245 4115 1300 4177 d
1328 4115 1627 4197 primam
1734 4112 1888 4176 nino
1946 4115 2219 4178 ultimas
2276 4124 2569 4195 vesperas
2620 4134 2781 4177 suas
2796 4137 2822 4178 .·
2886 4122 2949 4175 et

436 4212 540 4269 au.
609 4204 937 4269 Concede.
1041 4204 1190 4269 Una
1241 4224 1320 4267 ex
1357 4224 1470 4268 sex
1509 4224 1625 4267 an·
1736 4204 2047 4267 memoria
2076 4204 2221 4285 fiat
2258 4202 2341 4266 de
2378 4202 2665 4265 adventu
2690 4226 2714 4267 .·
2760 4211 2827 4265 et
2868 4201 2949 4265 de

867 4366 882 4397 ¹
925 4366 1190 4417 ‘de’add:
1229 4369 1280 4417 S.
2016 4368 2036 4398 ²
2074 4366 2337 4417 ‘et’add:
2376 4366 2433 4416 G.
