3117 4959
938 245 999 302 S.
1050 245 1402 302 FIRMINI
1442 245 1840 302 EPISCOPI.

676 355 823 410 575

171 485 306 531 eam
376 462 549 545 apud
628 461 925 544 judicem
1002 460 1339 526 accusavit

169 573 351 636 super
402 549 593 615 titulo
642 549 1158 614 christianitatis,
1245 548 1337 614 Et

171 643 315 724 quia
361 658 600 721 sponso
653 639 778 702 sibi
825 637 1165 720 assignato
1216 656 1339 701 nu-

170 733 311 793 bere
338 727 673 792 rennuit¹:
718 727 802 789 ad
835 746 1063 810 preces
1108 726 1339 789 matris

172 817 299 898 ejus
360 813 679 897 judicavit
750 835 901 878 eam
988 811 1338 897 proconsul

172 909 309 987 igne
349 905 788 966 cremandam.
882 902 973 966 Et
1002 922 1153 966 cum
1187 922 1341 984 sup-

173 993 405 1074 positus
452 991 681 1054 suisset
723 989 931 1073 ignis:
984 1011 1091 1054 ros
1145 990 1339 1053 desu-

92 1125 99 1138 .
170 1101 277 1162 per
298 1080 601 1143 veniens:
639 1079 861 1160 ignem
892 1079 1226 1142 extinxit:
1272 1086 1341 1142 et

174 1168 277 1231 illa
328 1168 414 1231 ab
486 1167 797 1232 incendio
872 1167 1151 1230 liberata
1212 1165 1343 1230 dis-

168 1255 363 1321 cessit.
1024 1254 1239 1317 Lectio
1270 1253 1341 1335 'J-

166 1345 331 1476 Ε
359 1363 505 1408 cum
537 1340 921 1426 agnovisset
957 1364 972 1406 ε
1004 1343 1117 1406 ubi
1150 1362 1343 1425 apos-

300 1432 473 1495 tolus
551 1432 1042 1514 hospitaretur:
1117 1431 1345 1494 omnia'

169 1521 487 1583 mundana
564 1519 941 1602 relinquens
977 1541 993 1583 :
1071 1519 1345 1582 adhere-

170 1608 276 1672 bat
350 1607 571 1691 pau10.
685 1607 841 1691 Quo
915 1608 1059 1671 viso
1132 1606 1344 1690 gavisi

166 1705 309 1758 sunt
339 1697 518 1778 quod
552 1716 701 1760 eam
732 1696 1043 1760 dominus
1076 1695 1344 1758 liberas-

166 1791 260 1847 set
284 1785 366 1847 de
396 1785 599 1866 igne:
646 1795 714 1848 et
766 1784 1017 1867 epulati
1066 1793 1222 1847 sunt
1276 1784 1343 1846 in

166 1872 439 1936 domine.
520 1874 681 1936 Post
711 1872 832 1936 hec
865 1871 1227 1935 alexander
1248 1872 1346 1936 vir

167 1968 385 2040 potens
415 1959 663 2026 obtulit
685 1979 833 2023 eam
860 1961 1069 2042 judici
1099 1961 1344 2024 dicenS.

168 2047 297 2112 Ista
351 2048 577 2131 puella
636 2049 993 2113 christiana
1042 2056 1161 2112 est.
1253 2048 1345 2112 Et

165 2155 301 2199 cum
332 2137 427 2200 ita
448 2138 909 2219 cognovisset:
940 2135 1345 2199 condemna-

163 2225 251 2287 vit
318 2245 465 2288 eam
568 2225 797 2288 bestiis
884 2224 1340 2307 subigendam.

165 2311 493 2376 Productis
556 2333 715 2376 vero
775 2312 1001 2376 bestiis
1075 2314 1346 2394 ponitur

160 2419 344 2481 super
371 2401 634 2464 leenam
654 2420 786 2482 que
817 2402 1095 2464 obverso
1128 2401 1344 2482 capite

161 2486 440 2552 laniebat
461 2489 487 2526 ²
509 2489 719 2571 pedes
748 2489 912 2570 ejus,
972 2488 1128 2571 Quo
1157 2489 1301 2551 viso
1328 2509 1343 2552 :

159 2577 431 2657 populus
460 2578 825 2660 obstupuit.
1004 2577 1216 2640 Lectio
1248 2577 1341 2658 iij.

158 2665 404 2796 Post
450 2664 579 2728 hec
641 2665 1067 2728 inmittuntur
1118 2664 1345 2728 leones

299 2761 367 2815 et
426 2755 609 2818 ursi:
682 2753 801 2816 sed
862 2752 1053 2816 leena
1077 2787 1085 2793 ·
1109 2753 1346 2816 ceteris

160 2840 441 2904 acerbior
516 2860 903 2924 precurrens
976 2841 1062 2906 ad
1140 2841 1346 2923 pedes

162 2927 291 3007 ejus
320 2930 650 2994 accubuit.
728 2929 895 2992 Inde
925 2929 1125 2992 currit
1156 2950 1346 2993 ursa:

160 3017 265 3078 sed
311 3017 502 3080 leena
533 3017 731 3080 scidit
761 3037 927 3080 eam.
1021 3018 1179 3081 Post
1223 3017 1346 3080 hec

103 3151 111 3158 .
161 3103 600 3168 submiserunt
624 3105 869 3169 ferrum
901 3106 1193 3168 candens
1224 3107 1350 3168 sub

161 3192 431 3272 pedibus
490 3204 835 3257 taurorum
914 3203 986 3256 ut
1063 3195 1348 3256 atrocius

162 3279 469 3346 effrenata
516 3281 835 3345 animalia
894 3281 1069 3345 saltu
1115 3283 1349 3365 rapido

159 3367 395 3432 victam
419 3370 447 3408 ⁸
490 3371 817 3451 virginem
849 3371 1296 3452 discerperent
1333 3391 1347 3433 :

158 3456 267 3518 sed
296 3456 543 3520 ferrum
594 3459 963 3521 combussit
1010 3456 1235 3522 funes:
1281 3467 1349 3521 et

159 3543 333 3625 virgo
365 3547 616 3609 mansit
648 3545 847 3609 illesa.
941 3545 1165 3629 Quam
1200 3567 1350 3628 pro-

160 3632 377 3696 consul
420 3634 722 3697 vestibus
771 3635 955 3697 indui
1009 3636 1352 3716 precepit:

160 3737 280 3800 que
302 3722 717 3785 descendens
740 3723 809 3784 in
833 3723 1109 3786 domum
1136 3723 1351 3804 cujus-

158 3808 305 3871 dam
368 3811 664 3874 mulieris
728 3811 997 3873 nomine
1044 3811 1297 3874 triferre
1326 3811 1351 3848 ⁴

160 3895 365 3974 ipsam
416 3907 487 3961 et
537 3899 811 3962 domum
846 3898 986 3979 ejus
1018 3907 1231 3966 totam
1262 3899 1349 3962 ad

158 3981 351 4048 fidem
416 3986 666 4052 Christi
727 3988 1069 4057 convertit,
1183 3987 1353 4051 Inde

158 4072 539 4137 seuleticam
572 4095 893 4157 pergens:
926 4084 1079 4157 post
1097 4075 1352 4158 aliquot

160 4159 293 4244 dies
320 4163 631 4232 transivit
680 4163 765 4232 ad
808 4164 1199 4232 dominum:
1246 4166 1349 4229 cui

158 4255 255 4311 est
319 4251 537 4331 gloria
595 4260 664 4315 et
716 4251 928 4315 honor
976 4252 1045 4314 in
1113 4253 1352 4317 secula.

222 4386 237 4421 ⁸
270 4387 433 4438 renuit
456 4405 469 4438 ι
494 4387 731 4438 W.R.N.

222 4455 241 4485 ⁴
272 4453 487 4504 trifene:
524 4453 578 4505 S.

934 4389 956 4419 ²
988 4389 1277 4439 lambebat:
1312 4390 1545 4440 W.R.N.
1591 4389 1849 4440 laniabat:
1883 4389 1924 4439 S

930 4458 953 4487 ⁸
984 4455 1279 4506 honoratum
1305 4475 1317 4507 z
1352 4456 1647 4508 W.R.N.s.

1957 354 2102 409 576

1444 457 1668 526 Cetera
1710 458 1790 524 de
1815 459 2142 524 communi
2181 458 2382 524 unius
2425 456 2630 542 virgi-

1438 547 1547 612 nis
1575 568 1700 611 non
1730 549 2062 629 martyris.

1444 642 1508 714 π
1565 636 1802 701 Sancti
1870 636 2171 701 Fimini
2237 635 2504 720 epis-copi
2574 645 2638 699 et

1440 725 1770 806 martyris.
2346 724 2562 788 Lectio
2569 724 2634 806 j.

1439 816 1693 946 Erat
1773 813 1842 878 i'n
1916 812 2186 879 civitate
2279 813 2631 876 hiberiensi

1591 902 1860 966 nomine
1895 901 2300 984 pampolana
2343 903 2446 965 vir
2489 901 2638 983 qui-

1442 991 1602 1055 dam
1661 1010 1905 1072 genere
1963 999 2032 1054 et
2091 990 2326 1053 ordine
2385 989 2637 1072 primus

1443 1078 1619 1140 inter
1673 1087 2012 1142 senatores
2063 1079 2332 1142 nomine
2392 1078 2636 1141 firmus,

1446 1165 1581 1247 Qui
1641 1185 1792 1230 cum
1853 1176 2028 1232 esset
2086 1167 2218 1231 fide
2279 1166 2642 1230 catholicus

1444 1253 1653 1319 filium
1703 1275 1899 1318 suum
1947 1255 2461 1337 primogenitum
2526 1274 2642 1317 no-

1447 1342 1625 1405 mine
1659 1342 1992 1406 firminum
2040 1343 2322 1406 honesto
2367 1342 2642 1426 presby-

1445 1439 1592 1494 tero
1623 1431 1958 1494 commisit
2005 1431 2300 1495 honestis
2349 1431 2644 1494 moribus

1448 1518 1942 1582 informandum
1977 1529 2044 1582 et
2075 1519 2453 1582 liberalibus
2499 1519 2645 1582 lite·

1450 1608 1537 1669 ris
1613 1607 2046 1671 edocendum.
2185 1607 2356 1671 Cum
2417 1617 2643 1671 autem

1448 1695 1680 1758 decem
1714 1704 1781 1758 et
1811 1705 2070 1777 septem
2101 1715 2426 1758 annorum
2473 1704 2649 1759 esset

1448 1783 1748 1846 firminus
1787 1805 1801 1848 :
1848 1784 2073 1848 divina
2103 1783 2407 1848 doctrina
2438 1782 2648 1865 reple-

1449 1880 1591 1935 tus:
1613 1872 1790 1952 cepit
1813 1881 2114 1935 sanctam
2139 1873 2381 1935 ducere
2405 1872 2646 1936 vitam:

1450 1969 1521 2023 et
1570 1961 1732 2022 totis
1761 1960 2010 2023 viribus
2041 1960 2318 2030 domino
2349 1959 2646 2042 psallere.

1458 2047 1700 2184 Cum
1763 2069 1921 2131 ergo
1983 2049 2229 2113 Christi
2294 2048 2532 2131 [Lectio
2579 2047 2648 2130 ij.

1585 2137 1874 2200 famulus
1927 2138 2276 2220 presbyter
2327 2136 2645 2201 honestus

1446 2225 1634 2287 senio
1688 2224 1830 2304 jam
1892 2233 2067 2288 esset
2126 2224 2445 2290 affectus:
2522 2245 2644 2288 nec

1446 2312 1618 2376 sicut
1677 2322 2157 2377 consueverat:
2227 2313 2514 2377 salutem
2576 2313 2643 2375 in

1446 2401 1758 2482 gentibus
1819 2401 2160 2483 predicare
2225 2402 2646 2468 sufficiebat:

1446 2490 1718 2553 beatum
1769 2489 2100 2553 firminum
2160 2491 2250 2552 ad
2309 2491 2646 2552 seminan-

1446 2578 1610 2641 dum
1639 2578 1917 2641 verbum
1949 2579 2056 2643 dei
2087 2578 2310 2660 sepius
2355 2579 2649 2642 destina-

1445 2665 1560 2729 vit.
1609 2666 1764 2748 Ipse
1784 2686 1941 2729 vero
1961 2667 2331 2747 injunctum
2356 2666 2645 2728 officium

1448 2755 1739 2835 suscepit
1767 2773 1782 2816 :
1827 2763 2208 2837 susceptum
2241 2754 2602 2835 complevit
2629 2774 2645 2817 :

1456 2841 1876 2924 fructumque
1951 2862 2084 2904 non
2149 2843 2486 2906 modicum
2549 2862 2648 2904 re-

1451 2930 1755 3012 portavit.
1834 2929 2022 2993 Misit
2052 2931 2253 3012 igitur
2281 2950 2434 2993 eum
2466 2949 2648 3013 pres-

1453 3019 1651 3099 byter
1699 3018 1783 3080 ad
1827 3017 2257 3081 honeratum⁵
2297 3017 2646 3082 tholosane

1452 3105 1738 3170 civitatis
1785 3107 2189 3188 episcopum.
2279 3105 2397 3169 Ad
2445 3125 2646 3188 quem

1451 3213 1605 3258 cum
1683 3195 2130 3276 pervenisset:
2220 3193 2408 3258 illum
2476 3195 2650 3275 epis-

1452 3301 1696 3364 copum
1761 3283 2170 3346 consecravit
2213 3304 2228 3348 :
2297 3291 2368 3346 et
2424 3301 2649 3346 coram

1452 3370 1828 3434 astantibus
1902 3370 2094 3435 dixit.
2204 3370 2440 3435 Gaude
2514 3369 2648 3434 fili:

1454 3459 1773 3540 quoniam
1797 3480 1914 3522 vas
1935 3459 2275 3524 electionis
2293 3459 2320 3497 ⁸
2344 3479 2488 3523 esse
2508 3479 2646 3522 me·

1454 3547 1660 3610 ruisti.
2305 3547 2528 3612 Lectio
2551 3547 2646 3629 iij.

1467 3636 1725 3768 Circa
1756 3636 2161 3701 tricesimum
2193 3635 2480 3719 primum
2514 3645 2657 3700 eta-

1591 3725 1678 3787 tis
1770 3744 1888 3788 sue
1977 3745 2228 3788 annum
2305 3725 2655 3807 galliarum

1397 3879 1404 3885 ‚
1454 3813 1830 3894 provincias
1888 3814 2094 3878 adiit:
2155 3822 2223 3875 et
2285 3811 2658 3877 multitudi-

1442 3921 1610 3963 nem
1672 3901 1900 3983 populi
1963 3901 2049 3964 ad
2127 3901 2327 3963 fidem
2409 3899 2654 3966 Christi

1457 3990 1798 4053 convertit.
1844 4063 1848 4068 ⁴
1892 3989 2072 4052 Infra
2115 3998 2250 4051 tres
2317 3988 2460 4052 dies
2521 3986 2657 4050 fere

1455 4077 1585 4140 tria
1631 4078 1812 4141 milia
1856 4076 2201 4140 hominum
2235 4096 2353 4157 per
2382 4078 2654 4140 beatum

1456 4164 1793 4228 firminum
1843 4165 1928 4228 ad
1977 4165 2326 4227 dominum
2357 4164 2656 4228 conversi

1456 4263 1628 4318 sunt.
1717 4252 2095 4318 Audientes
2140 4273 2296 4316 vero
2340 4252 2659 4334 lorigulus

2110 4389 2131 4419 ¹
2165 4387 2352 4438 dictam
2378 4405 2390 4439 ε
2428 4389 2490 4438 R.
2499 4389 2568 4440 N.

2116 4456 2136 4486 ⁸
2169 4455 2397 4506 lectionis
2421 4473 2434 4507 ε
2470 4455 2532 4532 S‘.
