3117 4959
670 232 836 287 VIS!
838 232 892 287 T
882 233 938 287 A
948 233 1002 287 Τ
996 232 1231 289 IONIS
1272 232 1342 287 B.
1392 231 1674 287 MARJE
1728 233 2104 290 VIRGINIS.

680 342 827 397 748

134 444 477 507 eternaliter
503 443 795 505 benedici.
877 446 975 505 Tu
1004 456 1205 507 autern
1234 446 1345 507 do·

129 524 301 583 mine
323 524 597 585 miserere
624 525 823 584 nostri.
907 526 1011 584 Re.
1044 527 1155 615 ιϊξί.
1189 527 1341 584 Lau-

132 602 237 663 dis
293 622 433 663 cum
486 602 771 680 preconio
838 604 999 663 culta
1066 602 1345 681 singulari

132 684 443 743 letabatur
468 681 706 741 cantico
734 700 845 742 suo
873 682 1126 743 salutari.
1188 683 1341 743 Cum

130 761 389 837 pudoris
440 760 567 821 lilio
622 778 835 837 parens
906 762 1136 838 absque
1198 761 1342 838 pari.

130 839 405 901 Versus.¹
490 842 651 899 Nam
706 839 888 900 debet
935 841 1015 900 ab
1068 840 1347 900 omnibus

128 918 619 997 generationibus
646 917 979 977 beatificari.
1052 920 1207 980 Cum
1236 938 1344 995 pu-

132 997 323 1059 doris,
444 998 789 1057 Benedictio,
913 998 1049 1073 Que
1116 996 1345 1074 peperit

130 1076 441 1138 Christum
470 1096 579 1154 pro
606 1077 781 1135 nobis
820 1078 1083 1153 postulet
1124 1076 1341 1154 ipsum.

130 1159 355 1216 Amen.
908 1156 1095 1215 Lectio
1118 1158 1339 1231 quinta.

130 1238 347 1343 Post
389 1233 537 1294 istos
578 1236 802 1293 fructus
854 1234 1343 1295 benedictionum

246 1312 561 1374 subintulit
616 1312 937 1373 elezabeth.
1050 1314 1128 1373 Et
1180 1314 1343 1375 unde

129 1395 253 1453 hoc
313 1392 493 1452 michi
540 1403 607 1452 ut
648 1390 846 1451 veniat
883 1402 1070 1452 mater
1114 1392 1345 1452 domini

130 1472 255 1533 mei
304 1473 384 1532 ad
425 1491 539 1532 me.
623 1472 767 1530 Alto
796 1470 1011 1531 mentis
1040 1482 1281 1548 stupore
1308 1491 1347 1531 a

130 1550 363 1629 virgine
389 1551 608 1611 edocta
633 1548 1023 1610 humilitatem
1065 1550 1179 1610 hec
1216 1568 1342 1608 mu-

130 1630 241 1691 lier
299 1650 365 1690 se
419 1640 541 1689 tam
595 1628 903 1689 celestium
980 1639 1343 1689 secretorum

128 1707 501 1771 revelatione
526 1708 836 1768 arbitratur
851 1706 1340 1784 indignissimam.

132 1790 235 1849 Ad
282 1808 383 1847 me
433 1786 683 1865 (inquit)
728 1784 955 1846 domini
998 1785 1117 1846 mei
1158 1798 1347 1847 mater

130 1865 341 1927 venire
359 1865 603 1943 dignata
620 1876 711 1925 est
726 1864 927 1941 regina
948 1863 1077 1924 celi.
1097 1864 1345 1925 domina

132 1944 366 2007 mundi.
400 1944 738 2022 imperatrix
764 1942 987 2003 inferni.
1029 1942 1219 2003 voluit
1245 1963 1345 2003 me

131 2025 369 2085 honore
416 2023 767 2100 prevenire:
832 2020 928 2081 cui
970 2032 1110 2098 post
1163 2024 1344 2083 deum

132 2103 337 2163 omnis
365 2104 557 2163 honor
574 2103 825 2163 debetur
852 2099 911 2158 in
941 2102 1153 2161 secula.
1182 2102 1344 2161 unde

131 2183 249 2243 hoc
283 2181 467 2241 michi
494 2182 691 2243 vetule
733 2182 895 2240 unde
943 2190 1063 2238 tam
1108 2180 1343 2241 celestis

131 2261 474 2323 consolatio
526 2270 588 2321 et
636 2271 994 2319 secretorum
1040 2257 1337 2319 revelatio,

130 2342 411 2416 Quorum
438 2338 919 2416 probatissimum
962 2338 1155 2398 sentio
1193 2336 1343 2410 infra

129 2430 370 2480 uterum
398 2436 599 2478 meum
628 2419 705 2477 ab
734 2416 957 2475 infante
985 2415 1253 2476 divinum
1282 2428 1343 2477 et

128 2499 581 2575 supernaturale
643 2494 1067 2557 testimonium.
1182 2496 1343 2556 Ecce

130 2578 297 2637 enim
353 2586 419 2635 ut
473 2578 630 2636 facta
682 2586 773 2635 est
814 2592 931 2634 vox
974 2574 1343 2635 salutationis

132 2666 235 2717 tue
264 2655 330 2715 in
360 2654 604 2715 auribus
630 2654 778 2714 meis
805 2652 1090 2713 exultavit
1116 2652 1177 2712 in
1203 2672 1347 2729 gau·

131 2735 251 2795 dio.
345 2736 551 2794 Infans
574 2734 635 2793 in
662 2744 833 2793 utero
860 2750 1016 2791 meo.
1102 2733 1193 2790 Ex
1221 2751 1343 2808 qua

128 2812 421 2873 memoria
438 2812 829 2872 maximorum
856 2809 957 2870 dei
983 2808 1341 2871 mirabilium

128 2892 345 2953 merito
375 2890 644 2952 omnium
672 2901 903 2950 mentes
939 2888 1199 2949 fidelium
1229 2891 1339 2949 eri-

125 2984 347 3049 guntur
387 2972 463 3031 ad
490 2982 611 3031 tam
652 2970 876 3047 grande
916 2969 1335 3045 spectaculum.

128 3049 431 3110 Ineffabili
450 3048 669 3125 gaudio
697 3057 757 3108 et
781 3048 1009 3107 honore
1036 3048 1337 3107 celebran-

128 3130 292 3190 dum.
380 3130 477 3188 Tu
516 3139 735 3188 autem.
819 3128 923 3187 Re.
976 3146 1029 3185 v.
1122 3124 1337 3186 Cristi²

128 3206 531 3269 sanctuarium
551 3206 785 3283 spiritus
808 3204 1123 3265 sacrarium
1148 3216 1337 3267 mater

124 3286 383 3363 pietatis.
498 3284 817 3363 Pregnanti
866 3283 1144 3343 solatium
1194 3302 1331 3362 cog-

124 3378 263 3427 nate
322 3364 655 3425 subsidium
709 3362 1077 3424 administrat
1135 3362 1327 3440 gratis

128 3446 179 3521 Ϋ
216 3444 321 3506 Sic
381 3445 565 3504 maria
619 3442 839 3503 nobilis
894 3445 1139 3502 formam
1197 3462 1333 3502 vere

126 3523 377 3603 singulis
421 3524 525 3583 dat
567 3519 927 3582 humilitatis.
1017 3520 1333 3597 Pregnanti

124 3603 421 3663 solatium.
508 3600 855 3661 Benedicta
941 3600 1125 3659 Stella
1148 3599 1334 3659 maria

122 3682 304 3742 maris
388 3700 662 3741 succurre
768 3677 1032 3757 piissima
1138 3677 1331 3739 nobis·

122 3764 345 3821 Amen.

126 3842 273 3947 H
286 3839 361 3899 iis
389 3838 415 3876 ³
443 3836 795 3899 visitationis
834 3837 991 3896 alme
1032 3834 1329 3912 preconiis

105 3938 107 3947 ·
282 3937 463 3994 super
487 3918 725 3978 additur
752 3918 979 3977 donum
1008 3926 1167 3975 certe
1193 3934 1327 3992 pro-

126 3998 331 4072 phetie
384 4016 522 4056 cum
568 3996 789 4072 adjecit
844 3996 1163 4056 elezabeth.
1252 3995 1331 4053 Et

124 4075 305 4137 beata
347 4096 467 4153 que
515 4073 817 4135 credidisti
846 4074 1130 4149 quoniam
1159 4075 1327 4149 perfi—

127 4154 360 4216 cientur
401 4154 462 4214 in
512 4166 571 4215 te
616 4174 735 4230 que
785 4153 947 4214 dicta
986 4164 1122 4211 sunt
1150 4151 1321 4211 tibia

127 4234 395 4294 domino.
481 4236 595 4293 Per
634 4234 813 4293 fidem
854 4231 1091 4309 virginis
1118 4229 1316 4290 vatici-

228 4364 249 4457 1.
282 4378 373 4476 piro
404 4364 622 4477 ‘qursus
642 4362 657 4383 ’
694 4350 984 4475 yzffi’bel?
1018 4358 1238 4473 Cthristigz·
1252 4358 1321 4406 Si.

352 4444 538 4477 ls:.!.
832 4442 863 4473 Ο
930 4440 1277 4483 (leniat-l.¹

264 4510 421 4559 VOL.
472 4510 544 4559 11.

941 3758 1127 3816 Lectio
1151 3764 1326 3815 sexta.
1375 3812 1389 3823 ,

1963 345 2106 397 744

1441 454 1616 504 natur
1643 444 1855 506 mulier
1880 448 2240 526 complenda
2267 468 2398 509 esse
2439 450 2642 510 omnia

1442 534 1503 582 et
1556 524 1920 600 perficienda
1972 545 2091 601 que
2143 546 2182 586 a
2234 527 2480 587 domino
2535 548 2641 605 per

1439 603 1716 679 angelum
1773 602 1886 663 sibi
1939 605 2100 667 dicta
2155 616 2214 666 et
2280 606 2646 667 annunciata

1441 692 1598 740 sunt.
1691 681 1987 743 Videlicet
2027 686 2106 744 de
2133 697 2302 761 partu
2331 686 2550 746 salubri
2578 687 2640 746 in

1441 758 1749 820 nativitate
1793 762 1870 821 de
1913 763 2172 839 glorioso
2214 764 2457 825 nomine
2497 767 2642 841 Jesu

1440 836 1503 896 in
1540 836 1974 901 circuncisione
2001 844 2080 903 de
2106 843 2229 902 filio
2269 844 2538 904 altissimi
2579 844 2642 903 in

1440 915 1732 992 passionis
1759 920 2140 981 obedicentia
2155 922 2178 958 ⁴
2197 922 2276 983 de
2293 924 2435 985 sede
2463 924 2644 1000 patris

1441 996 1628 1055 eterni
1655 996 1838 1057 david
1867 998 1930 1058 in
1957 1000 2307 1062 ascensione
2348 1005 2426 1064 de
2459 1023 2642 1080 regno

1440 1075 1710 1150 ejusdem
1755 1074 2090 1137 ineternum
2119 1078 2180 1139 in
2209 1080 2416 1141 ultima
2455 1102 2642 1142 resur·

1440 1152 1722 1241 rectione.
1809 1157 1955 1216 Post
2009 1158 2126 1217 hoc
2180 1159 2345 1236 virgo
2393 1160 2646 1237 deigena

1440 1249 1503 1289 m
1528 1250 1704 1321 suum
1726 1233 1994 1311 prorupit
2021 1237 2322 1297 canticum
2351 1238 2647 1316 singulare

1442 1312 1544 1369 ub1
1575 1330 1697 1369 non
1727 1330 1790 1372 se
1818 1324 1920 1373 aut
1947 1332 2112 1375 suam
2143 1318 2422 1377 efferebat
2451 1318 2642 1395 digni·

1440 1398 1626 1449 tatem
1668 1391 1776 1450 sed
1817 1400 1943 1451 tota
1981 1394 2162 1455 fertur
2196 1394 2256 1454 in
2287 1396 2465 1457 deum
2495 1408 2556 1458 et
2582 1396 2646 1457 in

1442 1469 1571 1542 ejus
1657 1469 1896 1529 laudem
1982 1482 2043 1531 et
2123 1473 2642 1549 magnificentiam.

1443 1548 1603 1605 Nam
1647 1546 1730 1606 ait
1773 1548 1972 1609 maria.
2060 1552 2406 1629 Magnificat
2446 1554 2647 1615 anima

1441 1643 1576 1684 mea
1603 1625 1950 1717 dominum..
2013 1632 2089 1688 In
2119 1650 2240 1705 quo
2263 1633 2380 1692 deo
2407 1634 2646 1693 salutari

1440 1722 1580 1763 meo
1627 1715 1718 1763 est
1767 1715 1829 1765 et
1871 1717 1979 1767 erit
2033 1708 2270 1784 spiritus
2317 1710 2434 1771 mei
2485 1714 2648 1789 justa

1440 1782 1736 1843 exaltatio.
1849 1785 1943 1844 Illi
2016 1806 2155 1864 ergo
2209 1790 2458 1851 domino
2525 1793 2644 1851 deo

1440 1871 1646 1921 eterno
1675 1864 1826 1939 patri
1843 1864 2085 1941 filioque
2107 1878 2166 1928 et
2185 1868 2412 1945 spiritui
2435 1881 2646 1930 sancto

1436 1940 1559 2014 jam
1590 1941 1710 2001 hoc
1737 1944 1888 2002 festo
1915 1943 2284 2006 visitationis..
2342 1948 2429 2008 Sit
2447 1949 2640 2009 omnis

1440 2019 1650 2092 honor,
1680 2020 1876 2081 omnis
1903 2022 2105 2100 gloria,
2145 2026 2339 2086 omnis
2379 2028 2644 2105 magnifi-

1441 2097 1640 2157 centia
1680 2098 1740 2158 in
1783 2102 1984 2161 secula
2011 2105 2360 2165 seculorum.
2445 2126 2639 2167 amen.

1440 2176 1533 2233 Tu
1578 2188 1794 2265 autern.
1883 2182 1987 2239 Re.
2033 2184 2111 2257 ψ’.
2165 2182 2420 2260 Dignam
2463 2206 2642 2263 quam

1438 2268 1755 2332 resptceret
1782 2261 1952 2335 cujus
1981 2263 2429 2339 concupisceret
2457 2266 2646 2325 domi·

1440 2353 1550 2393 nus
1580 2336 1870 2396 decorem.
1937 2340 2014 2399 Se
2043 2343 2204 2402 velut
2221 2346 2644 2422 pauperculam

1437 2414 1648 2488 prebet
1674 2426 1734 2475 et
1761 2417 2099 2478 ancillulam
2127 2432 2263 2498 post
2303 2424 2505 2484 matris
2534 2426 2639 2484 ho·

1437 2510 1662 2554 norem.
1749 2497 1826 2553 In
1854 2506 2123 2572 tempore
2157 2503 2391 2575 pasche.
2477 2505 2638 2563 Alle-

1437 2570 1588 2660 luya.
1675 2573 1726 2647 Ϋ
1769 2575 1928 2633 Nam
1955 2575 2118 2652 virgo
2145 2579 2469 2641 christifera
2509 2602 2638 2658 gra-

1438 2659 1652 2709 tiarum
1709 2670 1952 2712 munera
2004 2656 2179 2716 refert
2231 2657 2292 2716 in
2348 2661 2635 2721 datorem.

1436 2728 1515 2786 Se
1558 2730 1732 2788 velut.
1819 2730 2024 2791 Gloria
2064 2734 2212 2809 patri
2250 2746 2311 2796 et
2337 2739 2474 2798 filio.
2559 2742 2639 2801 Se

1436 2806 1596 2865 velut
1651 2811 2086 2883 pauperculam.
2170 2815 2250 2872 In
2304 2818 2467 2877 tenio
2511 2838 2636 2878 noc·

1436 2890 1612 2943 turno
1637 2892 1732 2945 ar‘z.
1821 2889 1936 2947 Per
1963 2899 2022 2949 te
2049 2902 2236 2952 mater
2261 2894 2456 2955 omnis
2484 2906 2636 2958 terra

1434 2974 1636 3023 cantat
1701 2984 1858 3025 nova
1924 2967 2155 3029 cantica
2219 2972 2468 3035 laudans
2517 2996 2636 3052 que

1433 3042 1680 3116 perfecit
1741 3045 1890 3105 deus
1931 3045 1992 3104 in
2048 3057 2107 3106 te
2161 3049 2460 3113 mirabilia.
2537 3060 2626 3131 pii.

1435 3120 1690 3182 Cantate
1757 3124 1872 3201 (j.)
1963 3128 2298 3202 antiphona.
2411 3134 2524 3193 Per
2571 3145 2652 3196 te.

1432 3200 1531 3257 lux
1575 3212 1664 3260 est
1707 3214 1836 3263 orta
1878 3204 2052 3279 justis
2096 3217 2155 3266 et
2207 3208 2380 3269 rectis
2435 3212 2632 3273 leticia

1430 3297 1580 3367 syon
1633 3280 1800 3341 audit
1852 3292 1912 3341 et
1965 3283 2176 3343 letatur
2240 3307 2378 3348 curn
2431 3292 2630 3367 Judee

1428 3358 1564 3417 fiha.
1632 3367 1726 3434 pff.
1777 3360 2070 3423 Dominus
2097 3366 2358 3441 regnavit
2385 3373 2626 3433 exultet.

1426 3440 1523 3495 αῆ.
1573 3439 1732 3497 Dum
1786 3438 1946 3515 cepit
1968 3440 1992 3477 ὅ
2035 3441 2198 3520 virgo
2239 3447 2492 3510 salutare
2536 3471 2627 3513 se-

1428 3534 1568 3575 nem
1598 3516 1712 3593 piis
1745 3518 1992 3579 vocibus
2036 3520 2281 3583 missum
2322 3546 2496 3589 suum
2539 3550 2626 3591 sa·

1426 3595 1613 3655 lutare
1675 3607 1882 3657 notum
1940 3599 2079 3659 fecit
2137 3603 2433 3668 dominus.
2527 3614 2622 3685 φῖ.

1428 3674 1682 3762 Cantate
1729 3678 1850 3753 (ij.)
1918 3679 1969 3754 Ῠ
2011 3680 2334 3755 Adjuvabit
2360 3706 2492 3746 eam
2519 3690 2626 3749 do-

1425 3753 1670 3812 minus,⁸
1734 3756 2071 3817 Benedictio.
2159 3762 2273 3820 Per
2293 3764 2472 3824 marie
2499 3786 2624 3828 me·

1424 3830 1535 3891 rita
1582 3832 1768 3908 prosit
1809 3834 1983 3893 nobis
2031 3837 2208 3897 lectio
2263 3845 2615 3919 evangeliea.

1424 3929 1619 3970 amen.
1688 3913 1876 3971 Lectio
1899 3912 2032 3987 my!
2073 3916 2388 3981 Secundum
2415 3925 2616 3985 lucam.

1423 3990 1535 4094 [η
1569 3990 1672 4050 illo
1700 4000 1980 4067 tempore.
2093 3996 2399 4073 Exurgens
2439 4003 2622 4063 maria

1492 4068 1640 4128 abiit
1667 4069 1726 4126 in
1757 4081 2038 4129 montana
2077 4090 2217 4131 cum
2244 4076 2622 4143 festinatione

1425 4148 1484 4207 in
1514 4148 1814 4207 civitatem
1840 4149 1988 4223 juda
2016 4160 2075 4208 et
2103 4150 2338 4214 intravit
2375 4158 2620 4219 domum

1420 4226 1686 4287 zacharie
1727 4237 1786 4286 et
1834 4228 2104 4288 salutavit
2148 4233 2462 4297 elezabeth.
2545 4243 2626 4303 Et

1527 4358 1547 4385 ⁵
1581 4354 1716 4419 capit
1739 4373 1753 4404 ε
1779 4354 1847 4404 Si.
2075 4360 2096 4387 ‘
2125 4358 2283 4411 dell&
2320 4364 2390 4413 Si·

1530 4425 1548 4450 v
1578 4428 1669 4483 pro
1699 4421 1892 4471 ‘Lectio
1912 4422 2028 4486 vij!
2069 4424 2225 4474 Lectio
2249 4429 2298 4489 j.
2323 4445 2339 4477 .·
2363 4431 2450 4481 Sa.

2257 4512 2370 4575 3c
