3117 4959
1499 259 1548 313 C
1549 259 1680 314 OM
1676 258 1877 315 MUN
1874 258 1931 312 E

997 366 1100 423 43

469 474 663 545 fidei:
727 482 795 538 et
855 474 1114 537 ornavit
1175 492 1347 539 eum.
1441 472 1532 538 Et
1581 472 1669 537 ad

469 574 715 645 portas,
1283 562 1501 625 Lectio
1529 561 1672 644 viij.

470 650 912 782 Profectus
936 658 1161 714 autem
1185 670 1460 732 peregre
1483 650 1671 713 dedit

626 740 828 802 servis
857 739 1032 802 suis:
1077 736 1190 800 alii
1236 738 1530 820 quinque
1571 746 1673 801 ta-

472 826 697 889 lenta:
758 826 868 889 alii
921 826 1098 889 duo:
1149 832 1218 889 et
1268 825 1378 888 alii
1421 846 1670 889 unum:

467 914 632 995 quia
699 914 1016 997 apostolis
1069 912 1204 975 suis
1262 914 1671 977 diversorum

471 1001 945 1065 charismatum
999 1003 1178 1064 dona
1229 1000 1502 1082 largitus
1551 1007 1671 1066 est.

475 1090 602 1153 Per
635 1089 930 1175 quinque
975 1090 1223 1152 etenim
1270 1089 1523 1153 talenta
1553 1110 1672 1153 ex-

471 1177 788 1240 teriorum
843 1196 1058 1240 rerum
1107 1178 1384 1241 scientia
1430 1177 1673 1241 intelli-

472 1264 700 1345 gitur:
775 1284 906 1347 que
994 1264 1288 1346 quinque
1379 1267 1673 1347 corporis

473 1353 776 1416 sensibus
821 1352 1092 1435 capitur.
1186 1352 1501 1435 Quinque
1536 1362 1675 1417 ete-

475 1440 612 1502 nim
637 1450 792 1503 sunt
815 1460 1086 1504 sensus:
1115 1440 1332 1505 visus:
1365 1442 1673 1507 auditus:

473 1538 706 1609 gustus
741 1548 756 1592 ε
831 1528 1148 1592 odoratus
1182 1549 1197 1593 :
1279 1538 1348 1592 et
1435 1538 1674 1595 tactus.

473 1616 585 1679 Re.
680 1614 1141 1697 Magnificavit
1191 1636 1344 1680 eum
1400 1616 1468 1679 in
1515 1636 1676 1681 con-

472 1713 706 1785 spectu
779 1724 1025 1787 regum.
1151 1703 1242 1768 Et
1317 1705 1504 1768 dedit
1579 1705 1672 1768 illi

473 1812 788 1855 coronam
849 1791 1072 1873 glorie.
1163 1808 1212 1879 γ
1266 1791 1519 1858 Statuit
1580 1792 1671 1856 illi

473 1879 780 1942 dominus
822 1888 1298 1943 testamentum
1329 1882 1674 1963 sempiter-

469 1986 654 2030 num.
749 1966 856 2031 Et.
1640 2016 1645 2019 -

485 2052 703 2119 Unius
745 2052 1124 2135 confessoris
1167 2074 1296 2118 non
1327 2055 1671 2139 pontificia

474 2158 524 2227 y
573 2141 840 2223 Justum
873 2142 1158 2206 deduxit
1199 2143 1507 2207 dominus
1554 2163 1683 2228 per,

473 2230 616 2293 vias
662 2238 918 2294 rectas:
965 2239 1034 2294 et
1079 2231 1372 2294 ostendit
1402 2232 1495 2295 illi
1526 2253 1675 2315 reg-

475 2336 637 2380 num
683 2318 810 2381 dei.
907 2318 997 2381 Et
1028 2319 1233 2382 dedit.
1341 2320 1556 2384 Lectio
1587 2322 1673 2385 ix.

629 2405 842 2469 uobus
893 2426 1050 2469 vero
1103 2406 1412 2472 talentis:
1483 2408 1677 2471 intel-

629 2494 838 2556 lectus
869 2502 938 2557 et
977 2496 1277 2576 operatio
1320 2496 1674 2577 designan-

471 2589 596 2643 tur.
699 2580 913 2645 Unius
975 2592 1200 2645 autem
1261 2584 1495 2647 talenti
1555 2606 1673 2648 no-

473 2668 693 2732 mine:
763 2668 1136 2733 intellectus
1203 2674 1675 2736 tantummodo

471 2756 871 2837 designatur.
965 2759 1227 2824 Deinde
1275 2770 1342 2823 et
1394 2759 1505 2823 ille
1559 2760 1674 2842 qui

472 2844 559 2906 de
589 2845 884 2927 quinque
922 2845 1192 2910 talentis
1237 2848 1469 2911 decem
1502 2847 1675 2913 sece-

475 2941 614 2996 rat:
662 2942 729 2996 et
759 2934 873 3015 qui
904 2933 990 2997 de
1020 2936 1281 2999 duobus
1311 2944 1631 3018 quattuor
1657 2956 1673 3000 ε

473 3020 689 3083 simile
748 3024 996 3104 recepit
1065 3023 1440 3105 gaudium:
1515 3025 1674 3105 quia

473 3109 826 3172 retributor
898 3109 1010 3173 ille
1083 3131 1218 3174 non
1298 3111 1675 3176 considerat

471 3195 632 3259 lucri
690 3198 1258 3279 magnitudinem:
1305 3200 1422 3262 sed
1470 3201 1673 3263 studii

473 3283 909 3348 voluntatem.
1023 3285 1139 3349 Re.
1255 3286 1504 3351 Sancte
1588 3288 1672 3351 N.

471 3370 812 3433 confessor
839 3372 1132 3436 domini:
1179 3374 1336 3437 audi
1361 3383 1673 3457 rogantes

472 3456 784 3521 servulos.
878 3459 970 3522 Et
993 3460 1417 3542 impetratam
1441 3462 1675 3527 celitus

472 3546 580 3607 Tu
634 3545 820 3609 deser
879 3547 1378 3629 indulgentiam.
1497 3566 1540 3635 γ
1610 3550 1673 3615 Ο

475 3642 707 3697 sancte
740 3634 826 3697 N.
857 3636 1065 3715 sydus
1115 3655 1386 3699 aureum
1418 3635 1675 3701 domini

472 3722 726 3802 gratia:
773 3742 1109 3786 servorum
1153 3725 1443 3806 gemitus
1477 3725 1675 3789 solita

471 3810 732 3891 suscipe
777 3809 1143 3875 clementia.
1235 3813 1327 3876 Et
1364 3814 1675 3897 impetra-

473 3906 630 3961 taffi.
724 3897 951 3962 Gloria
1011 3900 1201 3981 patri.
1302 3901 1408 3965 Tu
1470 3901 1670 3967 deser.

471 3984 696 4047 Aliud
717 3988 1060 4051 secundum
1093 3989 1344 4052 lucam.1

474 4073 625 4209 ln
676 4073 789 4137 illo
841 4084 1180 4158 tempore:
1229 4077 1427 4143 Dixit
1479 4079 1676 4160 Jesus

583 4160 920 4244 discipulis
1035 4165 1170 4228 suis
1285 4165 1674 4247 parabolam

475 4247 695 4313 hanc:
781 4250 1012 4314 Homo
1088 4253 1362 4335 quidam
1436 4255 1677 4317 nobilis

613 4386 628 4417 ¹
670 4386 828 4437 ’.τάκ-3
850 4388 985 4437 add:
1018 4388 1218 4441 E.G.S.

1501 4390 1522 4421 ¹
1564 4390 1987 4455 ‹Que’add=c.

2328 368 2427 420 44

1770 472 1936 537 abiit
1994 470 2061 536 in
2121 472 2459 555 regionem
2536 472 2967 555 longinquam

1772 562 2067 643 accipere
2112 562 2237 625 sibi
2285 581 2562 643 regnum
2600 570 2667 623 et
2717 562 2969 624 reverti.

1774 650 1865 713 Et
1896 650 2163 732 reliqua.
2258 649 2511 713 Omelia
2545 670 2627 711 ex
2661 668 2973 711 commcn-

1770 738 1944 800 tario
2016 737 2401 801 venerabiliis·
2488 736 2635 800 bede
2711 736 2971 817 presby-

1772 825 1911 889 teri.
2612 825 2830 887 Lectio
2860 824 2973 906 vij.

1768 915 2123 1045 Homo
2183 912 2423 977 nobilis
2478 911 2783 977 Christus
2832 921 2974 975 est:

1966 1000 2331 1084 longinqua
2427 1001 2608 1082 regio
2695 998 2976 1062 ecclesia

1770 1098 1875 1153 est
1896 1110 1988 1152 ex
2010 1088 2367 1171 gentibus,²
2450 1087 2693 1151 Bifaria
2718 1088 2974 1150 ratione

1774 1177 1954 1259 regio
2026 1176 2392 1259 longinqua
2464 1186 2741 1239 vocatur
2772 1196 2791 1239 ε
2866 1173 2973 1239 vel

1772 1266 1930 1347 quia
1976 1284 2021 1328 a
2065 1265 2309 1328 finibus
2360 1273 2531 1328 terre
2562 1262 2836 1327 clamat
2888 1262 2973 1325 ad

1772 1352 2163 1418 dominum:
2210 1352 2316 1416 vel
2362 1352 2518 1434 quia
2561 1350 2763 1433 longe
2802 1360 2906 1413 est
2935 1370 2976 1413 a

1774 1441 2231 1523 peccatoribus
2260 1440 2457 1503 salus,
2585 1438 2803 1503 Lectio
2832 1438 2971 1520 viij.

1790 1530 2093 1659 Vocat
2181 1530 2409 1611 itaque
2498 1526 2975 1610 paterfamilias

1940 1616 2172 1680 decem
2232 1635 2500 1679 servos:
2552 1615 2713 1697 quia
2772 1614 2976 1697 elegit

1773 1702 2133 1786 discipulos
2170 1724 2287 1787 per
2332 1703 2622 1767 litteram
2654 1702 2824 1784 legis
2855 1703 2975 1765 im-

1774 1792 1990 1856 butos.
2081 1792 2289 1855 Dedit
2320 1790 2447 1854 illis
2477 1792 2709 1855 docem
2744 1810 2975 1854 mnas:

1739 1880 1931 1961 ‘quia
1962 1888 2115 1963 post
2146 1879 2523 1962 passionem
2554 1889 2623 1943 et
2654 1897 2974 1942 resurrec-

1772 1969 2024 2032 tionem
2084 1987 2276 2031 suam
2335 1968 2595 2050 aperuit
2646 1965 2777 2029 illis
2830 1986 2973 2029 sen-

1769 2074 1965 2119 sum:
2012 2065 2087 2119 ut
2119 2054 2562 2137 intelligerent
2600 2054 2976 2135 scripturas.

1771 2144 1953 2277 Et
1998 2144 2092 2207 ait
2138 2143 2309 2207 illis:
2356 2144 2581 2224 Nego-
2615 2142 2858 2226 [Lectio
2894 2142 2973 2205 ix.

1923 2231 2189 2296 ciamini
2241 2231 2403 2295 dum
2450 2231 2663 2294 venio.
2758 2230 2979 2293 Verba

1774 2318 1989 2403 inquit
2022 2319 2185 2401 legis
2216 2340 2291 2382 ac
2318 2318 2792 2401 prophetarum
2829 2318 2977 2380 mis-

1772 2408 1908 2472 tica
2025 2408 2567 2489 interpretatione
2676 2406 2977 2469 discussa

1774 2494 2041 2579 populis
2113 2495 2387 2559 offerte:
2458 2503 2661 2577 atque
2734 2493 2826 2557 ab
2888 2494 2977 2557 eis

1776 2584 1929 2646 fidei
2004 2583 2489 2647 confessionem
2580 2600 2977 2663 morumque

1775 2672 2179 2754 probitatem
2212 2672 2499 2754 recipite.

1774 2759 1999 2823 Aliud
2018 2758 2365 2823 secundum
2393 2756 2653 2823 lucam?

1771 2849 1919 2979 ln
1974 2846 2086 2911 illo
2140 2857 2475 2929 tempore:
2533 2845 2733 2910 Dixit
2784 2845 2981 2927 Jesus

1874 2935 2213 3018 discipulis
2244 2936 2421 2999 suis:
2470 2934 2699 2998 Nolite
2744 2934 2982 2997 timere

1775 3023 2051 3105 pusillus
2103 3044 2315 3105 grex:
2364 3024 2521 3105 quia
2575 3020 2985 3103 complacuit

1776 3113 1947 3194 patri
1979 3121 2199 3175 vestro
2240 3111 2400 3174 dare
2442 3110 2633 3175 vobis
2680 3130 2985 3191 regnum.

1780 3199 1869 3261 Et
1924 3200 2189 3282 reliqua.
2289 3198 2543 3263 Omelia
2595 3197 2989 3262 venerabilis

1773 3287 1921 3350 bede
1930 3286 2298 3368 presbyteri.
2349 3285 2682 3351 Pusillum
2706 3305 2985 3369 gregem

1774 3375 2134 3439 electorum
2227 3375 2317 3438 ob
2409 3374 2985 3456 comparationem

1776 3462 2043 3544 majoris
2074 3463 2330 3527 numeri
2362 3462 2799 3544 reproborum
2826 3484 2841 3526 z
2882 3461 2985 3525 vel

1774 3552 1997 3634 potius
2027 3551 2115 3614 ob
2138 3550 2531 3615 humilitatis
2555 3550 2983 3614 devotionem

1774 3639 1940 3703 deus
2016 3640 2359 3702 nominat:
2441 3639 2599 3720 quia
2671 3638 2986 3703 videlicet

1776 3726 2122 3789 ecclesiam
2169 3746 2359 3789 suam
2405 3725 2835 3809 quantalibet
2868 3746 2985 3789 nu-

1776 3816 2159 3877 merositate
2173 3814 2314 3895 jam
2335 3815 2684 3880 dilatatam
2711 3836 2727 3878 :
2752 3822 2983 3877 tamen

1777 3922 1985 3984 usque
2008 3904 2095 3967 ad
2121 3902 2323 3965 finem
2349 3902 2578 3967 mundi
2603 3902 2987 3966 humilitate

1775 3991 1918 4054 vult
1967 4010 2298 4055 crescere:
2346 4001 2413 4054 et
2444 3991 2529 4054 ad
2579 3990 2985 4072 promissum

1778 4098 2055 4159 regnum
2088 4079 2443 4161 pervenire.
2594 4078 2813 4141 Lectio
2845 4078 2984 4161 viy‘.

1775 4168 2139 4299 Ideoque
2199 4168 2340 4249 ejus
2402 4166 2661 4230 labores
2733 4165 2985 4230 blande

1877 4256 2257 4319 consolatus
2287 4256 2384 4320 eis
2409 4273 2685 4337 regnum
2716 4274 2761 4317 a
2791 4264 2987 4349 patre

2225 4394 2246 4423 ⁸
2283 4391 2447 4443 ‘otim'
2468 4391 2601 4440 add:
2635 4390 2703 4439 E.
2719 4390 2845 4442 G.S.
