3117 4959
569 282 667 338 IN
716 282 1301 341 CONVERSIONE
1348 285 1411 340 S.
1462 283 1732 340 PAULI
1772 282 2203 339 APOSTOLI.

671 393 813 447 159

160 493 435 578 torqueri
466 505 763 559 sanctum
802 497 1186 580 episcopum
1218 495 1333 560 ha-

39 621 41 626 ·
160 585 415 646 bentem
502 583 909 667 compedes:
985 595 1053 648 et
1150 585 1335 648 boias

158 691 343 754 super
379 671 637 735 collum.
730 672 893 735 Tres
935 671 1136 735 etiam
1190 692 1335 754 par·

156 760 317 822 vuli:
363 760 473 840 qui
504 779 656 822 cum
690 780 770 823 eo
802 761 1071 824 adducti
1104 770 1291 823 erant
1320 780 1336 823 ε

157 867 297 910 cum
384 848 695 930 episcopo
782 848 1083 930 suspensi
1182 858 1337 930 sunt

159 935 369 997 multis
398 935 587 998 horis,
1020 935 1237 1000 Lectio
1268 936 1335 1018 ᾔ.

156 1025 400 1154 Post
427 1021 547 1085 hec
580 1023 1001 1085 numerianus
1039 1043 1159 1086 rex
1199 1023 1338 1104 jus-

295 1111 378 1172 sit
407 1110 723 1172 babillam
766 1111 1151 1192 episcopum
1184 1131 1336 1174 cum

156 1197 351 1259 tribus
381 1198 669 1279 parvulis
700 1199 984 1280 deponi:
1030 1200 1337 1280 dixitque

157 1285 251 1349 ei:
326 1285 563 1348 Libera
623 1295 693 1349 te
752 1307 793 1348 a
864 1288 1209 1348 tormentis
1270 1295 1339 1349 et

120 1403 127 1411 ·
156 1373 330 1454 penis
352 1393 391 1436 :·
419 1393 585 1455 quas
641 1374 913 1455 incipies
972 1376 1293 1437 sustinere
1323 1395 1337 1437 :

158 1471 219 1524 et
246 1463 562 1542 persuade
595 1461 995 1525 infantibus:
1042 1471 1115 1525 ut
1134 1461 1335 1524 finem

156 1549 281 1611 vite
310 1568 437 1612 non
471 1549 779 1613 habeant.
845 1548 1135 1612 Babillas
1166 1550 1339 1632 epis-

157 1656 347 1718 copus
417 1638 595 1700 dixit
660 1637 1210 1719 Insipientissime
1272 1646 1339 1700 et

157 1725 529 1806 impiissime
606 1733 940 1806 tyranne:
1004 1727 1340 1808 promissi-

154 1831 303 1875 ones
391 1821 541 1876 tuas
620 1814 709 1876 da
801 1812 949 1875 filiis
1012 1814 1184 1877 tuis:
1272 1822 1341 1876 et

155 1901 555 1981 providentia
602 1911 720 1964 tua
768 1909 987 1964 tecum
1028 1902 1157 1965 sit:
1204 1921 1339 1964 non

155 1989 317 2050 enim
362 1997 553 2052 tanta
604 1999 797 2071 potes
844 1990 1043 2052 dare:
1089 1999 1343 2072 quanta

156 2077 397 2139 conaris
424 2075 702 2140 auferre.
998 2077 1215 2140 Lectio
1246 2077 1342 2159 iij.

172 2165 427 2295 Tunc
458 2165 667 2227 iratus
710 2185 827 2227 rex
876 2165 1343 2228 numerianus:

155 2338 497 2403 decollari:
566 2360 723 2403 cum
778 2341 986 2403 tribus
1039 2341 1344 2423 parvulis,

156 2426 389 2491 Beatus
428 2448 589 2491 vero
638 2428 918 2492 babillas
952 2430 1299 2510 episcopus
1330 2449 1343 2492 :

156 2517 399 2597 rogavit
460 2518 645 2599 prius
707 2518 957 2598 percuti
1014 2516 1341 2579 infantes:

156 2612 215 2665 et
274 2605 364 2667 ita
424 2625 515 2667 se.
644 2605 735 2666 Et
796 2605 936 2686 ipse
996 2605 1347 2685 episcopus

155 2691 373 2754 videns
426 2691 743 2774 parvulos
805 2691 1097 2755 occisos:
1168 2692 1344 2754 dixit

158 2778 543 2844 Benedictus
578 2779 744 2842 deus
778 2779 1343 2843 Christianorum:

156 2869 257 2948 qui
287 2867 495 2931 fecisti
530 2867 726 2931 nobis
762 2869 1125 2931 secundum
1162 2887 1347 2948 mag-

158 2973 298 3018 nam
358 2954 879 3019 misericordiam
934 2965 1135 3018 tuam.
1257 2955 1345 3017 Et

158 3043 243 3106 ita
272 3044 473 3127 ipsius
504 3045 721 3107 sancti
745 3045 1037 3124 episcopi
1066 3043 1343 3106 incisum

159 3140 249 3193 est
296 3133 571 3215 caput¹:
622 3141 689 3194 et
737 3131 991 3213 positus
1040 3139 1141 3193 est
1195 3149 1345 3193 cum

159 3217 507 3283 infantibus
539 3239 693 3283 cum
728 3219 894 3281 boiis
918 3227 986 3280 et
1009 3219 1347 3299 compedi-

159 3305 288 3370 bus.
382 3307 607 3374 Cetera
650 3307 729 3369 de
774 3307 1097 3369 communi
1130 3305 1350 3387 pluri-

161 3414 403 3457 morum
432 3404 818 3476 martyrum.

164 3485 222 3559 ff
264 3483 345 3546 In
374 3483 780 3547 conversione
808 3481 1019 3545 sancti
1030 3481 1241 3563 pauli.

160 3570 275 3633 Ad
295 3583 585 3653 vesperas
616 3571 957 3652 antiphone
1003 3580 1065 3632 et
1102 3568 1356 3650 psalmi

148 3659 423 3738 feriales.
954 3657 1346 3739 Capitulum.

158 3747 467 3879 Saulus
536 3741 753 3811 adhuc
822 3747 1081 3829 spirans
1135 3746 1348 3808 mina-

263 3856 405 3898 rum
487 3844 557 3899 et
624 3836 806 3898 cedis
860 3837 927 3897 in
983 3831 1351 3915 discipulos

158 3921 441 3988 domini:
497 3943 651 3987 cum
701 3924 825 3986 iter
864 3921 1147 3985 faceret:
1195 3940 1351 3984 con-

157 4011 300 4092 tigit
318 4021 391 4074 ut
410 4011 976 4094 appropinquaret
1002 4007 1349 4072 damasco:

159 4105 221 4159 et
276 4101 499 4162 subito
549 4098 953 4162 circunsulsit
1014 4117 1167 4159 eum
1232 4096 1348 4159 lux

158 4184 237 4248 de
279 4188 439 4250 ce10.
535 4187 650 4251 Re.
745 4186 897 4249 Ibat
952 4185 1150 4268 igitur
1201 4205 1349 4246 sau-

160 4272 268 4336 lus.
1022 4273 1345 4354 Hymnus.

296 2251 489 2333 jussit
566 2263 872 2316 sanctum
956 2254 1361 2336 episcopum.

1869 463 1876 472 ,
1958 391 2102 445 160

1438 497 1780 628 Doctor
1825 497 2088 579 egregie
2136 495 2368 579 paule:
2418 514 2632 558 mores

1593 587 1874 648 instrue:
1907 593 1974 647 et
2007 593 2230 648 mente
2250 582 2476 667 polum
2512 603 2634 646 nos

1436 671 1785 736 transferre
1823 681 2092 754 satage:
2138 673 2352 735 donec
2385 671 2632 754 persec-

1436 769 1580 824 tum
1635 761 1953 842 largiatur
2001 759 2256 842 plenius
2311 768 2632 822 evacuato

1437 849 1616 930 quod
1643 869 1732 911 ex
1759 858 1946 930 parte
1965 847 2270 930 gerimus.
2304 846 2626 927 Hymnus.

1437 935 1686 999 Annue
1747 935 2025 1001 Christe.
2111 951 2154 1021 y
2217 935 2294 997 In
2359 955 2630 997 omnem

1436 1033 1698 1088 terram.
1819 1024 1903 1086 In
1978 1044 2200 1104 evang.
2256 1031 2360 1086 αὴ.
2457 1022 2630 1086 Cum

1437 1119 1660 1174 autem
1711 1111 2080 1194 complacui
2114 1111 2173 1173 ei
2219 1111 2332 1192 qui
2377 1130 2484 1172 me
2531 1130 2631 1172 se-

1436 1198 1735 1281 gregavit
1783 1219 1872 1261 ex
1923 1208 2110 1261 utero
2162 1198 2390 1273 matris
2445 1217 2632 1260 mee:

1436 1296 1504 1350 et
1532 1287 1796 1350 vocavit
1838 1306 1958 1368 per
2000 1285 2284 1367 gratiam
2333 1306 2522 1348 suam
2557 1295 2632 1348 ut

1437 1375 1756 1437 revelaret
1805 1375 1869 1436 in
1921 1395 2028 1436 me
2073 1373 2280 1436 filium
2323 1393 2515 1436 suum
2564 1374 2630 1435 in

1437 1462 1786 1544 gentibus:
1829 1462 2143 1526 continuo
2174 1481 2306 1523 non
2331 1461 2630 1542 acquievi

1439 1551 1619 1612 carni
1669 1559 1736 1613 et
1801 1549 2146 1631 sanguini:
2194 1550 2308 1611 sed
2358 1549 2490 1610 abii
2543 1548 2627 1611 ad

1438 1647 1888 1700 antecessores
1933 1657 2115 1699 meos
2145 1635 2502 1719 apostolos
2528 1644 2630 1717 pf.

1440 1724 1848 1806 Magnificat.
2383 1723 2631 1787 Oratio.

1438 1817 1712 1944 Deus
1744 1813 1854 1894 qui
1888 1812 2264 1875 universum
2308 1811 2632 1874 mundum

1597 1901 1772 1964 beati
1821 1901 1997 1981 pauli
2045 1899 2328 1982 apostoli
2360 1900 2454 1962 tui
2489 1919 2635 1982 pre-

1438 1989 1772 2052 dicatione
1802 1989 2079 2051 docuisti
2107 2009 2120 2050 ε
2153 1989 2241 2051 da
2266 1988 2457 2050 nobis
2475 2007 2634 2068 que·

1440 2097 1708 2140 sumus:
1755 2085 1830 2139 ut
1883 2076 1993 2157 qui
2043 2075 2183 2157 ejus
2229 2074 2428 2138 hodie
2477 2095 2632 2138 con-

1441 2166 1809 2228 versionem
1835 2163 2154 2227 colimus:
2186 2184 2305 2246 per
2352 2163 2496 2244 ejus
2546 2163 2631 2225 ad

1443 2262 1511 2315 te
1540 2252 1854 2334 exempla
1883 2251 2305 2334 gradiamur:
2347 2271 2466 2333 per
2516 2251 2638 2313 do-

1445 2341 1718 2422 minum.
1773 2340 2102 2402 Memoria
2131 2340 2211 2402 de
2237 2348 2460 2402 sancta
2491 2359 2634 2400 ma-

1445 2429 1552 2491 ria
1611 2437 1675 2489 et
1733 2427 2043 2490 memoria
2101 2427 2178 2489 de
2234 2436 2452 2489 sancto
2486 2437 2638 2508 pre-

1422 2516 1594 2598 jecto
1625 2525 1923 2596 martyre.
1976 2516 2106 2578 Αῇ.
2190 2515 2322 2577 Hic
2353 2524 2454 2577 est
2485 2534 2636 2577 vere

1446 2613 1716 2684 martyr.
1751 2622 1794 2688 γ
1827 2603 2054 2666 Gloria
2074 2613 2140 2664 et
2162 2601 2426 2666 honore.
2464 2601 2612 2666 Oro.

1442 2691 1884 2824 Martyris
1909 2691 2004 2755 tui
2039 2690 2308 2772 prejecti
2334 2710 2456 2752 nos
2479 2709 2637 2771 que-

1646 2799 1872 2842 sumus
1925 2779 2196 2842 domine
2247 2778 2640 2840 interventio

1445 2866 1733 2950 gloriosa
1785 2867 2246 2929 commendet:
2323 2875 2397 2927 ut
2457 2863 2638 2946 quod

1447 2956 1688 3018 nostris
1748 2954 2004 3016 actibus
2072 2973 2204 3015 non
2271 2971 2641 3015 meremur:

1446 3043 1590 3124 ejus
1643 3042 1946 3124 precibus
1977 3060 2476 3121 consequamur.
2527 3059 2644 3121 per

1452 3130 1807 3194 Christum.
1899 3127 2230 3192 Memoria
2283 3128 2364 3190 de
2420 3136 2644 3189 sancta

1447 3227 1688 3299 agnete.
1765 3215 1888 3279 Ad
1927 3225 2123 3280 matu.
2173 3215 2373 3278 Invz‘t.
2468 3215 2643 3278 Lau-

1450 3305 1934 3386 demusJesum
1970 3304 2322 3368 Christum.
2390 3303 2467 3365 In
2488 3324 2646 3367 con-

1447 3395 1749 3457 versione
1779 3392 2064 3474 apostoli
2111 3391 2308 3474 pauli.
2358 3400 2455 3473 pff.
2512 3389 2645 3454 Ve-

1450 3483 1604 3544 nite.
1668 3481 1867 3561 Hym.
1929 3481 2182 3543 Eterna
2217 3479 2460 3543 Christi
2501 3499 2645 3541 rnu-

1451 3590 1624 3633 nera.
1717 3569 1762 3632 I
1759 3590 1800 3631 n
1865 3568 2088 3650 primo
2162 3577 2467 3632 nocturno
2538 3575 2646 3629 an'.

1454 3657 1695 3723 Saulus
1745 3656 1962 3720 adhuc
2015 3657 2269 3739 spirans
2319 3658 2646 3718 minarum

1452 3755 1519 3808 et
1579 3745 1760 3808 cedis
1807 3745 1874 3807 in
1936 3745 2293 3826 discipulos
2353 3742 2647 3806 domini:

1452 3833 1618 3896 abiit
1653 3834 1739 3896 ad
1786 3833 2150 3914 principem
2189 3830 2646 3894 sacerdotum:

1452 3929 1519 3984 et
1554 3922 1786 4002 petiit:
1837 3920 2020 3983 illum
2061 3929 2134 3982 ut
2183 3919 2294 3981 ubi
2329 3918 2650 3981 inveniret

1452 4006 1651 4090 hujus
1679 4009 1784 4071 vie
1802 4009 2013 4071 viros:
2046 4008 2302 4070 vinctos
2334 4006 2650 4086 perduce-

1452 4106 1552 4158 ret
1605 4095 2016 4158 hierusalem.
2093 4111 2140 4180 γ
2193 4093 2281 4157 Et
2324 4112 2476 4157 cum
2527 4093 2653 4154 iter

1452 4183 1696 4246 faceret
1721 4206 1734 4247 ε
1759 4183 2037 4264 contigit
2063 4192 2134 4266 ut
2159 4181 2651 4263 appropinqua—

1452 4282 1600 4334 rent
1632 4273 1960 4336 damasc0.
2009 4279 2110 4352 pir'.
2145 4269 2290 4334 Celi
2325 4275 2652 4332 enarrant.

1246 4447 1257 4476 ¹
1294 4451 1447 4509 aput:
1484 4445 1543 4495 E.
