3117 4959
1531 249 1954 308 DOMJNJCA

1043 360 1201 416 498

509 465 948 550 obsequium:
994 465 1308 546 deinceps
1352 471 1569 528 totum
1604 463 1703 530 di-

507 558 737 621 vinum
768 565 872 618 est
913 555 1092 636 quod
1138 561 1449 634 operatur
1479 552 1546 614 in
1578 571 1707 620 ea:

509 653 682 709 teste
701 641 942 724 angelo
965 662 980 704 :
1023 641 1179 723 quia
1196 641 1663 721 spiritusancto
1687 660 1701 703 :

510 742 579 796 et
609 733 852 796 virtute
901 728 1202 792 altissimi
1252 727 1702 791 obumbratur.

510 821 596 883 In
635 816 914 898 evangel.
965 823 1072 878 an.
1164 815 1359 878 Felix
1391 833 1700 895 namque.

507 917 588 970 ut
613 907 685 969 in
701 904 948 988 primis
964 902 1252 983 vesperis.
1329 910 1429 982 pf.
1509 901 1703 982 Mag-

511 992 778 1057 nificat.¹
901 990 1231 1054 Memoria
1331 989 1410 1051 de
1489 999 1705 1052 sancto

510 1102 746 1163 magno
757 1089 1056 1160 martyre.
1094 1076 1322 1143 Oratio
1335 1077 1358 1112 ²
1370 1085 1448 1138 ut
1459 1076 1705 1159 supra.³

509 1170 596 1232 In
625 1188 877 1250 evange.
906 1175 1012 1229 an'.
1103 1165 1254 1228 Ave
1273 1165 1500 1246 regina
1529 1164 1704 1227 celo-

511 1277 697 1321 rum:
759 1275 882 1319 ave
941 1253 1212 1317 domina
1273 1251 1702 1333 angelorum:

510 1344 694 1408 salve
768 1343 962 1406 radix
1039 1349 1311 1405 sancta:
1402 1360 1490 1403 ex
1570 1359 1704 1420 qua

512 1432 768 1496 mundo
827 1430 946 1494 lux
1019 1439 1122 1492 est
1199 1437 1395 1491 orta:
1482 1428 1704 1509 gaude

509 1520 836 1602 gloriosa:
883 1537 1081 1599 super
1103 1536 1334 1580 omnes
1365 1517 1702 1596 speciosa:

509 1607 658 1672 vale
687 1607 883 1671 valde
929 1606 1211 1668 decora:
1259 1611 1326 1665 et
1361 1623 1481 1684 pro
1511 1604 1703 1666 nobis

511 1715 776 1778 semper
849 1692 1190 1759 Christum
1271 1709 1496 1753 exora.
1606 1698 1703 1770 ps.

515 1781 921 1864 Magnificat.
1017 1779 1248 1846 Oratio
1277 1787 1353 1842 ut
1382 1777 1453 1840 in
1480 1775 1603 1840 dte.

513 1875 578 1948 αἶ
629 1871 821 1934 Sexto
849 1868 969 1934 die.
1226 1864 1444 1931 Lectio
1457 1867 1704 1947 prima.

509 1960 700 2089 H
705 1977 780 2020 ec
823 1965 924 2019 est
973 1955 1152 2018 enim
1201 1954 1524 2036 presentis
1571 1953 1703 2015 diei

705 2043 1070 2108 festivitas:
1117 2043 1184 2104 in
1234 2061 1366 2122 qua
1418 2041 1707 2121 gloriosa

511 2141 581 2196 et
633 2131 796 2194 felix
858 2131 940 2195 ad
1005 2129 1344 2192 ethereum
1406 2129 1706 2209 pervenit

510 2219 899 2284 thalamum.
1012 2216 1164 2299 Que
1222 2215 1518 2298 profecto
1579 2215 1707 2278 fes-

511 2309 776 2372 tivitas:
828 2305 1022 2370 sicuti
1082 2313 1150 2367 et
1207 2303 1394 2384 virgo
1453 2304 1705 2366 incom-

509 2394 824 2478 parabilis
875 2393 1118 2456 ceteris
1156 2391 1555 2473 virginibus:
1610 2391 1705 2454 ita

509 2481 1044 2565 incomparabilis
1075 2489 1175 2543 est
1196 2479 1491 2543 omnium
1515 2497 1703 2542 sanc-

510 2579 730 2634 torum
782 2568 1288 2633 festivitatibus:
1347 2575 1414 2629 et
1462 2567 1706 2628 admir-

510 2659 686 2721 anda
717 2657 954 2720 etiam⁴
985 2655 1336 2720 virtutibus
1372 2653 1702 2735 angelicis

509 2745 942 2826 Responsoria
971 2753 1048 2806 ut
1072 2753 1274 2823 supra
1304 2751 1629 2806 notantur.

509 2835 884 2965 Propter
912 2832 1092 2915 quod
1115 2832 1180 2894 in
1202 2849 1483 2912 persona
1505 2827 1612 2912 [L.
1636 2829 1703 2910 ij.

663 2939 1094 3003 supernorum
1131 2937 1414 2982 civium:
1463 2936 1527 2980 in
1559 2937 1704 2996 ejus

511 3010 896 3072 ascensione
983 3007 1319 3070 admirans
1406 3005 1703 3087 spiritus-

511 3108 778 3160 sanctus
825 3097 920 3159 ait
951 3095 1018 3158 in
1051 3095 1364 3158 canticis:
1413 3091 1565 3174 Que
1602 3101 1704 3155 est

511 3186 640 3247 ista
668 3207 682 3248 ε
728 3204 858 3265 que
888 3182 1186 3247 ascendit
1218 3201 1334 3262 per
1363 3181 1701 3244 desertum

511 3273 682 3335 sicut
725 3271 981 3352 virgula
1013 3270 1175 3333 fumi
1223 3269 1345 3332 ex⁵
1391 3267 1703 3332 aromati-

511 3359 686 3425 bus?
807 3359 900 3421 Et
960 3357 1128 3419 bene
1199 3356 1387 3437 quasi
1446 3355 1703 3436 virgula

510 3447 718 3510 sumi:
764 3447 920 3527 quia
951 3443 1211 3526 gracilis
1261 3452 1329 3505 et
1377 3442 1701 3506 delicata:

510 3533 668 3616 quia
679 3533 917 3596 divinis
927 3538 1292 3595 extenuata
1311 3529 1702 3610 disciplinis:

507 3631 579 3684 et
609 3628 1028 3686 concremata
1052 3619 1228 3680 intus
1259 3619 1324 3681 in
1357 3617 1703 3680 holocaus-

507 3719 698 3772 tum:
765 3707 1070 3770 incendio
1131 3706 1222 3787 pii
1284 3705 1571 3768 amoris:
1636 3712 1704 3768 et

508 3795 838 3860 desiderio
867 3794 1223 3858 charitatis,
1356 3792 1574 3856 Lectio
1605 3793 1700 3875 iij.

505 3883 1031 4016 Ascendebat
1067 3889 1292 3944 autem
1325 3882 1410 3946 de
1435 3881 1703 3945 'deserto

674 3971 996 4054 presentis
1023 3969 1226 4033 seculi
1271 3970 1456 4051 virga
1483 3969 1570 4033 de
1601 3988 1704 4032 ra-

508 4060 654 4124 dice
709 4062 884 4140 jesse
931 4065 1185 4122 exorta.
1307 4057 1443 4121 Sed
1507 4057 1704 4119 mira-

505 4149 750 4212 bantur
823 4147 1044 4210 anime
1140 4144 1498 4208 electorum
1584 4163 1702 4225 pre

606 4296 749 4360 ¹pro
777 4293 1035 4359 ‘magi-tif!
1059 4291 1396 4342 Benedictus.
1435 4291 1495 4342 R.
1505 4291 1575 4342 N.
1586 4290 1639 4342 S.

603 4362 626 4392 ²
663 4360 898 4410 ‘Oratio’
921 4375 1014 4409 om.
1036 4360 1140 4408 .·.S

604 4427 628 4457 ⁸
665 4426 767 4476 ‘ad
782 4425 1034 4488 w-goeras’
1057 4423 1192 4472 add:
1226 4423 1294 4474 R.

2314 359 2469 415 494

1804 464 2052 546 gaudio
2072 484 2361 546 quenam
2380 472 2590 528 esset:
2612 463 2789 546 que⁶
2802 461 2991 528 etiam

1806 554 2191 617 meritorum
2221 554 2575 617 virtutibus
2613 551 2993 634 angelorum

1802 641 2097 708 vinceret
2166 641 2581 722 dignitatem.
2704 640 2819 702 De
2876 659 2999 722 qua

1806 747 2025 794 rursus
2084 727 2265 791 idem
2332 727 2880 810 spiritussanctus
2938 728 2999 789 in

1805 816 2057 882 eisdem
2119 816 2407 879 canticiS.
2499 814 2653 897 Que
2714 825 2825 878 est
2884 815 3003 878 ista

1805 923 1935 985 que
1966 905 2265 968 ascendit
2297 904 2513 984 inquit
2542 904 2735 985 quasi
2770 922 3003 965 aurora

1804 993 2258 1072 consurgens?
2353 990 2628 1054 Pulchra
2680 1000 2759 1053 ut
2808 991 3002 1053 luna:

1804 1077 2016 1142 electa
2046 1089 2121 1142 ut
2152 1077 2290 1146 sol:
2337 1079 2641 1142 terribilis
2660 1087 2737 1142 ut
2758 1088 3003 1142 castro-

1804 1186 1950 1228 rum
1981 1168 2157 1230 acies
2202 1167 2523 1232 ordinata.
2614 1165 2703 1228 In
2744 1185 3004 1246 evange.

1803 1262 1909 1317 ar'i.
2000 1254 2209 1335 Virgo
2267 1253 2805 1336 prudentissima.
2906 1262 3001 1335 pi.

1809 1340 2223 1405 Benedictus
2330 1341 2457 1406 Ad
2508 1351 2823 1423 vesperas.
2924 1342 3005 1402 In

1802 1429 2084 1510 evangel.
2114 1437 2221 1492 aii.
2311 1429 2521 1494 Alma
2562 1429 3006 1510 redemptoris

1807 1526 2069 1581 mater:
2145 1536 2275 1600 que
2335 1518 2560 1599 pervia
2621 1517 2747 1584 celi
2812 1527 3009 1598 porta

1806 1623 2125 1667 manens:
2190 1613 2259 1667 et
2306 1605 2499 1669 stella
2549 1605 2793 1672 maris:
2854 1625 3006 1667 suc-

1806 1711 1992 1754 curre
2037 1691 2304 1756 cadenti
2348 1712 2615 1774 surgere
2650 1693 2771 1774 qui
2816 1701 3005 1758 curat

1806 1779 2097 1862 populo:
2160 1789 2235 1844 tu
2313 1801 2445 1862 que
2516 1779 2811 1863 genuisti
2892 1801 3007 1848 na-

1804 1876 1957 1930 tura
2004 1867 2283 1930 mirante
2310 1877 2502 1931 tuum
2532 1877 2845 1930 sanctum
2894 1887 3011 1949 ge-

1808 1955 2091 2017 nitorem
2120 1976 2135 2018 :
2158 1955 2346 2036 virgo
2366 1956 2545 2037 prius
2570 1975 2649 2018 ac
2672 1957 3005 2037 posterius

1805 2043 2117 2124 gabrielis
2178 2043 2265 2106 ab
2326 2063 2439 2107 ore
2500 2063 2772 2106 sumens
2836 2043 3005 2107 illud

1808 2151 1930 2192 ave
1996 2139 2417 2212 peccatorum
2496 2131 2821 2194 miserere.
2903 2139 3007 2213 pf.

1810 2217 2219 2298 Magnificat.

1809 2309 1874 2382 αἶ
1923 2305 2206 2387 Septimo
2250 2306 2372 2370 die.
2460 2305 2547 2370 In
2590 2326 2850 2388 evange.
2898 2315 3005 2370 αξ.

1807 2393 2061 2456 Anima
2120 2413 2285 2458 mea.
2382 2403 2486 2475 pf.
2582 2395 3005 2458 Benedictus,

1805 2481 1965 2543 Alie
2001 2481 2351 2563 antiphone.
2446 2483 2656 2545 Beata
2688 2493 2911 2545 mater
2938 2493 3007 2546 et

1806 2569 2085 2650 innupta
2158 2571 2345 2651 virgo
2418 2569 2707 2650 gloriosa
2777 2571 3009 2652 regina

1807 2657 2038 2718 mundi
2102 2657 2432 2721 intercede
2486 2677 2608 2740 pro
2662 2657 2859 2721 nobis
2924 2659 3011 2721 ad

1804 2744 2170 2807 dominum.
2222 2745 2358 2807 Αῆ.
2415 2745 2495 2807 In
2526 2745 2712 2826 prole
2744 2755 3009 2809 mater:

1806 2831 1873 2892 in
1907 2841 2098 2912 partu
2146 2832 2369 2914 virgo:
2415 2834 2635 2913 gaude
2680 2841 2749 2896 et
2797 2832 3011 2896 letare

1804 2919 1992 3000 virgo
2014 2929 2226 2982 mater
2242 2919 2514 2983 domini.
2560 2921 2623 2982 A
2636 2929 2698 2983 ἦ.
2751 2919 3011 2985 Sancta

1805 3007 1912 3069 dei
1945 3007 2235 3088 genitrix
2266 3008 2453 3090 virgo
2498 3027 2765 3089 semper
2796 3009 3011 3072 maria

1806 3095 2141 3157 intercede
2170 3115 2291 3177 pro
2322 3095 2513 3158 nobis
2538 3094 2624 3157 ad
2648 3097 3007 3160 dominum

1806 3181 2007 3244 deum
2060 3191 2377 3246 nostrum.
2472 3182 2612 3246 Sed
2659 3182 2785 3246 iste
2828 3195 3009 3248 ant:-

1793 3267 2003 3350 phone
2058 3289 2183 3332 non
2234 3269 2544 3334 dicuntur
2592 3269 2789 3352 infra
2842 3272 3012 3336 istas
3062 3329 3064 3346 ,

1803 3365 2073 3420 octavas.

1809 3448 1874 3521 αἶ
1920 3443 2270 3509 Dominica
2332 3444 2523 3527 infra
2576 3455 2847 3510 octavas
2906 3469 3009 3512 as·
3059 3479 3064 3566 1

1803 3532 2200 3614 sumptionis.

1804 3620 1930 3682 Ad
1951 3631 2241 3701 vesperas
2280 3641 2387 3684 an.
2476 3619 2859 3703 Assumpta
2890 3635 3007 3688 est.

1804 3717 1867 3768 et
1906 3717 2101 3770 cetere
2138 3707 2481 3789 antiphone
2507 3721 2835 3791 sequentes
2862 3733 3007 3776 aen

1789 3795 2075 3876 psalmis
2132 3795 2213 3858 de
2266 3795 2549 3860 domina.
2663 3796 2817 3879 Cap.
2924 3799 3005 3864 In

1804 3882 2114 3946 omnibus
2145 3884 2459 3965 requiem.
2534 3884 2867 3964 Hymnus.
2946 3887 3005 3952 Ο

1805 3989 2007 4050 quam
2038 3970 2352 4051 glorifica.
2428 3971 2857 4058 yExaltata
2886 3985 3003 4039 est.

1805 4057 1931 4119 Ad
1953 4058 2243 4137 psalmos
2274 3988 2670 4141 Magnificat
2696 4069 2763 4122 et
2794 4061 3003 4126 Bene-
3055 4115 3058 4126 ,

1805 4144 2022 4208 dictus
2050 4145 2401 4227 antiphona
2430 4167 2795 4230 quecunque
2800 4150 3001 4232 yma

2033 4294 2053 4324 ⁴
2093 4298 2109 4322 ‘
2130 4293 2315 4344 etiam’
2352 4311 2450 4345 om.
2480 4295 2598 4347 :.N

2032 4361 2221 4424 “pr-o
2236 4375 2297 4410 ex
2315 4361 2438 4410 ’:et
2472 4333 2525 4412 8.

2031 4426 2054 4457 ⁰
2090 4429 2165 4478 ἀι
2168 4426 2249 4475 ιε’
2270 4441 2369 4477 nm.
2398 4426 2503 4479 ;.8

3030 4274 3058 4924 1
