3117 4959
813 241 1386 299 PLURJMORUM
1427 242 1681 298 MART
1687 244 1939 300 YRUM.

671 350 774 405 29
2006 352 2111 407 30

169 460 420 527 conscia
490 456 864 524 consecrat¹
928 454 1340 537 patientiam.
1441 453 1777 539 plantabis
1800 456 1826 495 ⁶
1854 457 2117 521 vineam
2162 457 2492 539 justorum
2525 456 2643 521 sed

177 552 312 629 Que
354 569 484 612 vox
519 566 646 629 que
683 544 926 627 poterit
972 542 1199 625 lingua
1243 563 1342 605 re·
1444 545 1514 606 in
1591 544 1741 627 lege
1814 545 2067 613 domini
2142 546 2267 609 fuit
2334 547 2645 611 voluntas

169 650 388 701 texere
409 656 532 717 que
550 643 618 697 tu
642 631 1044 714 martyribus
1065 651 1341 695 munera
1444 653 1691 697 eorum.
1730 642 1832 715 pf.
1888 635 2135 696 Beatus
2164 635 2278 697 vir.
2324 635 2457 698 Αῆ.
2495 636 2647 698 Pre-

167 744 462 808 preparas
482 723 650 785 rubri
677 740 832 797 nam
867 719 1116 782 fluvido
1137 720 1162 756 ²
1191 739 1342 781 san-
1443 721 1739 784 dicantes
1772 732 2156 804 preceptum
2190 722 2443 786 domini
2490 742 2645 785 con-

163 815 354 895 guine
396 811 627 874 laureis
671 810 970 872 ditantur
1014 809 1184 871 bene
1220 806 1344 870 ful·
1447 809 1663 871 stituti
1684 819 1838 872 sunt
1868 810 1934 871 in
1969 820 2197 872 monte
2229 820 2461 874 sancto
2485 810 2645 891 ejus.

163 900 343 982 gidis.
439 898 530 961 Te
561 917 820 961 summa
845 896 1058 959 deitas
1081 915 1345 977 unaque
1433 906 1532 979 pf.
1578 896 1802 979 Quare
1841 897 2261 962 fremuerunt.
2309 900 2443 962 Αῆ.
2496 899 2647 961 Filii

162 989 478 1070 poscimus
511 995 582 1049 ut
613 985 841 1068 culpas
877 984 1110 1048 abluas
1142 984 1348 1046 noxia

159 1076 494 1139 subtrahas
525 1075 642 1136 des
674 1092 908 1155 pacem
933 1071 1200 1135 famulis
1225 1091 1346 1134 nos

158 1184 414 1245 quoque
455 1162 735 1245 gloriam
784 1181 901 1242 per
945 1169 1184 1223 cuncta
1223 1159 1345 1222 tibi

154 1252 382 1315 secula.
448 1270 662 1313 amen.
733 1266 781 1334 γ
829 1248 1159 1311 Exultent
1182 1246 1346 1329 justi

155 1341 217 1401 in
249 1348 599 1420 conspectu
622 1338 744 1401 dei.
827 1336 918 1399 Et
936 1336 1349 1400 delectentur

158 1429 222 1491 in
277 1428 506 1490 leticia.
619 1426 705 1488 In
756 1446 936 1488 evan.
969 1433 1072 1487 αῆ.
1168 1422 1348 1487 Gau-

152 1516 309 1579 dent
360 1516 426 1577 in
470 1514 632 1577 celis
686 1513 906 1576 anime
965 1521 1344 1575 sanctorum

151 1605 259 1685 qui
295 1603 534 1668 Christi
575 1602 852 1683 vestigia
897 1610 1052 1663 sunt
1097 1599 1344 1663 secuti:

149 1703 214 1754 et
245 1693 398 1772 quia
433 1711 558 1772 pro
582 1691 608 1727 ³
638 1689 780 1769 ejus
813 1708 1038 1751 amore
1071 1687 1346 1768 sangui-

149 1800 297 1843 nem
355 1799 556 1842 suum
608 1777 920 1839 fuderunt
981 1777 1132 1838 ideo
1192 1796 1344 1838 cum

151 1868 409 1932 Christo
470 1866 849 1947 regnabunt
904 1864 972 1926 in
1026 1874 1345 1927 eternum.

139 1965 226 2037 pff.
276 1954 686 2037 Magnificat.
1100 1951 1346 2016 Oratio,

143 2047 410 2174 Deus
442 2044 563 2125 qui
597 2061 718 2104 nos
749 2040 1056 2103 concedis
1087 2049 1350 2102 sancto-

294 2152 438 2193 rum
508 2139 886 2210 martyrum
941 2138 1205 2191 tuorum
1263 2127 1347 2190 N.

143 2228 210 2281 et
241 2220 318 2283 N.
354 2218 676 2282 natalicia
727 2215 982 2279 colere:
1038 2216 1125 2278 da
1158 2215 1350 2278 nobis

146 2308 210 2369 in
257 2317 482 2370 eterna
536 2304 954 2368 beatitudine
1001 2304 1086 2366 de
1118 2322 1347 2365 eorum

144 2396 455 2459 societate
485 2395 786 2476 gaudere
835 2412 954 2474 per
982 2391 1347 2454 dominum.

149 2488 208 2557 ff
253 2484 376 2547 Ad
429 2482 804 2545 matutinas
861 2478 1348 2543 Invitatorium.

147 2570 445 2635 Gaudete
469 2580 548 2634 et
573 2570 873 2631 exultate
887 2567 1064 2650 Quia
1078 2568 1351 2629 nomina

144 2670 356 2723 vestra
404 2660 663 2739 scripta
715 2658 976 2720 suntin
1025 2654 1198 2717 celis,
1252 2662 1351 2735 pff.

143 2746 380 2809 Venite
411 2746 816 2809 exultemus
1025 2744 1352 2822 Hymnus,

317 2856 478 2898 ema
505 2833 755 2899 Christi
783 2851 1057 2894 munera
1081 2840 1149 2893 et
1183 2850 1350 2893 mar-

287 2932 518 3005 tyrum
578 2920 888 2984 victorias
951 2919 1182 2982 laudes
1242 2939 1350 2981 ca-

141 3022 371 3074 nentes
449 3009 721 3074 debitas
801 3007 950 3071 letis
1031 3026 1350 3069 canamus

142 3100 495 3163 mentibus,
593 3098 873 3159 Terrore
924 3094 1102 3158 victo
1147 3093 1350 3157 seculi

137 3190 464 3269 penisque
503 3186 748 3268 spretis
789 3182 1079 3265 corporis
1121 3182 1352 3245 mortis

137 3296 320 3339 sacre
351 3271 806 3357 compendi0.⁴
839 3272 1047 3335 vitam
1081 3269 1349 3333 beatam

135 3364 508 3446 possident.
602 3361 980 3424 Traduntur
1009 3358 1145 3440 igni
1179 3378 1352 3421 mar-

135 3461 319 3531 tyres
374 3460 446 3514 et
491 3449 857 3513 bestiarum
905 3446 1218 3509 dentibus
1249 3466 1351 3508 ar-

133 3548 320 3603 mata
351 3539 531 3603 sevit
563 3535 828 3618 ungulis
849 3534 1114 3598 tortoris
1139 3533 1351 3595 insani

133 3646 392 3691 manus,
455 3626 747 3689 Nudata
777 3622 1072 3705 pendent
1103 3621 1354 3685 viscera

130 3716 410 3799 sanguis
429 3722 734 3777 sacratus
753 3711 1050 3774 funditur
1067 3710 1183 3773 sed
1207 3730 1354 3792 per-

133 3811 416 3867 manent
437 3798 824 3865 immobiles
841 3800 978 3862 vite
1002 3798 1354 3881 perhennis

129 3893 368 3975 gratia.
443 3890 547 3953 Te
579 3908 753 3952 nunc
785 3887 1168 3968 redemptor
1195 3905 1355 3966 que-

129 4000 368 4043 sumus
431 3986 512 4041 ut
592 3984 959 4057 martyrum
1019 3973 1355 4036 consortio

123 4068 382 4150 jungas
409 4074 761 4149 precantes
779 4062 1074 4126 servulos
1094 4062 1159 4123 in
1182 4080 1354 4124 sem-

129 4158 400 4238 piterna
455 4152 728 4216 secula.⁵
815 4151 902 4213 In
933 4151 998 4231 j.
1050 4158 1356 4213 nocturno

129 4252 240 4307 aii.
371 4242 589 4307 Secus
644 4241 957 4304 decursus
1027 4257 1353 4321 aquarum

269 4392 284 4421 ¹
322 4394 629 4439 conservat:
663 4384 954 4437 W.E.G.S.

271 4460 292 4487 ⁴
325 4454 621 4519 compendo
645 4472 658 4504 :
689 4452 775 4502 W.

1125 4384 1146 4415 ¹
1180 4384 1372 4435 fluido:
1405 4384 1699 4436 W.E.G.S.

1135 4452 1156 4481 ⁸
1195 4450 1402 4502 ‘amem’
1427 4452 1528 4501 add
1555 4470 1568 4501 :
1602 4452 1735 4502 E.G.

1447 985 1793 1048 hominum
1824 987 2103 1049 scitote:
2141 986 2298 1068 quia
2335 986 2647 1051 dominus

1448 1083 1715 1136 sanctos
1797 1093 1953 1137 suos
2045 1072 2434 1138 mirificavit.
2541 1083 2645 1155 pff.

1451 1160 1624 1225 Cum
1696 1162 2086 1226 invocarem.
2178 1178 2227 1249 γ
2317 1160 2649 1226 Exultent

1442 1249 1623 1330 justi.
2172 1250 2387 1314 Lectio
2401 1250 2647 1331 prima.

1449 1338 1727 1469 Beati
1750 1346 2071 1419 martyres
2094 1338 2338 1403 Christi
2358 1339 2448 1401 N.
2469 1348 2538 1401 et
2556 1338 2647 1401 N.

1596 1446 1879 1506 quorum
1960 1426 2131 1489 festa
2198 1426 2647 1490 celebramus:

1449 1514 1607 1593 quia
1627 1523 1857 1576 contra
1886 1513 2041 1576 fidei
2063 1514 2363 1577 inimicos
2380 1514 2651 1576 viriliter

1447 1610 1945 1683 pugnaverunt:
1970 1601 2248 1665 feliciter
2268 1603 2353 1666 ad
2376 1620 2651 1664 coronas

1450 1697 1890 1770 pervenerunt
1913 1711 1926 1753 :
1960 1690 2094 1771 Qui
2112 1710 2272 1771 ergo
2292 1700 2431 1753 tam
2454 1689 2652 1753 intre-

1451 1777 1591 1859 pidi
1652 1778 1739 1839 ad
1800 1786 2133 1840 certamen
2194 1787 2650 1841 accesserunt:

1450 1866 1622 1928 sicut
1683 1864 1770 1928 ab
1819 1885 2044 1928 amore
2103 1867 2335 1929 mundi
2372 1886 2653 1930 recesse-

1453 1962 1645 2017 runt:
1694 1954 1787 2015 ita
1816 1954 1902 2017 ad
1957 1974 2252 2017 amorem
2296 1954 2403 2017 dei
2436 1973 2655 2018 acces-

1453 2051 1694 2103 serunt.
1741 2041 1859 2104 Re.
1920 2041 2287 2123 Absterget
2317 2042 2481 2105 deus
2512 2062 2654 2105 om-

1454 2148 1607 2191 nem
1641 2128 2051 2210 lachrymam
2078 2131 2163 2193 ab
2194 2130 2401 2193 oculis
2425 2150 2655 2193 eorum

1453 2226 1520 2279 et
1561 2218 1705 2297 jam
1748 2237 1882 2279 non
1936 2218 2059 2281 erit
2104 2218 2391 2300 amplius
2440 2238 2657 2299 neque

1453 2304 1670 2367 luctus
1688 2324 1903 2386 neque
1928 2306 2177 2369 clamor
2200 2306 2317 2369 sed
2343 2326 2463 2369 nec
2484 2306 2655 2369 ullus

1451 2392 1660 2455 dolor.
1741 2392 2080 2475 Quoniam
2118 2394 2337 2475 priora
2380 2396 2659 2457 transie-

1453 2489 1623 2543 runt.
1703 2497 1749 2566 y
1834 2481 1989 2544 Non
2072 2482 2361 2544 esurient
2438 2502 2657 2563 neque

1453 2568 1681 2631 sitient
1698 2569 1983 2651 amplius
2004 2578 2072 2632 et
2092 2590 2225 2631 non
2246 2570 2441 2633 cadet
2460 2590 2659 2652 super

1454 2656 1603 2719 illos
1627 2656 1725 2719 sol
1752 2677 1965 2739 neque
1987 2657 2157 2721 ullus
2178 2668 2375 2721 estus,
2468 2656 2657 2740 Quo·

1455 2745 1636 2807 niam
1670 2746 1901 2826 priora.
2340 2746 2555 2809 Lectio
2586 2746 2653 2828 ij.

1454 2834 1723 2963 Ecce
1782 2833 1959 2896 enim
2043 2833 2256 2896 sancti
2333 2844 2656 2915 martyres

1609 2921 1779 2982 inter
1826 2930 2092 2983 sanctos
2146 2921 2493 2985 exultant:
2540 2942 2656 2984 an-

1455 3007 1685 3089 gelos:
1762 3009 1921 3088 quia
1981 3007 2263 3071 libenter
2321 3017 2658 3072 tormenta

1455 3094 1869 3177 pertulerunt
1913 3096 2085 3158 inter
2125 3096 2468 3178 pessimos
2566 3097 2657 3160 Et

1455 3182 1746 3265 gloriosa
1807 3191 2076 3265 portant
2135 3182 2300 3245 lucis
2358 3184 2657 3247 diadem-

1457 3279 1571 3335 ata
1598 3292 1613 3335 ε
1663 3271 1822 3352 quia
1851 3290 1972 3353 pro
2004 3270 2271 3335 Christo
2292 3273 2657 3337 certamina

1455 3358 1913 3422 sustinuerunt
1944 3359 2277 3423 immania.
2340 3360 2455 3423 Re.
2510 3360 2653 3423 Viri

1455 3447 1668 3510 sancti
1706 3446 2066 3528 gloriosum
2110 3447 2503 3530 sanguinem
2554 3448 2656 3511 su·-

1455 3536 1696 3598 derunt
1746 3554 1868 3617 pro
1927 3536 2204 3600 domino
2264 3544 2657 3601 amaverunt

1459 3622 1795 3688 Christum
1821 3624 1888 3685 in
1919 3624 2057 3687 vita
2087 3644 2207 3687 sua
2231 3624 2471 3687 imitati
2503 3632 2659 3687 sunt

1456 3732 1609 3775 eum
1644 3712 1711 3774 in
1744 3719 1957 3774 morte
1988 3732 2123 3774 sua.
2212 3711 2303 3776 Et
2348 3711 2500 3774 ideo
2549 3731 2658 3774 co-

1458 3819 1652 3862 ronas
1685 3798 2117 3880 triumphales
2165 3808 2563 3863 meruerunt.
2609 3816 2657 3884 γ

1461 3887 1657 3952 Unus
1706 3887 1976 3968 spiritus
2018 3895 2085 3950 et
2138 3906 2273 3951 una
2321 3886 2485 3951 fides
2516 3896 2660 3950 erat

1458 3974 1526 4038 in
1559 3975 1670 4037 eis,
1765 3975 1856 4038 Et
1888 3976 2055 4038 ideo,
2321 3975 2537 4037 Lectio
2561 3974 2657 4057 iij.

1469 4061 2121 4229 Quotienscunque
2187 4062 2421 4127 fratres
2501 4063 2657 4126 cha-

1596 4150 1833 4214 rissimi
1865 4161 2245 4214 sanctorum
2288 4160 2657 4233 martyrum

1461 4238 1763 4302 solennia
1822 4239 2278 4303 celebramus:
2353 4240 2447 4302 ita
2500 4240 2661 4321 ipsis

1960 4388 1981 4418 ·
2020 4386 2171 4449 ‘pro’
2194 4386 2330 4438 add:
2368 4387 2420 4438 S.

1961 4454 1983 4484 ⁸
2016 4453 2293 4517 plantavit:
2330 4453 2390 4501 E.
