3117 4959
99 4627 104 4684 l

101 4687 104 4752 ἰ

670 279 771 333 ΙΝ
815 277 1082 334 FESTO
1132 279 1195 333 S.
1247 276 1607 333 AGATHE
1666 269 2044 334 VIRGINIS.

661 387 797 443 187

144 493 201 558 ln
249 493 419 558 diem
480 511 521 557 a
590 492 877 558 tenebris
946 491 1142 575 hujus
1218 511 1321 556 se-

143 582 260 646 culi
334 591 399 645 et
479 579 809 644 laboribus
876 582 1157 646 mundi:
1230 580 1318 643 ad

142 690 351 736 veram
406 669 615 732 lucem
670 670 1099 752 requiemque
1149 677 1318 732 eter-

1924 387 2066 443 188

1520 515 1561 556 n
1615 492 1842 558 Sicilia
1891 492 2054 556 urbe
2113 491 2618 556 cathanensium

1516 582 1645 645 sub
1694 583 1886 646 decio
1938 582 2375 663 imperatore:
2431 582 2625 662 quin-

1420 671 1682 734 tianus³
1705 669 2054 752 proconsul
2091 670 2313 734 Sicilie
2345 669 2622 732 audiens

143 778 286 822 nam
334 758 679 838 migravit:
733 757 1061 838 gloriosus
1108 777 1317 820 senex
1420 759 1805 840 opinionem
1866 757 2138 839 virginis
2204 758 2334 819 deo
2403 758 2622 820 dicate

145 855 205 908 et
234 845 459 927 plenus
502 845 753 908 dierum
800 844 1219 909 habitaturus
1251 845 1318 908 in
1422 846 1709 928 agathe:
1758 845 2218 927 multipharia⁴
2251 845 2620 908 intentione

144 934 333 998 domo
362 933 466 995 dei
498 942 567 996 et
597 934 797 996 deum
834 933 1221 996 laudaturus
1252 935 1321 996 in

144 1021 367 1085 secula.
440 1021 654 1086 Cetera
678 1021 757 1084 de
774 1021 1105 1084 communi
1125 1021 1325 1084 unius

141 1109 499 1190 confessoris·
528 1131 653 1172 non
666 1109 1013 1192 pontificzk.

148 1202 205 1275 ‘l'
237 1196 465 1260 Sancte
491 1198 728 1279 agathe
746 1197 1034 1280 virginis
1060 1207 1124 1261 et
1150 1217 1327 1262 mar-

144 1286 309 1366 tyris.
394 1285 517 1348 Ad
556 1297 847 1367 vesperas
887 1286 1231 1368 antiphone
1269 1295 1332 1349 et

138 1373 370 1455 psalmi
377 1373 671 1453 feriales.
724 1374 871 1456 Cap.
922 1374 1055 1457 Qui
1086 1375 1329 1456 gloria-

145 1471 257 1526 tur.
316 1461 427 1524 Re.
490 1461 735 1524 Vidisti
760 1463 1049 1526 domine.
1116 1463 1331 1542 Hym-

148 1571 275 1612 nus.
334 1550 627 1631 Virginis
654 1550 889 1632 proles,
954 1568 1001 1637 y
1049 1551 1331 1616 Diffusa.

144 1638 223 1701 In
262 1639 583 1720 evangelio
627 1647 734 1702 ari.
821 1639 1101 1720 Agatha
1154 1639 1333 1702 letis-

146 1726 299 1792 sime
328 1735 394 1789 et
424 1725 792 1808 glorianter
820 1727 963 1790 ibat
996 1729 1081 1791 ad
1114 1747 1335 1791 carce-

146 1834 312 1878 rem:
357 1824 423 1877 et
455 1815 648 1896 quasi
681 1815 764 1877 ad
792 1816 1023 1897 epulas
1055 1817 1337 1880 invitata

148 1923 417 1983 agonem
463 1923 663 1966 suum
709 1904 987 1968 domino
1031 1904 1337 1986 precibus

149 1991 676 2057 commendabat.
752 2002 850 2074 pff.
928 1992 1337 2074 Magnificat.

147 2083 403 2212 Deus
434 2081 549 2161 qui
591 2080 765 2144 inter
807 2089 1027 2144 cetera
1060 2079 1339 2164 [Gratia.

290 2169 593 2250 potentie
625 2177 739 2231 tue
772 2168 1089 2232 miracula
1134 2169 1336 2231 etiam

148 2256 209 2320 in
238 2277 400 2318 sexu
424 2255 648 2339 fragili
670 2257 1015 2321 victoriam
1042 2256 1341 2337 martyrii

148 2343 515 2409 contulisti:
596 2346 889 2409 concede
971 2347 1341 2432 propitius:

147 2442 217 2497 ut
270 2432 457 2514 cujus
518 2433 833 2497 natalicia
894 2433 1173 2498 colimus
1226 2453 1345 2516 per

148 2520 281 2602 ejus
320 2522 403 2585 ad
452 2531 525 2585 te
572 2522 889 2604 exempla
941 2522 1340 2605 gradiamur.

148 2630 257 2691 per
277 2608 651 2674 dominum.
726 2615 789 2688 (s
834 2610 959 2674 Ad
982 2610 1345 2674 matutinas

148 2697 379 2762 Invita.
474 2697 818 2763 Christum
855 2719 1086 2780 regum
1118 2717 1341 2780 regem

150 2787 512 2852 adoremus,
578 2786 714 2869 Qui
738 2787 987 2850 victrici
1007 2785 1344 2868 triumpho

151 2885 439 2938 sanctam
488 2874 783 2956 agathen
818 2875 1016 2938 hodie
1047 2884 1344 2938 eternam

152 2964 513 3026 transvexit
539 2964 623 3025 ad
648 2963 947 3044 gloriam.
1022 2971 1125 3044 pf.
1213 2962 1347 3025 Ve-

152 3053 292 3114 nite.
384 3051 721 3132 Hymnus.
788 3051 1081 3132 Virginis
1116 3051 1348 3133 proleS.

153 3137 230 3201 In
265 3139 492 3219 primo
546 3148 701 3203 noct.
750 3148 855 3202 aii.
948 3140 1146 3202 Mens
1200 3157 1353 3201 mea

153 3227 431 3291 solidata
474 3237 625 3293 est:
671 3235 739 3290 et
787 3229 855 3290 in
908 3227 1175 3292 Christo
1207 3226 1355 3289 sun-

154 3315 320 3379 data.
426 3325 536 3397 pf.
662 3316 953 3379 Domine
1042 3316 1355 3379 dominus

154 3413 387 3468 noster.
498 3403 567 3466 A
581 3411 641 3466 ᾗ.
738 3405 1039 3486 Ingenua
1085 3423 1232 3467 sum
1289 3411 1358 3466 et

157 3491 631 3574 expectabilis¹
684 3512 967 3574 genere:
1014 3501 1089 3554 ut
1142 3491 1361 3555 omnis

157 3581 495 3662 parentela
518 3599 671 3642 mea
692 3589 991 3644 testatur.
1040 3588 1139 3662 pi
1216 3578 1361 3644 Celi

157 3679 481 3733 enarrant.
594 3677 699 3732 αῆ.
807 3669 895 3732 Et
956 3668 1011 3731 si
1073 3668 1365 3750 ingenua

158 3775 261 3820 es:
307 3778 425 3821 cur
457 3766 529 3819 te
562 3757 865 3819 ostendis
889 3756 1194 3820 servilem
1218 3777 1366 3837 per-

156 3865 383 3908 sonam
412 3846 435 3907 ?
461 3845 625 3928 quia
654 3845 897 3909 Christi
924 3844 1163 3907 ancilla
1182 3864 1364 3909 sum:

158 3933 303 3997 ideo
334 3955 447 3996 me
481 3934 772 3997 ostendo
801 3932 1107 3996 servilem
1140 3953 1368 4014 perso-

158 4041 323 4086 nam.
405 4030 514 4103 pi.
604 4022 881 4086 Domini
914 4030 1017 4085 est
1048 4030 1239 4084 terra.
1319 4037 1366 4106 y

160 4109 467 4174 Diffusa?
1073 4109 1289 4173 Lectio
1300 4110 1363 4191 j.

252 4233 267 4262 ¹
302 4247 365 4282 ex
390 4229 693 4296 spectabili:
729 4231 791 4280 G.

250 4299 271 4329 ²
310 4303 417 4346 ‘est
432 4297 596 4361 gratia
616 4298 666 4346 in
682 4297 949 4348 labiistuis.
972 4297 1057 4346 Re.
1092 4297 1371 4361 Propterea’

95 4357 97 4453 ἐ
159 4363 289 4413 add:
326 4364 394 4413 G.

251 4433 271 4460 ³
304 4430 629 4494 quincianus:
662 4429 715 4479 S.

256 4499 275 4526 ⁴
310 4495 585 4544 multifaria
614 4515 625 4544 :
662 4496 728 4546 G.

292 4577 463 4631 voL.
516 4578 589 4627 11.

1427 934 1850 1018 perquirebat
1911 954 2126 998 eam.-
2189 932 2413 1014 Quam
2469 953 2620 996 cum

1426 1021 1916 1106 apparitoribus
1962 1023 2098 1085 suis
2135 1021 2397 1084 fecisset
2442 1042 2628 1083 coar-

1427 1112 1594 1175 tari:
1642 1112 1830 1175 dedit
1853 1130 2002 1173 earn
2023 1110 2287 1175 cuidam
2321 1119 2628 1172 matrone

1428 1201 1700 1263 nomine
1741 1199 2110 1262 afrodosie:
2158 1219 2288 1281 que
2333 1199 2628 1262 habebat

1428 1309 1672 1351 novem
1724 1287 1895 1350 filias
1942 1288 2396 1368 turpissimas:
2458 1287 2628 1350 sicut

1431 1386 1577 1440 erat
1607 1385 1676 1438 et
1707 1386 1938 1441 mater.
2013 1376 2130 1438 Re.
2208 1375 2380 1439 Cum
2416 1375 2630 1456 ingre-

1431 1465 1700 1528 deretur
1753 1464 1952 1527 beata
2000 1462 2246 1544 agatha
2299 1464 2366 1526 in
2416 1481 2633 1524 carce·

1433 1574 1613 1616 rem:
1660 1551 1838 1615 dixit
1883 1554 1968 1615 ad
2011 1551 2320 1632 judicem.
2418 1551 2632 1632 Impie

1434 1639 1720 1704 crudelis
1753 1650 1820 1704 et
1851 1641 1992 1702 dire
2042 1649 2327 1720 tyranne
2377 1658 2512 1702 non
2561 1657 2634 1700 es

1438 1728 1752 1796 confusus
1813 1737 2161 1810 amputare
2223 1728 2288 1790 in
2344 1725 2632 1790 semina:

1438 1817 1621 1900 quod
1675 1817 1818 1898 ipse
1863 1818 1930 1878 in
1977 1825 2191 1879 matre
2236 1816 2494 1879 suxisti.
2584 1829 2635 1899 γ

1440 1906 1594 1988 Ego
1639 1905 1855 1967 enim⁵
1899 1903 2118 1968 habeo
2164 1903 2493 1967 mamillas
2537 1903 2637 1964 in-

1438 2009 1662 2076 tegras
1695 1994 1871 2056 intus
1892 1993 1958 2055 in
1979 1994 2202 2055 anima
2234 2011 2422 2056 mea:
2469 2011 2638 2072 quas

1440 2083 1718 2146 domino
1735 2081 2132 2145 consecravi.
2182 2080 2415 2161 Impie.
2469 2079 2548 2143 L.
2569 2079 2638 2162 ᾔ.

1442 2171 1710 2303 Hoc
1755 2178 1979 2233 autem
2011 2168 2168 2232 fecit
2213 2169 2642 2250 quintianus:

1633 2257 1742 2321 ut⁶
1789 2278 1908 2339 per
1954 2257 2098 2321 dies
2149 2257 2424 2338 triginta
2477 2276 2643 2338 quo·

1442 2347 1608 2411 tidie
1639 2345 2134 2410 blandirentur:
2179 2354 2248 2408 et
2269 2342 2642 2407 mutarent⁷

1445 2436 1742 2498 animum
1775 2434 1933 2515 ejus,
2028 2433 2118 2496 Et
2139 2434 2344 2495 modo
2366 2433 2644 2514 promit-

1444 2521 1824 2587 tendoleta:
1851 2521 2052 2586 modo
2073 2522 2434 2603 ingerendo
2455 2541 2644 2602 aspe-

1446 2633 1557 2675 ra:
1590 2609 1900 2692 sperabat
1919 2631 1989 2673 se
2015 2619 2309 2672 mentem
2342 2616 2642 2672 sanctam

1444 2721 1484 2762 a
1518 2699 1696 2763 bono
1720 2698 2060 2781 proposito
2083 2718 2404 2762 revocare.
2482 2695 2646 2778 Qui·

1446 2788 1574 2853 bus
1605 2795 1836 2850 sancta
1869 2786 2118 2867 agatha
2162 2785 2428 2848 dicebat
2462 2803 2649 2847 mens

1451 2895 1602 2938 mea
1651 2875 1938 2937 solidata
1991 2883 2132 2938 est:
2181 2873 2344 2936 etin
2382 2871 2650 2936 Christo

1450 2963 1748 3027 fundata.
1832 2962 1946 3026 Re.
2035 2961 2282 3026 Vidisti
2336 2961 2650 3026 domine:

1453 3062 1521 3115 et
1583 3051 1958 3133 expectasti
2033 3069 2318 3130 agonem
2389 3067 2654 3110 meum:

1454 3140 1798 3222 quomodo
1823 3139 2113 3220 pugnavi
2137 3138 2201 3199 in
2228 3138 2488 3201 stadio:
2535 3136 2654 3198 sed

1457 3229 1616 3312 quia
1692 3226 1873 3289 nolui
1958 3226 2228 3291 obedire
2321 3226 2656 3288 mandatis

1458 3316 1852 3399 principum.
1941 3315 2139 3396 Jussa
2162 3335 2309 3377 sum
2344 3314 2408 3376 in
2445 3333 2656 3377 mam-

1463 3404 1679 3467 millas
1698 3404 2007 3485 torqueri.
2098 3420 2145 3489 y
2193 3402 2470 3485 Propter
2492 3403 2658 3466 veri-

1463 3502 1674 3556 tatem
1707 3502 1774 3555 et
1807 3492 2384 3556 mansuetudinem
2418 3501 2487 3553 et
2521 3491 2663 3573 jus-

1464 3579 1732 3644 titiam.⁸
1818 3580 2032 3661 Jussa.
2318 3579 2532 3642 Lectio
2561 3579 2662 3660 iij.

1484 3671 1622 3800 V
1636 3669 1825 3731 idens
1857 3677 2080 3731 autem
2115 3667 2447 3731 afrodosia
2479 3678 2664 3729 men-

1635 3765 1772 3819 tem
1807 3766 2033 3819 sancte
2064 3756 2334 3837 virginis
2361 3777 2399 3817 a
2430 3764 2665 3818 sancto

1468 3845 1812 3927 proposito
1846 3865 1978 3908 non
2021 3865 2218 3926 posse
2261 3845 2666 3926 permutari:

1469 3935 1635 3996 abiit
1657 3934 1740 3996 ad
1769 3934 2188 4015 quintianum
2220 3954 2234 3995 :
2281 3941 2349 3994 et
2379 3932 2555 3993 dixit
2589 3933 2668 3998 ei.

1472 4021 1762 4085 Facilius
1823 4031 2096 4104 possent
2155 4041 2326 4083 saxa
2381 4020 2666 4090 molliri:

1472 4120 1539 4174 et
1573 4112 1816 4172 serrum
1850 4110 1914 4172 in
1950 4110 2297 4191 plumbum
2331 4109 2622 4171 converti
2655 4133 2672 4177 :

1573 4233 1594 4262 ⁸
1629 4247 1719 4295 pro
1749 4231 1941 4279 ‘enim'
1967 4247 2104 4280 non:
2140 4231 2193 4282 S.

1574 4299 1596 4328 ⁸
1637 4297 1910 4346 ‘ei'add:
1945 4297 2008 4346 G.

1580 4367 1597 4392 ²
1634 4373 1886 4412 mutaret:
1923 4362 1972 4411 S.

1581 4433 1602 4460 ⁸
1641 4434 1722 4478 ‘et
1740 4428 2012 4492 justitiam'
2037 4445 2135 4477 om.
2169 4447 2181 4477 :
2219 4429 2270 4480 S.
