3117 4959
1497 241 1546 299 C
1544 242 1748 299 OMM
1750 241 1924 299 UNE

1005 351 1079 405 71

465 455 988 520 dormitaverunt
1067 475 1298 520 omnes
1375 464 1442 519 et
1518 454 1669 518 dor-

468 548 770 609 mierunt.
849 553 948 627 ps.
1039 544 1314 607 Domini
1345 553 1446 607 est
1477 552 1668 607 terra.

467 651 514 719 γ
565 632 946 697 Offerentur
975 633 1128 713 regi.
1375 632 1594 694 Lectio
1604 652 1666 713 J

467 721 784 851 Invitat
863 718 1258 801 integritatis
1333 739 1524 782 amor
1592 729 1666 782 ut

575 808 823 889 aliquid
892 808 978 870 de
1044 807 1420 889 virginitate
1487 806 1669 869 dica-

467 916 659 959 mus:
709 916 792 958 ne
821 894 1024 958 veluti
1047 896 1324 959 transitu
1350 894 1663 977 quedam¹

467 985 816 1065 prestricta
861 983 1200 1047 videatur:
1247 1003 1379 1065 que
1426 981 1665 1064 princi-

465 1070 634 1153 palis
665 1080 768 1135 est
795 1070 1020 1135 virtus.
1114 1072 1270 1134 Non
1301 1070 1480 1133 enim
1510 1070 1665 1132 ideo

464 1157 817 1222 laudabilis
864 1167 964 1221 est
1012 1159 1352 1240 virginitas
1397 1159 1555 1240 quia
1598 1167 1665 1222 et

463 1246 532 1309 in
611 1246 1013 1328 martyribus
1101 1246 1419 1328 reperitur
1453 1266 1468 1309 :
1545 1247 1664 1308 sed

464 1333 622 1415 quia
670 1336 816 1416 ipsa
869 1343 1194 1415 martyres
1239 1334 1456 1397 faciat.
1543 1333 1662 1397 Re.

461 1422 861 1485 Venerande
891 1422 1050 1484 estis
1073 1422 1358 1503 virgines
1388 1431 1659 1485 sancte:

461 1529 592 1591 que
641 1510 856 1573 carnis
902 1510 1244 1573 desideriis
1291 1510 1659 1573 restitistis:

460 1608 526 1661 et
576 1599 641 1660 in
695 1599 854 1679 Jesu
906 1597 1153 1663 Christi
1201 1598 1468 1661 servitio
1507 1618 1658 1679 per-

459 1686 809 1749 mansistis
933 1686 1164 1768 Ipsum
1227 1694 1505 1767 rogate:
1582 1694 1659 1749 ut

456 1774 650 1837 nobis
681 1773 1011 1856 propicius
1055 1794 1200 1837 esse
1247 1773 1559 1856 dignetur
1590 1774 1656 1835 in

455 1860 584 1927 hoc
637 1862 862 1925 seculo
910 1870 1113 1943 atque
1157 1862 1223 1923 in
1279 1860 1518 1926 futuro,
1608 1878 1655 1946 γ

456 1949 664 2012 Beate
697 1950 854 2012 estis
884 1948 1169 2031 virgines
1205 1959 1477 2013 sancte:
1523 1968 1656 2029 que

451 2038 717 2118 gaudiis
750 2035 1101 2101 celestibus
1147 2038 1477 2099 meruistis
1509 2056 1655 2119 per-

455 2124 596 2187 frui.
693 2125 944 2205 Ipsum.
1339 2122 1554 2187 Lectio
1586 2125 1653 2206 ij.

594 2232 690 2274 uis
720 2220 946 2275 autem
993 2210 1287 2275 humano
1322 2232 1470 2275 eam
1503 2232 1656 2294 pos

463 2211 748 2379 Qsit'
730 2300 998 2381 ingenio
1051 2300 1655 2381 comprehendere:

451 2408 657 2469 quam
719 2408 839 2451 nec
901 2396 1136 2450 natura
1195 2388 1328 2451 suis
1389 2387 1656 2451 inclusit

455 2475 759 2556 legibus?
848 2476 992 2538 Aut
1023 2476 1172 2557 quis
1191 2477 1470 2539 naturali
1492 2495 1654 2540 voce

455 2562 810 2645 complecti
847 2585 862 2627 ε
938 2565 1116 2645 quod
1195 2584 1394 2645 supra
1461 2584 1653 2627 usum

452 2660 688 2714 nature
727 2651 812 2714 sit
841 2650 864 2713 ?
957 2650 1054 2713 E²
1089 2650 1232 2714 celo
1265 2653 1608 2715 accersivit
1638 2672 1652 2715 :

455 2738 634 2820 quod
691 2738 1059 2801 imitaretur
1105 2740 1170 2801 in
1217 2741 1424 2805 terriS.
1534 2739 1651 2804 Re.

456 2826 771 2909 Quinque
825 2826 1180 2908 prudentes
1227 2826 1655 2909 Acceperunt

452 2914 674 2977 oleum
709 2916 774 2977 in
805 2916 979 2978 vasis
1024 2916 1158 2979 suis
1204 2936 1355 2978 curn
1400 2916 1655 2997 lampa-

454 3002 688 3068 dibus:
751 3021 800 3088 γ
867 3004 966 3069 Ut
1024 3013 1254 3085 parate
1308 3004 1655 3067 introirent

453 3111 604 3154 cum
637 3111 883 3173 sponso
929 3091 1014 3154 ad
1063 3093 1345 3175 nuptiaS.
1436 3093 1654 3156 Acce-

451 3188 708 3262 perunt.
1311 3181 1524 3244 Lectio
1555 3181 1654 3262 iij.

635 3286 708 3330 ec
785 3267 1116 3329 immerito
1188 3267 1452 3331 vivendi
1528 3269 1654 3332 sibi

637 3374 830 3416 usum
885 3356 1166 3436 quesivit
1211 3376 1248 3418 e
1289 3356 1475 3421 celo:
1523 3377 1655 3438 que

453 3461 772 3523 sponsum
848 3442 974 3504 sibi
1049 3443 1299 3505 invenit
1358 3446 1426 3505 in
1494 3444 1653 3509 celo,

458 3529 606 3592 Hec
641 3529 850 3593 nubes
892 3549 1044 3592 aera
1087 3530 1362 3611 angelos
1393 3532 1656 3613 sydera-

453 3638 584 3699 que
614 3617 1102 3698 transgrediens
1142 3619 1414 3682 verbum
1448 3620 1556 3682 dei
1590 3621 1655 3683 in

453 3707 600 3787 ipso
631 3707 778 3768 sinu
819 3706 1070 3768 invenit
1115 3707 1364 3787 patris:
1411 3717 1480 3770 et
1510 3717 1655 3772 toto

454 3795 676 3857 hausit
737 3803 1020 3874 pectore.
1131 3794 1246 3858 Re.
1349 3795 1657 3859 Feliciter

451 3883 740 3963 virgines
771 3882 1044 3944 vincunt
1069 3884 1412 3947 mundum.
1504 3884 1655 3966 Que

453 3982 608 4052 post
639 3970 980 4032 victoriam
1023 3972 1195 4033 vinci
1228 3991 1359 4035 non
1393 3981 1653 4036 norunt.

457 4076 499 4144 y
553 4060 757 4121 Beate
811 4059 896 4121 de
946 4058 1153 4139 prelio
1202 4060 1524 4123 redeunt:
1586 4070 1655 4125 et

453 4148 717 4210 hostem
780 4147 1077 4210 victrices
1133 4149 1478 4213 moriendo
1537 4149 1655 4213 de-

685 4310 707 4405 ;
736 4308 954 4401 quodam
978 4324 989 4358 :
1025 4308 1292 4359 R.E.G.S.

685 4442 706 4469 ⁸
747 4375 824 4489 ἐξ
849 4390 1013 4489 ’13113ὲὲ
1038 4374 1165 4490 ξηιὸε
1201 4442 1252 4491 S.

1768 454 2059 521 vincunt.
2174 344 2697 538 Ωιιε.72(;1οι·ἰει.
2800 450 2961 537 Que.

1768 543 1855 605 In
1885 544 1955 625 ij.
1986 552 2290 607 noctumo
2318 564 2425 607 an.
2512 542 2743 605 Media
2772 553 2961 605 nocte

1768 631 2021 695 clamor
2049 632 2263 695 sactus
2300 640 2439 695 est:
2483 650 2637 693 ecce
2684 650 2960 711 sponsus

1761 720 1946 782 venit
1968 720 2151 783 exite
2174 720 2439 783 obviam
2464 719 2541 781 ei.
2593 728 2695 800 ps.
2762 718 2961 780 Eruc-

1765 807 1947 871 tavit.
2054 808 2192 871 An.
2296 807 2488 870 Tunc
2536 814 2960 869 surrexerunt

1764 914 1999 958 omnes
2027 895 2313 977 virgines
2338 894 2449 958 ille
2472 904 2540 956 et
2563 902 2959 957 ornaverunt

1764 981 2109 1063 lampades
2184 1002 2387 1047 suas:
2462 982 2646 1045 fatue
2738 990 2957 1044 autem

1764 1071 2177 1152 sapientibus
2193 1072 2545 1133 dixerunt:
2593 1070 2751 1131 date
2778 1070 2963 1132 nobis

1764 1158 1849 1221 de
1904 1158 2055 1221 oleo
2106 1168 2371 1222 vestro:
2416 1157 2575 1239 quia
2621 1158 2961 1239 lampades

1766 1255 1989 1309 nostre
2037 1247 2536 1327 extinguuntur.
2597 1254 2701 1327 pff.
2784 1245 2961 1307 Deus

1764 1342 1989 1397 noster
2020 1334 2359 1416 refugium.
2436 1334 2569 1397 An.
2661 1332 2960 1415 Respon-

1762 1421 2002 1485 derunt
2060 1423 2418 1504 prudentes
2470 1421 2813 1484 dicentes:
2881 1441 2959 1483 ne

1760 1508 1931 1573 forte
2020 1529 2153 1573 non
2244 1508 2525 1572 sufficiat
2615 1507 2813 1571 nobis
2896 1520 2959 1572 et

1760 1598 2021 1660 vobis³·
2008 1647 2021 1661 .
2070 1599 2160 1661 ite
2198 1598 2421 1679 potius
2462 1596 2545 1659 ad
2592 1595 2958 1660 vendentes

1759 1693 1827 1748 et
1902 1685 2101 1748 emite
2174 1684 2380 1749 vobis,
2477 1692 2579 1766 ps‘z
2692 1684 2961 1747 Funda-

1759 1782 2000 1836 menta.
2123 1791 2172 1858 y
2248 1773 2611 1836 Prudentes
2671 1771 2961 1854 virgines

1758 1869 1985 1942 aptate
2028 1860 2372 1943 lampades
2419 1870 2689 1924 vestras,
2786 1860 2961 1923 Ecce
3079 1858 3089 1939 ζ

1757 1968 2040 2031 sponsus
2069 1952 2293 2013 venit:
2343 1948 2549 2012 Exite
2578 1948 2854 2011 obviam
2885 1949 2960 2013 ei.

1768 2036 1995 2202 Quis
2040 2046 2300 2100 tantum
2327 2038 2523 2101 cum⁴
2558 2035 2810 2119 [Lectio
2843 2036 2961 2119 iiij.

1892 2126 2214 2189 invenerit
2316 2125 2645 2207 relinquat
2744 2124 2963 2189 boni?

1761 2212 2197 2294 Unguentum
2282 2215 2458 2276 enim
2535 2212 2959 2276 exinanitum

1754 2308 1858 2363 est
1940 2320 2183 2363 nomen
2274 2310 2516 2365 tuum:
2606 2311 2961 2383 propterea

1756 2387 2248 2452 adolescentule
2324 2388 2705 2451 dilexerunt
2765 2398 2838 2451 te
2898 2397 2962 2452 et

1756 2485 2176 2541 attraxerunt
2225 2478 2337 2540 te.⁵
2427 2478 2777 2540 Postremo
2830 2496 2961 2539 non

1758 2584 1980 2627 meum
2042 2575 2149 2627 est
2194 2564 2404 2628 illud:
2460 2566 2785 2646 quoniam
2850 2564 2963 2646 qui

1756 2671 1889 2716 non
1962 2653 2214 2715 nubent
2290 2672 2507 2734 neque
2582 2652 2963 2715 nubentur:

1756 2748 1950 2803 erunt
1996 2741 2167 2803 sicut
2206 2741 2425 2823 angeli
2472 2740 2539 2803 in
2586 2740 2753 2803 celo,
2847 2740 2963 2803 Re.

1759 2828 2139 2892 Offerentur
2195 2830 2352 2911 regi.
2460 2844 2509 2915 y
2574 2828 2965 2891 Prudentes,

1763 2915 1971 2995 Quere
2040 2926 2193 2999 post
2268 2926 2562 2981 octavam
2634 2915 2967 2980 lectionem

1757 3004 1955 3067 unius
1984 3004 2285 3086 virginit
2651 3004 2877 3067 Lectio
2906 3024 2965 3067 v.

1754 3094 2090 3225 Nemo
2110 3113 2270 3175 ergo
2290 3092 2592 3157 miretur:
2624 3092 2679 3155 si
2706 3090 2969 3174 angelis

1940 3190 2449 3262 comparentur:
2512 3200 2645 3262 que
2694 3180 2971 3262 angelo-

1756 3288 1902 3330 rum
1952 3269 2225 3331 domino
2278 3269 2685 3351 copulantur.
2797 3268 2973 3351 Quis

1759 3356 1959 3437 igitur
1989 3366 2187 3437 neget
2228 3356 2399 3419 hanc
2445 3358 2651 3419 vitam
2688 3354 2975 3419 fluxisse

1755 3446 1842 3507 de
1874 3445 2053 3509 celo:
2100 3464 2303 3527 quam
2335 3464 2469 3508 non
2494 3443 2685 3507 facile
2712 3444 2974 3507 inveni·

1759 3552 1907 3596 mus
1967 3535 2034 3595 in
2096 3534 2336 3597 terris-z
2413 3532 2537 3595 nisi
2598 3541 2972 3614 postquam

1758 3620 1923 3683 deus
1996 3622 2064 3683 in
2140 3621 2262 3685 hec
2343 3620 2583 3684 terreni
2667 3622 2976 3702 corporis

1758 3708 2057 3771 membra
2130 3709 2487 3772 descendit.
2620 3707 2823 3772 Tunc
2905 3707 2973 3771 in

1758 3806 1946 3860 utero
2004 3797 2192 3877 virgo
2252 3796 2603 3879 concepit:
2679 3806 2753 3859 et
2822 3817 2979 3859 ver-

1757 3885 1919 3948 bum
1941 3905 2094 3948 caro
2114 3886 2364 3949 factum
2387 3895 2488 3947 est
2518 3906 2531 3948 :
2564 3893 2639 3947 ut
2671 3904 2837 3947 caro
2858 3883 2977 3947 fie-

1758 3981 1856 4036 ret
1902 3974 2081 4036 deuS.
2173 3974 2288 4037 Re.
2377 3972 2611 4037 Simile
2660 3982 2766 4036 est
2820 3992 2979 4054 reg-

1756 4081 1915 4123 num
1960 4062 2250 4124 celorum
2316 4061 2549 4124 decern
2595 4060 2980 4143 virginibus

1755 4170 1885 4232 que
1931 4150 2333 4231 accipientes
2385 4149 2739 4232 lampades
2794 4170 2977 4214 suas,

1851 4313 1870 4341 ⁴
1904 4326 1996 4375 pro
2038 4314 2053 4338 ⁸
2069 4326 2183 4359 cum
2198 4310 2211 4334 ’
2255 4317 2529 4375 quantum:
2566 4310 2629 4361 G.

1851 4380 1871 4408 ⁸
1912 4376 2170 4426 ‘te’0m.:
2206 4376 2404 4426 E.G.S.

3032 0 3087 1759 ἲ

3082 1760 3090 2121 ῑ
