3117 4959
1258 250 1320 306 S.
1386 249 1650 306 TECLE
1709 249 2090 307 VIRGINIS.

966 361 1111 414 573

434 467 1073 601 Beatissimorum
1148 486 1310 529 vero
1393 473 1651 548 marty-

582 576 727 618 rum
804 575 1081 636 corpora
1155 564 1309 637 post
1386 556 1634 618 multos

437 643 762 727 passionis
808 663 1017 705 annos
1046 651 1279 706 sancto
1309 642 1636 707 theodoro

438 731 615 794 illius
677 730 805 794 loci
864 731 1179 812 episcopo
1242 730 1634 794 revelantur.

442 820 523 882 In
555 837 837 901 quorum
871 818 1121 882 honore
1166 839 1319 882 curn
1368 828 1635 882 extrue-

441 915 619 970 retur
677 905 1001 970 basilica:
1047 926 1179 988 que
1223 915 1414 970 vaste
1475 917 1634 970 tunc

440 995 757 1076 adjuncta
788 994 933 1075 rupi
966 1014 1100 1057 uno
1130 1003 1395 1059 tantum
1429 995 1636 1058 latere

438 1081 705 1146 acclivis
748 1081 1031 1163 jacebat.
1128 1082 1263 1148 Sed
1312 1103 1487 1145 nunc
1526 1083 1636 1164 ju-

437 1172 638 1234 bente
658 1170 992 1233 ambrosio
1015 1169 1139 1234 loci
1161 1170 1336 1234 illius
1356 1173 1634 1234 abbate:

438 1259 661 1321 denuo
706 1258 1013 1322 edificata
1060 1257 1328 1322 declivis
1361 1279 1505 1322 esse
1536 1259 1639 1321 di-

440 1347 769 1410 noscitur.¹
880 1347 1121 1428 Neque
1204 1348 1383 1410 enim
1461 1346 1639 1410 hoc²

438 1435 884 1499 omittendum
978 1443 1083 1497 est
1130 1453 1149 1500 t
1261 1435 1442 1517 quod
1519 1455 1640 1516 per

438 1522 711 1604 longum
761 1523 1081 1605 temporis
1127 1524 1425 1605 spacium
1458 1523 1636 1585 beati

437 1612 797 1675 innocentii
851 1611 1157 1692 martyris
1198 1611 1501 1674 membra
1531 1631 1638 1673 ro-

436 1700 653 1762 danus
684 1698 1013 1762 revelavit.
1103 1698 1261 1780 Jugi
1310 1701 1485 1761 enim
1536 1698 1636 1761 di-

438 1787 616 1850 luvio
657 1788 949 1851 vicinum
996 1788 1313 1868 cespitem
1356 1807 1636 1868 vergens

400 1875 745 1957 'religiosa
808 1874 1104 1957 quadam
1164 1875 1287 1938 soli
1347 1876 1639 1957 pernicie

437 1963 522 2026 ad
558 1962 997 2046 sepelturam³
1027 1963 1337 2044 martyris
1358 1962 1638 2026 famula-

436 2052 574 2114 trix
609 2049 789 2113 nuda
808 2049 835 2088 ⁴
866 2051 1182 2132 pervenit.
1296 2051 1511 2114 Lectio
1542 2051 1634 2114 ix.

441 2137 836 2270 prolatas
867 2157 1156 2219 namque
1203 2138 1513 2220 reliquias
1544 2139 1635 2201 le-

592 2226 763 2289 niter
793 2225 1095 2288 lambens
1126 2246 1261 2289 non
1293 2227 1446 2290 ideo
1491 2246 1565 2289 se
1597 2247 1637 2288 a

438 2320 679 2378 natura
708 2313 983 2398 protulit
1032 2323 1108 2377 ut
1156 2333 1308 2377 eum
1357 2315 1638 2397 gurgitis

439 2401 540 2464 sui
571 2400 861 2484 procella
890 2401 1303 2483 demergeret
1338 2423 1353 2466 :
1400 2403 1517 2465 sed
1548 2403 1638 2465 ob

438 2489 565 2552 hoc
626 2498 701 2551 ut
760 2488 1047 2571 gloriosa
1120 2491 1389 2553 devotio
1466 2492 1640 2554 intra

440 2577 766 2641 ambitum
814 2576 1083 2640 basilice
1126 2580 1359 2642 ceteris
1393 2588 1642 2660 marty-

440 2667 617 2728 ribus
649 2665 988 2747 sepultura
1018 2668 1381 2748 perciperet
1404 2667 1429 2704 ⁵
1474 2668 1641 2730 soci-

440 2755 552 2817 ari.
721 2754 928 2836 Cujus
1022 2755 1523 2818 translationem
1601 2775 1642 2817 a

442 2851 671 2906 sancte
732 2844 1208 2906 recordationis
1262 2844 1644 2906 domiciano

442 2930 760 3010 genuensi
811 2932 1123 3014 episcopo
1172 2940 1240 2993 et
1286 2941 1478 3012 grato
1524 2951 1644 2993 au—

443 3031 727 3100 gustane
801 3019 1024 3083 urbis:
1114 3018 1220 3081 vel
1298 3019 1643 3100 prothasio

443 3117 602 3171 tunc
633 3108 950 3190 temporis
984 3106 1157 3169 illius
1181 3107 1305 3170 loci
1330 3108 1643 3188 episcopo

442 3195 845 3260 celebratam
872 3194 1232 3259 recolentes
1253 3196 1644 3276 quotidiana

445 3283 800 3346 devotione
830 3292 897 3345 et
930 3282 1235 3346 laudibus
1267 3283 1646 3366 frequenta-

448 3391 635 3434 mus:
668 3391 785 3452 per
814 3390 966 3433 eum
999 3371 1111 3452 qui
1136 3371 1298 3434 vivit
1318 3379 1384 3434 et
1413 3379 1645 3452 regnat

447 3478 565 3540 per
638 3457 1006 3522 seculorum
1069 3458 1306 3522 secula.
1398 3469 1496 3540 ps'·.
1544 3459 1644 3521 Te

446 3547 666 3610 deum.
720 3545 1118 3632 yMirabilis
1149 3547 1330 3610 deus.
1386 3547 1469 3609 In
1501 3547 1646 3608 lau-

446 3635 810 3768 Sanctus
872 3635 1223 3698 mauricius
1274 3634 1487 3718 [dzbus
1536 3644 1644 3698 ar‘t.
1681 3673 1686 3678 ·

578 3722 909 3805 legionem
929 3733 1226 3786 sanctam
1249 3723 1644 3806 premovit⁶:

448 3820 523 3875 ut
552 3812 638 3875 ad
672 3810 943 3874 celestia
974 3831 1177 3894 regna
1215 3821 1647 3894 properarent

445 3900 681 3964 beatus
714 3900 1069 3981 exuperius
1102 3901 1290 3963 miles
1322 3900 1646 3964 candidus

448 3999 517 4052 et
546 3991 759 4052 victor
798 3989 1045 4069 junctis
1094 3989 1343 4051 meritis
1376 4009 1447 4050 se
1478 3988 1646 4049 soci-

448 4087 741 4141 averunt.
818 4086 917 4160 pf.
968 4078 1299 4139 Dominus
1331 4075 1648 4157 regnavit.

448 4168 581 4231 Ar‘i.
632 4168 883 4232 Sancta
944 4165 1118 4247 legio
1168 4164 1646 4247 agaunensium

451 4265 708 4338 martyr
735 4257 897 4318 dum
929 4256 1306 4318 resisterent
1339 4253 1648 4316 adversa·

519 4405 535 4435 ¹
569 4403 908 4492 dignoscitur·
942 4403 1012 4452 N.

1360 4401 1382 4431 ²
1416 4415 1506 4464 pro
1536 4403 1549 4427 ‘
1568 4400 1664 4449 hoc
1685 4399 1700 4423 ’
1721 4397 1930 4448 omnino
1951 4415 1964 4450 t
2003 4399 2064 4449 R.
2075 4399 2140 4450 N.

2261 361 2404 413 874-

1734 466 1848 528 riis
1879 487 2070 530 sacro
2101 466 2273 531 duce
2305 467 2631 530 mauricio
2663 467 2942 532 interve·
3058 467 3061 476 '

1737 555 1964 617 niente
1995 555 2521 619 immortalitatis
2555 558 2943 638 compendi-

1735 662 1850 704 um
1905 643 2371 725 acquisierunt.

1734 729 1867 792 Αῆ.
1949 730 2256 795 Preciosa
2313 741 2472 795 sunt
2548 733 2947 796 thebeorum

1735 828 2105 899 martyrum
2137 820 2412 884 vulnera
2449 821 2670 883 sancti
2707 823 2946 884 mauri-

1735 907 1818 969 cii
1849 925 1998 968 cum
2030 908 2222 970 sociis
2251 910 2386 971 suis
2417 910 2534 989 qui
2566 909 2701 971 sub
2735 909 2950 971 maxi-

1737 993 1966 1056 miano
2013 1005 2298 1058 mortem
2329 996 2784 1059 decreverunt
2811 1017 2950 1059 sus-

1738 1083 1970 1164 cipere.
2009 1092 2107 1163 pi.
2160 1084 2346 1147 Deus
2366 1085 2532 1147 deus
2555 1105 2774 1148 meuS.
2826 1087 2952 1149 Aa.

1741 1169 1918 1233 Ecce
1939 1169 2151 1234 sactus
2171 1181 2273 1234 est
2283 1191 2469 1235 sacer
2481 1171 2596 1235 ille
2607 1193 2955 1254 agaunen-

1739 1259 1912 1320 sium
1960 1258 2143 1321 locus
2172 1279 2293 1342 per
2321 1259 2647 1342 suffragia
2689 1269 2956 1324 sancto-

1739 1365 1886 1408 rum
1930 1345 2105 1408 salus
2139 1349 2546 1428 presentium
2583 1349 2954 1429 presidium

1741 1432 2127 1497 futurorum.
2189 1445 2290 1517 pf.
2341 1437 2761 1500 Benedicite.
2826 1438 2952 1499 Aa

1742 1521 2142 1585 Sanctorum
2186 1543 2542 1605 corporum
2579 1545 2783 1587 sacer
2811 1545 2956 1588 san-

1740 1609 1891 1690 guis
1923 1609 2138 1672 undas
2168 1611 2459 1692 perfudit
2491 1614 2955 1693 preciosorum

1743 1706 2107 1776 martyrum
2152 1700 2434 1762 societas
2481 1703 2957 1764 consecravit:

1740 1805 1873 1865 que
1904 1785 2066 1848 lavit
2100 1787 2390 1850 rodanus
2421 1788 2836 1851 inundando
2865 1809 2960 1850 re-

1738 1872 2040 1937 fundens,
2161 1883 2264 1955 pf.
2359 1875 2696 1939 Laudate.
2813 1876 2959 1958 Cap.

1745 1961 2013 2024 Reddet
2086 1962 2269 2025 deuS.
2384 1963 2709 2043 Hymnus
2807 1965 2960 2027 Rex

1739 2049 2040 2130 gloriose.
2127 2067 2172 2135 γ
2244 2050 2420 2131 Justi
2501 2061 2764 2116 autem.
2879 2053 2962 2114 In

1739 2157 1959 2218 evang.
1994 2146 2096 2200 αὴ.
2196 2138 2559 2220 Flagrabat
2605 2141 2674 2202 in
2711 2141 2964 2204 beatis-

1741 2225 1928 2287 simis
1989 2226 2393 2306 martyribus
2452 2227 2801 2308 gloriosus
2863 2250 2964 2291 ar·

1741 2313 1903 2374 dor:
1953 2315 2112 2394 quia
2164 2315 2475 2378 trucidati
2533 2315 2715 2379 ferro
2773 2317 2964 2380 collis

2481 653 2584 725 pr.
2631 645 2943 726 jubilate.
3049 621 3062 686 ⁴

1741 2401 2088 2464 submissis
2116 2422 2157 2464 a
2178 2403 2600 2466 maximiano
2619 2406 2964 2486 perempti
3059 2437 3061 2440 ⁴

1741 2497 1897 2551 sunt
1921 2511 1935 2552 :
1961 2509 2135 2571 quos
2163 2490 2524 2554 multitudo
2555 2493 2966 2574 angelorum

1743 2597 1896 2640 cum
1971 2577 2218 2658 gaudio
2291 2590 2756 2660 susceperunt.
2867 2589 2968 2662 pf.
3059 2631 3061 2634 Α

1747 2665 2166 2728 Benedictus,
2237 2667 2468 2729 Oratio
2513 2667 2798 2731 Annue.
2852 2668 2977 2731 Ad

1741 2753 1938 2836 horas
1965 2753 2310 2833 antiphone
2333 2755 2414 2817 de
2427 2755 2749 2832 laudibus
2777 2757 2974 2838 &pi-
3058 2827 3061 2848 i

1746 2841 1886 2903 tula
1938 2850 2001 2903 et
2042 2841 2476 2922 Responsoria
2529 2853 2607 2906 ut
2661 2845 2744 2907 in
2803 2865 2976 2907 com·
3059 2851 3061 2858 '

1745 2929 1947 2992 muni.
2039 2931 2102 2992 A
2112 2930 2167 2992 d
2181 2940 2473 3011 vesperas
2501 2932 2878 3012 antiphone
2903 2935 2980 2996 de

1745 3017 2052 3080 laudibus
2081 3038 2225 3080 cum
2254 3018 2540 3099 psalmis
2569 3021 2972 3100 firialibns.

1753 3105 1898 3186 Cap.
1995 3105 2264 3168 Reddet
2337 3108 2522 3170 deuS.
2643 3108 2978 3188 Hymnus

1749 3193 1906 3256 Rex
1937 3192 2243 3274 gloriose.
2321 3212 2369 3279 γ
2418 3195 2794 3260 Exultent.
2895 3199 2973 3260 In

1745 3302 1926 3346 evan.
1959 3289 2067 3344 aii.
2161 3282 2450 3346 Istorum
2495 3293 2602 3347 est
2633 3286 2860 3348 enim.
2905 3297 2978 3346 ut

1747 3369 1818 3430 in
1895 3369 2235 3435 communi.
2361 3379 2458 3452 ps.
2555 3373 2972 3453 Magnificat

1753 3456 1900 3520 Oro.
1933 3456 2196 3522 Annue.
2261 3458 2595 3521 Memoria
2625 3460 2710 3522 de
2739 3471 2974 3524 sancta

1747 3545 1901 3608 tecla
1963 3545 2232 3627 vi'rgme.
2341 3547 2472 3609 An.
2555 3548 2813 3613 Simile
2877 3561 2974 3612 est

1748 3653 2042 3713 regnum.
2166 3651 2211 3719 γ
2311 3634 2596 3698 Diffusa.
2733 3638 2974 3702 Oratio

1751 3721 2200 3803 Omnipotens
2277 3723 2691 3805 sempiterne
2761 3735 2852 3788 ut
2905 3727 2970 3789 in

1747 3831 2088 3873 commum.
2231 3825 2242 3834 ‘

1752 3903 1816 3976 (s
1866 3897 2106 3960 Sancte
2133 3899 2283 3961 tecle
2309 3898 2614 3980 virginis,
2673 3901 2904 3965 Lectio
2911 3901 2970 3983 j.

1747 3991 2047 4120 Beata
2104 4007 2262 4049 vero
2321 3985 2498 4049 tecla
2559 3989 2628 4050 in
2693 3991 2968 4054 civitate

1893 4075 2245 4160 yrconensi
2294 4083 2443 4138 orta
2491 4096 2615 4157 per
2666 4079 2966 4157 predica-

1747 4163 2004 4225 tionem
2039 4163 2218 4226 beati
2251 4163 2432 4244 pauli
2465 4183 2802 4229 conversa
2835 4185 2964 4229 cre·

1749 4250 1924 4315 didit
1970 4250 2257 4315 Christo,
2353 4251 2540 4315 Irata
2573 4263 2804 4317 mater
2831 4254 2964 4336 ejus

2251 4401 2271 4430 ⁸
2303 4399 2615 4464 sepulturam
2637 4419 2651 4452 z
2689 4402 2757 4452 R.
2769 4403 2896 4452 N.s.

519 4473 541 4506 4
572 4485 663 4535 pro
692 4467 889 4518 ‘’nuda
910 4469 1079 4521 unda:
1115 4467 1179 4516 R.
1187 4467 1255 4515 N.
1362 4465 1730 4531 ‘preciperetz
1767 4465 1904 4514 R.N.
2251 4467 2272 4496 ⁸
2309 4468 2638 4529 premonuit:
2675 4469 2739 4518 R.
2751 4469 2880 4520 NS.
2963 4501 3062 4932 j
