3117 4959
1486 265 1547 320 S.
1610 264 1665 318 Τ
1659 265 1911 320 HOME

983 363 1139 428 '593

450 479 731 542 duarum
810 477 945 542 sere
1020 479 1247 562 spacio
1320 479 1650 543 horarum.

450 567 653 652 Quod
702 585 853 631 cum
900 567 1043 630 viro
1102 567 1211 630 dei
1269 568 1649 632 diceretur:

452 654 785 723 intellexit
844 654 971 720 hoc
1054 656 1319 738 signum
1364 677 1379 720 :
1453 676 1649 720 suum

454 743 911 808 demonstrare
964 744 1243 808 obitum.
1332 745 1652 808 Vocavit-

455 852 586 916 que
628 852 783 895 suos
812 831 985 895 filios
1016 833 1101 895 ad
1134 852 1207 896 se
1239 842 1392 915 post
1422 831 1654 896 dulces

457 930 735 1003 paterne
780 921 1053 1002 pietatis
1100 940 1438 984 sermones
1484 921 1658 985 inter

456 1027 695 1072 manus
786 1007 1321 1072 lachrimantium
1432 1009 1656 1074 emisit

457 1097 781 1179 spiritum.
1314 1097 1526 1160 Lectio
1556 1097 1653 1179 iij.

455 1186 561 1318 I
561 1204 603 1247 n
638 1184 751 1248 illo
781 1193 1121 1267 tempore:
1156 1184 1471 1248 Piathon¹
1498 1203 1653 1248 cum

562 1273 761 1336 beato
808 1273 1117 1355 dionysio
1154 1272 1244 1336 ab
1274 1273 1436 1337 urbe
1468 1292 1657 1336 roma

455 1361 787 1426 divertens
846 1361 933 1424 ad
994 1359 1225 1425 urbem
1272 1360 1653 1424 thurnatam

456 1450 850 1533 properavit.
944 1448 1251 1531 Cumque
1288 1449 1353 1512 in
1384 1449 1656 1513 civitate

456 1537 817 1602 thurnata²
861 1536 1193 1618 ingressus
1246 1545 1421 1601 esset
1458 1537 1657 1619 jussit

456 1645 609 1689 eum
638 1624 929 1707 julianus
959 1645 1147 1689 cesar
1180 1624 1652 1708 comprehendi

457 1723 527 1778 et
546 1712 880 1796 flagellari.
923 1712 1204 1777 Piathon
1223 1734 1382 1777 vero
1406 1713 1654 1778 Christi

458 1821 702 1866 nomen
756 1800 1053 1866 confiteri
1104 1821 1237 1864 non
1288 1803 1526 1865 metuit
1555 1801 1658 1865 di-

458 1910 615 1955 cens
662 1889 1000 1955 Christum
1032 1889 1139 1954 dei
1174 1889 1379 1954 filium
1411 1889 1656 1954 credo:

457 1987 527 2042 et
556 1998 669 2042 ore
702 1978 971 2042 laudare
1002 1997 1137 2042 non
1168 1998 1371 2043 cesso.
1462 1977 1654 2042 Tunc

458 2086 627 2131 unus
670 2065 955 2130 militum
1006 2065 1233 2148 gladio
1280 2069 1658 2148 amputavit

457 2162 660 2236 caput
703 2153 849 2235 ejus
878 2175 892 2218 :
940 2164 1009 2218 et
1040 2175 1175 2218 vox
1210 2173 1362 2218 cum
1396 2154 1540 2219 luce
1571 2154 1657 2217 de

456 2241 602 2306 celo
632 2243 817 2306 venit
861 2242 1107 2305 dicens.
1198 2242 1369 2306 Veni
1417 2243 1659 2306 dilecte

456 2329 683 2414 piathe
714 2331 799 2394 ad
838 2339 1257 2412 preparatam
1304 2330 1425 2394 tibi
1472 2351 1660 2394 man-

454 2419 711 2482 sionem
742 2427 813 2480 et
836 2417 1163 2500 perfruere
1192 2420 1527 2484 consortio
1545 2419 1660 2482 be-

456 2515 759 2570 atorum:
819 2526 972 2570 cum
1046 2527 1127 2570 eo
1202 2509 1313 2591 qui
1377 2507 1541 2571 vivit
1593 2516 1662 2570 et

456 2603 691 2678 regnat
722 2593 787 2658 in
822 2594 1039 2660 secula
1085 2594 1474 2660 seculorum.
1550 2595 1659 2662 Ce-

456 2691 598 2747 tera
669 2682 751 2747 de
818 2685 1145 2746 communi
1216 2683 1660 2766 plurimorum

454 2773 902 2854 consessorum.

460 2865 525 2938 ff
598 2860 835 2924 Sancti
916 2860 977 2924 T
968 2859 1153 2924 home
1224 2857 1665 2942 herfordensis

459 2948 738 3032 episcopi.

456 3039 517 3101 A
529 3037 585 3099 d
605 3047 895 3118 vesperas
932 3035 1278 3118 antiphone
1320 3045 1381 3099 et
1410 3034 1669 3118 psalmi

442 3124 737 3207 firialer.
834 3123 1207 3205 Capitulum
1242 3125 1417 3188 Ecce
1448 3144 1664 3188 sacer-

458 3215 599 3278 dos.
699 3212 919 3279 Cetera
971 3211 1051 3276 dc
1092 3212 1420 3276 communi
1466 3211 1666 3275 unius

458 3299 839 3382 cotqfcssoris
884 3301 1235 3383 pontificis.
1334 3299 1666 3364 Memoria

459 3388 539 3452 de
595 3399 815 3451 sancto
874 3388 1245 3470 leodegario.
1336 3390 1471 3453 Aa.
1529 3388 1664 3453 Hic

460 3486 560 3541 est
622 3496 791 3540 vere.
884 3491 931 3560 γ
980 3475 1212 3540 Gloria
1272 3486 1339 3540 et
1396 3477 1662 3540 honore.

468 3563 701 3629 Oratio
725 3573 799 3627 ut
828 3562 899 3627 in
932 3564 1269 3627 communi.
1318 3565 1443 3628 Ad
1468 3575 1670 3628 matu.

461 3652 663 3717 Iuvit.
740 3651 969 3718 Unum
1002 3652 1220 3716 deum.
1256 3661 1357 3736 ps.
1404 3653 1664 3717 Venite.

462 3741 531 3806 E
535 3751 564 3805 t
578 3748 781 3804 cetera
799 3750 876 3804 ut
891 3739 961 3802 in
982 3740 1322 3804 communi.
1342 3743 1419 3806 L.
1421 3741 1664 3823 prima.

463 3833 799 3966 Beatus
839 3827 1105 3893 thomas
1142 3829 1412 3894 natione
1458 3829 1670 3912 angli-

608 3938 769 3983 cus:
816 3917 1154 4000 angelicus
1218 3918 1467 3982 homo:
1526 3919 1667 4001 ipse

462 4009 549 4072 de
580 4006 967 4091 parentibus
995 4005 1330 4072 nobilibus
1352 4016 1418 4070 et
1438 4006 1668 4072 catho-

464 4096 607 4162 licis
637 4096 961 4179 originem
995 4113 1185 4160 suam
1220 4094 1489 4160 trahens
1518 4117 1533 4158 :
1581 4094 1668 4158 ab

464 4195 645 4249 etate
676 4185 973 4267 primeva
1006 4201 1265 4248 morum
1314 4182 1666 4249 honestate

464 4271 833 4357 preclarus:
880 4272 1118 4336 studiis
1174 4271 1537 4336 litterarum
1571 4272 1666 4335 sic

599 4407 610 4436 '
650 4405 852 4455 Ptalhus
883 4405 1126 4471 ‘passim'
1154 4426 1167 4455 ε
1206 4407 1271 4456 Ν.

765 4476 783 4503 ⁴
813 4474 1155 4536 transfertur:
1188 4472 1259 4524 N.

1583 4408 1602 4437 ²
1637 4413 1867 4457 turnata:
1907 4407 2048 4457 RN.

2268 370 2423 424 594

1751 499 1824 542 se
1854 476 2188 541 dedicavit
2229 475 2528 541 totaliter
2573 474 2672 538 sic
2701 474 2768 538 in
2802 473 2942 557 ipsis

1751 567 2006 630 solicite
2035 565 2293 629 studuit
2321 574 2392 629 et
2421 562 2746 648 profecit:
2779 565 2944 644 quod

1747 666 1892 719 tam
1945 655 2013 718 in
2067 653 2375 719 humanis
2425 652 2728 717 scientiis
2757 671 2944 734 quam

1749 744 1818 807 in
1880 743 2121 806 divinis
2187 741 2510 806 honorem
2589 740 2947 822 magisterii

1749 841 1852 896 est
1889 832 2189 914 adeptus.
2425 875 2432 884 -
2641 829 2864 892 Lectio
2889 827 2949 910 ij.

1751 921 2216 1051 Postquam
2248 915 2550 983 doctrine
2581 937 2710 980 sue
2741 917 2952 980 radios

1904 1007 2106 1090 longe
2180 1007 2448 1088 lateque
2525 1004 2954 1069 diffundens:

1751 1096 2180 1178 quamplures
2205 1095 2292 1158 ad
2309 1095 2654 1177 justiciam
2675 1093 2956 1157 erudivit

1752 1183 1996 1248 velud⁸
2027 1183 2350 1248 luminare
2397 1183 2464 1246 in
2521 1181 2795 1246 mundo
2825 1201 2960 1264 pre·

1754 1272 2083 1354 fulgidum
2113 1272 2462 1336 continens
2491 1271 2788 1334 verbum
2817 1269 2958 1333 vite.

1755 1359 1868 1425 Sic
1897 1360 2172 1423 demum
2201 1368 2470 1423 sanctus
2499 1357 2590 1422 de
2621 1356 2958 1422 innocenti

1753 1449 1968 1512 factus
2050 1449 2116 1510 in
2191 1447 2604 1512 herfordensi
2687 1445 2962 1510 ecclesia

1753 1538 1972 1601 bonus
2003 1545 2234 1620 pastor
2261 1536 2346 1599 de
2379 1536 2528 1619 ipso
2559 1534 2718 1598 miti
2747 1535 2964 1598 mitior

1753 1624 1968 1690 sactus
2016 1634 2117 1689 est
2171 1623 2448 1688 studens
2493 1643 2776 1706 semper
2823 1643 2962 1706 pro·

1753 1714 1940 1796 gredi
2013 1713 2100 1776 de
2173 1713 2417 1777 virtute
2493 1713 2564 1776 in
2625 1712 2962 1775 virtutem.

1758 1801 2168 1868 Commissas
2186 1821 2342 1866 vero
2365 1821 2524 1864 oves
2555 1801 2964 1882 precedebat

1754 1891 1843 1954 ad
1877 1909 2162 1972 pascua:
2209 1899 2284 1953 ut
2329 1910 2372 1953 a
2417 1889 2592 1972 lupis
2625 1898 2966 1970 protectas

1766 1979 2118 2061 rapacibus
2153 1997 2168 2042 ε
2215 1986 2578 2061 pastasque
2607 1977 2832 2040 verbo
2859 1995 2970 2058 pa-

1762 2068 1922 2130 riter
1991 2075 2062 2130 et
2151 2065 2470 2148 exemplo
2545 2065 2634 2128 ad
2721 2063 2968 2130 Christi

1756 2153 1984 2218 caulas
2013 2153 2248 2217 sedulo
2281 2153 2665 2217 reducebat.
2759 2151 2972 2217 Latio

1919 2263 2040 2306 ura
2068 2263 2224 2306 vero
2263 2262 2380 2306 sue
2410 2240 2698 2306 ecclesie
2733 2240 2970 2324 [tercia

1917 2329 2319 2395 defendebat
2372 2329 2648 2394 viriliter
2698 2331 2972 2394 indutus

1753 2420 2022 2501 justicia
2053 2427 2126 2482 ut
2159 2418 2400 2483 lorica:
2449 2427 2736 2502 paratus
2789 2437 2972 2482 nam·

1759 2527 1891 2591 que
1951 2527 2074 2590 pro
2131 2507 2256 2570 sibi
2324 2507 2694 2571 commisso
2776 2525 2972 2588 grege

1757 2595 2053 2660 animam
2109 2615 2357 2678 ponere
2417 2615 2552 2659 non
2619 2595 2865 2659 timuit
2915 2594 2976 2656 in

1759 2682 1886 2748 hoc
1947 2684 2313 2767 principem
2375 2683 2479 2747 vel
2558 2693 2976 2766 magnatem.

1763 2771 1854 2836 Et
1885 2773 2043 2854 quia
2064 2773 2343 2854 dignum
2373 2780 2556 2835 erat:
2599 2772 2798 2854 quod
2833 2771 2978 2834 huic
3047 2823 3049 2842 ,

1761 2869 1900 2924 tam
1962 2859 2320 2924 excellenti
2382 2860 2624 2923 merito
2703 2861 2981 2924 daretur

1761 2950 2018 3033 requies
2093 2957 2322 3012 eterna
2395 2959 2552 3031 post
2615 2946 2978 3012 laborem:
3047 3017 3049 3022 .

1761 3057 1914 3101 cum
1948 3057 2070 3120 pro
2116 3036 2331 3101 causis
2379 3057 2500 3099 sue
2553 3035 2856 3101 eccloeie
2899 3037 2978 3099 ad

1761 3145 2107 3188 romanam
2217 3125 2628 3208 pervenisset
2723 3125 2978 3188 curiam

1760 3213 1941 3277 diem
1972 3213 2211 3277 clausit
2228 3222 2610 3277 extremum
2640 3232 2657 3275 ε
2691 3212 2980 3296 receptis

1760 3300 1942 3385 prius
1985 3300 2228 3365 devote
2273 3299 2544 3365 ecclesie
2593 3321 2982 3365 sacramen-

1763 3391 1847 3454 tis
1873 3411 1888 3454 :
1911 3389 2138 3473 sicque
2163 3390 2262 3454 vir
2291 3388 2456 3452 felix
2489 3389 2621 3452 iste
2653 3391 2747 3454 ad
2787 3391 2980 3454 deum

1762 3478 2279 3542 transmittendo
2321 3477 2630 3562 spiritum
2665 3478 2764 3542 de
2799 3498 2979 3562 pere·

1764 3567 1957 3649 grino
1989 3575 2056 3630 et
2087 3565 2346 3629 advena
2394 3566 2612 3630 sactus
2671 3577 2788 3630 est
2845 3566 2980 3632 exi·

1766 3655 1938 3718 mius
1968 3654 2228 3718 celestis
2260 3653 2435 3719 civiS.
2535 3653 2836 3732 Quando
2847 3655 2979 3736 ses-

1767 3752 1836 3805 tu
1843 3763 1907 3804 m
1965 3742 2182 3806 sancti
2251 3742 2461 3806 thome
2529 3741 2981 3825 heffordensaes

1763 3829 2034 3913 episcopi
2053 3830 2576 3912 transferatur‘:
2607 3839 2778 3894 tunc
2799 3831 2844 3896 l.
2867 3830 2980 3912 iiij.

1765 3920 1947 4051 Et
1994 3919 2154 4003 quia
2206 3919 2488 3982 decebat
2539 3919 2846 3984 multum
2891 3919 2982 3981 di·

1919 4009 2069 4073 vine
2101 4008 2395 4092 potentie
2417 4007 2806 4088 majestatis
2827 4009 2855 4044 ⁸
2876 4029 2893 4070 :
2915 4017 2980 4069 ut

1768 4106 2072 4161 sanctum
2137 4095 2312 4160 hunc
2364 4096 2428 4158 in
2485 4095 2648 4159 celis
2701 4115 2978 4180 regnare

1769 4204 1992 4249 secum
2026 4205 2146 4268 per
2175 4183 2515 4267 signorum
2563 4184 2974 4250 evidentiam

1769 4272 2078 4337 fidelibus
2152 4273 2558 4336 declararet:
2627 4273 2858 4355 ipsum
2919 4273 2972 4334 in

2355 4409 2374 4436 ⁸
2407 4405 2540 4455 velut
2572 4425 2586 4454 z
2629 4407 2846 4460 R.N.s.

2055 4476 2074 4504 ⁸
2109 4472 2392 4538 majestati:
2431 4473 2574 4525 ΚΝ.
