3117 4959
353 1009 363 1018 ·
434 993 671 1047 matur.

956 243 1057 297 IN
1100 241 1371 297 FESTO
1420 240 1481 294 S.
1528 239 1950 294 AMBROSII
1989 239 2389 296 EPISCOPI.

944 350 1097 404 245

420 458 724 522 sonuisse
748 477 764 520 :
786 455 1194 520 ambrosium
1216 453 1622 536 episcopum.

422 547 583 629 Ipso
616 555 839 609 autem
875 544 1259 606 resistente:
1292 551 1359 605 et
1391 540 1624 605 obluc-

420 644 611 698 tante
642 655 718 697 ac
750 632 979 713 sugam
1011 639 1299 712 petente,
1321 649 1473 692 cum
1504 628 1626 690 ad-

428 722 557 786 huc
576 719 1075 784 cathecuminus
1098 726 1273 780 esset
1300 739 1315 781 :
1346 717 1622 799 capitur.

432 809 823 891 baptizatur.
914 815 983 870 et
1058 815 1297 869 octavo
1370 807 1481 868 die
1556 805 1626 867 in

587 1079 778 1134 ostea
828 1088 986 1132 vero
1033 1077 1177 1133 erat
1225 1069 1498 1150 quidam
1528 1068 1630 1130 vir

587 1160 674 1222 de
704 1157 918 1220 heresi
951 1157 1358 1226 arrianorum
1390 1154 1627 1218 acerri-

434 1267 583 1310 mus
622 1309 626 1313 ,
673 1245 953 1308 nimium
1043 1244 1467 1326 disputator:
1560 1250 1630 1305 et

435 1335 641 1397 durus
699 1342 905 1414 atque
965 1330 1483 1395 inconvertibilis
1540 1329 1628 1392 ad

436 1421 639 1486 fidem
687 1419 1097 1485 catholicam.
1194 1419 1262 1480 Is
1308 1418 1630 1480 constitu-

438 1519 549 1574 tus
595 1510 663 1572 in
715 1507 1027 1572 ecclesia:
1075 1506 1459 1588 predicante
1489 1524 1634 1568 am-

440 1597 678 1661 brosi0.
754 1596 963 1659 vidit:
1026 1604 1101 1658 ut
1147 1596 1289 1676 ipse
1335 1601 1632 1674 postmo-

440 1687 601 1749 dum
662 1683 1101 1766 loquebatur:
1171 1681 1481 1762 angelum
1544 1679 1630 1743 ad

440 1793 633 1836 aures
665 1772 958 1854 episcopi
988 1777 1277 1833 stantem
1303 1789 1317 1832 ε
1366 1777 1433 1830 et
1465 1767 1633 1830 indi-

441 1869 703 1925 cantem
730 1860 788 1922 ei
816 1860 997 1941 quid¹
1020 1857 1268 1940 populo
1292 1857 1631 1938 predicare

440 1950 733 2011 deberet.
796 2013 807 2024 ,
855 1948 1009 2029 Quo
1077 1946 1219 2009 viso
1279 1962 1633 2008 conversus

443 2036 644 2099 fidem
694 2055 896 2117 quam
959 2035 1396 2116 expugnabat
1456 2031 1636 2114 cepit

443 2125 587 2206 ipse
619 2123 989 2186 defendere.
1301 2119 1518 2183 Lectio
1548 2118 1637 2182 v..²

443 2213 549 2342 J
544 2231 663 2293 pse
746 2219 967 2273 autem
1058 2207 1156 2271 vir
1242 2206 1637 2270 venerabilis

545 2299 893 2380 episcopus
952 2306 1094 2359 erat
1162 2295 1373 2359 multe
1431 2295 1638 2358 absti-

444 2388 708 2450 nentie:
756 2395 824 2448 et
856 2383 1212 2448 multarum
1260 2382 1636 2464 vigiliarum

444 2484 513 2538 et
545 2473 861 2537 laborum.
953 2471 1345 2556 quotidiano
1380 2470 1637 2552 jejunio

446 2581 788 2625 macerans
864 2580 1119 2641 corpus,
1242 2557 1367 2622 Cui
1442 2578 1638 2639 pran-

444 2651 647 2712 dendi
680 2667 1020 2729 nunquam
1055 2647 1465 2711 consuetudo
1496 2646 1636 2709 fuit.

446 2739 570 2800 nisi
622 2738 731 2800 die
784 2736 1090 2799 sabbati:
1154 2743 1223 2798 et
1284 2734 1636 2797 dominico,

446 2825 551 2889 vel
565 2845 716 2888 curn
738 2824 1047 2888 natalicia
1064 2822 1638 2885 celeberrimorum

450 2924 816 2995 martyrum
835 2920 1072 2975 essent.
1127 2909 1379 2974 Orandi
1392 2909 1417 2946 ⁸
1437 2909 1640 2972 etiam

449 3002 804 3066 assiduitas
858 3019 1105 3082 magna
1157 2998 1267 3061 die
1319 3018 1396 3060 ac
1446 3005 1642 3061 nocte

450 3091 541 3153 illi
576 3100 716 3154 erat
744 3111 759 3154 :
808 3109 926 3151 nec
959 3107 1231 3171 operam
1263 3085 1644 3149 declinabat

448 3177 780 3242 scribendi
834 3177 1102 3260 propria
1148 3195 1349 3238 manu
1403 3174 1643 3236 libros:

449 3267 576 3328 nisi
618 3285 771 3327 cum
820 3264 1042 3345 aliqua
1090 3261 1473 3326 infirmitate
1508 3281 1649 3324 cor-

448 3374 575 3436 pus
607 3351 1042 3416 attineretur.⁴
1317 3349 1529 3412 Lectio
1560 3349 1646 3430 vj.

620 3448 735 3503 nte
782 3459 1029 3521 paucos
1078 3458 1234 3501 vero
1269 3437 1411 3500 dies
1444 3456 1646 3518 quam

621 3527 866 3590 lectulo
956 3526 1411 3589 detineretur:
1495 3545 1648 3587 cum

454 3614 1039 3698 quadragesimum
1115 3613 1386 3675 tertium
1471 3611 1690 3694 psal-.

454 3723 639 3766 mum
716 3702 1042 3765 dictaret:
1135 3697 1431 3762 notorio⁵
1508 3699 1650 3780 ejus

454 3790 832 3873 excipiente
864 3797 933 3852 et
962 3788 1233 3851 vidente
1263 3807 1277 3849 :
1326 3787 1548 3851 subito
1582 3789 1650 3850 in

455 3879 731 3944 modum
762 3877 932 3942 scuti
964 3877 1181 3941 brevis
1228 3875 1401 3957 ignis
1449 3885 1653 3958 caput

550 4040 562 4071 ι
760 4056 772 4068 .
971 4039 983 4052 ·

546 4105 568 4135 ²
600 4039 772 4156 {3220-
786 4037 1133 4170 ἰὲᾗῖὖὲζ,
1155 4123 1265 4172 qua:
1294 4103 1462 4152 omnt‘a
1496 4118 1648 4166 usque

450 4173 521 4222 ad
535 4171 699 4249 finem
722 4172 964 4220 Lectionis
1002 4188 1157 4234 nonae,
1184 4173 1419 4222 continuo
1439 4170 1645 4232 scripta,

450 4244 715 4417 contingo·
733 4306 745 4328 ‘
765 4303 963 4417 Grandi.
976 4303 989 4326 ’
998 4320 1162 4420 (quam
1185 4323 1197 4355 :
1234 4303 1372 4354 R.·N.

558 4438 581 4470 ι
610 4383 839 4485 ἑὲιὲἳῗέἳ
861 4385 1351 4488 ¹3{.=.2.<5.N.s1.s2.

2229 349 2382 402 246

1719 450 1865 534 ejus
1909 455 2292 535 cooperuit:
2339 461 2544 536 atque
2589 451 2924 536 paulatim

1720 562 1841 624 per
1869 561 1945 605 os
1965 543 2172 624 ipsius
2195 553 2519 624 tanquam
2546 542 2614 605 in
2639 544 2926 606 domum

1719 629 2058 694 habitator
2086 631 2421 713 ingressus
2463 640 2582 696 est,
2679 632 2932 695 Postea

1719 739 1877 782 vero
1926 718 2106 782 facta
2157 729 2260 783 est
2309 719 2512 784 facies
2573 718 2722 801 ejus
2777 729 2932 783 tan-

1723 826 1926 889 quam
1960 808 2080 870 nix
2110 817 2179 871 et
2210 808 2452 871 iterum
2507 828 2774 872 reversa
2823 814 2930 869 est

1723 895 1810 957 ad
1872 895 2159 976 speciem
2231 914 2440 958 suam.
2564 893 2928 959 Scribendi

1723 990 1947 1046 autem
1968 981 2072 1045 vel
2095 981 2392 1045 dictandi
2421 982 2564 1063 ipso
2585 983 2700 1045 die
2720 981 2930 1044 finem

1725 1069 1919 1132 fecit:
1956 1069 2286 1150 siquidem
2329 1069 2548 1151 ipsum
2581 1069 2928 1151 psalmum

1725 1154 1997 1238 explere
2026 1176 2162 1218 non
2207 1159 2446 1239 potuit.
2565 1156 2932 1238 ExpositiO.

1723 1243 1868 1308 Vos
1899 1243 2060 1306 estis
2089 1243 2209 1306 lux
2243 1244 2494 1309 mundi.
2560 1243 2826 1309 Omelia
2855 1253 2938 1308 ut

1727 1333 1800 1395 in
1828 1330 2193 1396 communi.⁶
2531 1331 2754 1396 Lectio
2785 1330 2935 1414 viij.

1857 1441 2081 1502 unque
2187 1428 2344 1502 post
2429 1418 2575 1484 dies
2665 1420 2938 1501 aliquot

1858 1507 2094 1570 beatus
2136 1508 2510 1572 ambrosius
2555 1507 2938 1570 infirmare-

1728 1604 1874 1659 tur:
1938 1603 2009 1658 et
2060 1596 2128 1657 in
2175 1594 2422 1658 lectulo
2474 1595 2940 1661 detineretur:

1729 1692 2032 1764 tempore
2073 1703 2210 1765 quo
2253 1684 2562 1765 migravit
2592 1683 2681 1745 ad
2713 1683 2944 1745 domi-

1731 1789 1893 1833 num
1922 1790 1936 1834 :
1983 1769 2070 1832 ab
2099 1770 2264 1834 hora
2293 1771 2548 1836 circiter
2571 1771 2942 1834 undecima

1733 1858 1866 1922 diei
1915 1877 2123 1938 usque
2154 1858 2239 1921 ad
2272 1859 2454 1922 illam
2505 1857 2743 1921 horam
2801 1879 2944 1940 qua

1733 1944 1956 2008 emisit
1977 1946 2280 2026 spiritum
2306 1967 2320 2009 ε
2367 1947 2688 2028 expansis
2721 1946 2943 2008 mani-

1731 2033 1860 2097 bus
1917 2033 1986 2095 in
2063 2033 2337 2096 modum
2412 2033 2623 2096 crucis
2698 2035 2940 2098 oravit.

1736 2121 1952 2185 Labia
2011 2141 2168 2184 vero
2229 2121 2402 2184 illius
2459 2130 2734 2186 tantum
2789 2143 2941 2184 mo-

1735 2207 1925 2272 nere⁷
1987 2209 2424 2275 videbantur:
2499 2231 2638 2274 vox
2699 2219 2940 2274 tamen

1737 2297 1794 2378 ej
1803 2318 1878 2360 us
1899 2317 2030 2360 non
2051 2298 2459 2362 audiebatur.
2506 2297 2726 2362 Lectio
2743 2319 2939 2362 nona.

1738 2387 2240 2518 Honoratus
2331 2386 2534 2449 etiam
2625 2387 2946 2449 sacerdos

1925 2472 2198 2536 ecclesie
2250 2473 2711 2537 vercellensis:
2779 2493 2940 2536 cum

1737 2560 1806 2623 in
1855 2561 2194 2642 superiora
2241 2563 2487 2624 dom-us
2527 2581 2601 2624 se
2633 2561 2722 2624 ad
2753 2562 2944 2642 quie-

1739 2657 1877 2712 tem
1911 2649 2432 2729 composuisset:
2477 2649 2676 2712 tertio
2701 2669 2945 2712 vocem

1738 2737 2038 2799 vocantis
2069 2756 2142 2798 se
2179 2736 2429 2800 audivit
2458 2759 2474 2801 :
2519 2736 2948 2819 dicentisque

1739 2823 1910 2887 sibi:
1955 2823 2166 2906 Surge
2197 2825 2481 2888 festina:
2527 2825 2689 2906 quia
2733 2825 2952 2888 modo

1741 2920 1845 2975 est
1869 2931 2253 2975 recessurus
2334 2912 2468 2994 Qui
2491 2932 2903 2993 consurgens
2927 2934 2948 2977 :

1744 2998 2197 3062 mediolanum
2245 3000 2543 3064 concitus
2591 3001 2821 3064 venit:
2875 3009 2952 3064 et

1743 3087 2061 3151 dominici
2109 3089 2401 3170 corporis
2449 3104 2952 3152 sacramentum

1745 3175 1805 3238 ei
1855 3175 2060 3238 dedit.
2171 3175 2476 3257 Moxque
2536 3176 2649 3238 ille
2705 3197 2964 3240 manus

1745 3263 1813 3326 in
1869 3263 2144 3326 modum
2198 3265 2408 3326 crucis
2456 3265 2834 3346 expandit:
2881 3275 2960 3329 et

1747 3350 2059 3414 ultimum
2121 3352 2424 3433 spiritum
2499 3353 2672 3415 inter
2743 3354 2962 3416 verba

1747 3439 2066 3502 orationis
2143 3439 2388 3503 efflavit
2448 3440 2534 3502 ad
2597 3461 2752 3503 eum
2835 3442 2968 3523 qui.

1748 3527 1912 3590 vivit
1943 3537 2010 3591 et
2042 3537 2277 3609 regnat
2309 3548 2426 3609 per
2456 3529 2686 3591 omnia
2727 3531 2966 3592 secula

1751 3615 1933 3678 deus·
2033 3614 2253 3680 Cetera
2284 3615 2361 3677 de
2389 3617 2721 3678 communi
2751 3619 2967 3680 unius

1750 3701 2132 3783 confessore&
2149 3703 2476 3786 pontt-‘fiale
2503 3713 2566 3766 et
2593 3705 2891 3767 doctoris.

1757 3795 1821 3868 (s
1871 3790 1928 3854 S
1932 3791 1960 3853 i
1983 3791 2008 3828 ⁸
2041 3791 2226 3854 istud
2262 3791 2520 3872 sectum
2573 3794 2792 3854 sancti
2817 3815 2967 3856 am-

1754 3879 1960 3942 brosii
1987 3889 2146 3961 post
2171 3879 2420 3962 pascha
2463 3880 2748 3944 evenerit
2768 3904 2795 3943 .·
2825 3881 2976 3964 fiat

1847 4041 1868 4070 ⁰
1902 4041 1988 4090 Ab
2027 4039 2314 4104 ‘expositio'
2349 4055 2505 4106 usque
2538 4041 2608 4090 ad
2647 4045 2979 4094 ‘communi‘

1747 4103 1849 4157 om'.
1879 4125 1892 4156 ε
1918 4107 2150 4156 R.N.sz.

1826 4175 1868 4202 ‘⁷
1902 4187 2137 4221 movere:
2171 4169 2751 4225 W.R.E.G.N.Sr.sz.

1848 4239 1869 4268 ⁸
1901 4241 1950 4286 A
1996 4237 2095 4286 ‘si’
2135 4253 2287 4300 usque
2308 4237 2380 4285 ad
2402 4241 2695 4289 ‘commum'
2723 4241 2837 4290 (αι’
2865 4259 2972 4292 om·

1761 4304 1853 4352 m’a
1868 4319 1959 4353 om.
1981 4318 2000 4352 .·
2033 4303 2272 4353 R.N.Sz.
2301 4309 2398 4351 eta
2425 4305 2518 4352 ‘Si
2537 4306 2549 4327 '
2575 4322 2732 4370 usque
2751 4309 2830 4356 ad
2851 4309 2976 4356 ‘dn-

1753 4370 1874 4432 plex
1892 4370 1906 4393 '
1951 4371 2056 4431 [col.
2109 4371 2228 4433 249]
2267 4369 2439 4419 omnia
2474 4372 2798 4423 omittuntur
2839 4375 2986 4440 qoud

1762 4436 1828 4486 E.
1845 4437 1902 4487 G.
1921 4437 1996 4486 W.
2025 4443 2071 4488 et
2091 4439 2176 4488 Si.
