3117 4959
932 253 990 309 A
997 252 1095 310 SS
1099 253 1569 310 UMPTIONIS
1610 255 1911 312 MARJE.

701 360 862 417 483

154 461 276 527 dei
325 472 398 529 et
444 464 732 547 proximi
778 465 996 530 verbis
1043 466 1144 530 et¹
1177 486 1368 550 para-

155 552 360 616 bolis,
449 553 574 616 hec
602 564 828 618 autem
875 554 1035 637 ipsis
1072 555 1266 618 rebus
1297 564 1367 618 et
1401 605 1408 612 .

153 641 449 704 veritate
499 643 819 724 designat.
914 644 1066 706 Due
1119 645 1368 725 quippe

157 727 296 790 iste
374 730 646 793 domino
736 730 975 793 dilecte
1058 751 1364 794 sorores:

157 815 340 878 duas
397 819 570 880 vitas
617 818 944 898 spiritales
1005 818 1244 899 quibus
1298 819 1364 880 in

155 906 458 984 presenti
478 916 710 968 sancta
728 915 1073 968 exercetur
1091 906 1368 968 ecclesia

155 992 540 1072 designant.
595 993 714 1056 Re.
764 995 906 1056 Ista
935 1001 1038 1056 est
1067 995 1367 1074 speciosa

157 1080 344 1141 inter
383 1080 552 1143 filias
607 1079 1002 1144 hierusalem
1049 1081 1216 1144 sicut
1269 1082 1364 1144 vi-

157 1167 400 1229 distis²
430 1187 578 1231 eam
625 1168 892 1250 plenam
939 1169 1259 1232 charitate
1297 1177 1365 1231 et

153 1255 540 1320 dilectione.
653 1257 733 1319 In
782 1256 1107 1319 cubilibus
1165 1265 1234 1318 et
1294 1256 1362 1319 in

153 1344 329 1405 ortis
362 1353 750 1408 aromatum.
841 1361 890 1430 γ
938 1345 1078 1407 Ista
1102 1354 1202 1406 est
1233 1365 1364 1424 que

151 1431 470 1493 ascendit
502 1431 585 1494 de
609 1433 874 1494 deserto
905 1432 1151 1494 delitiis
1179 1432 1366 1494 afflu-

149 1538 302 1580 ens,
400 1519 480 1581 In
512 1519 856 1609 cubilibus.
978 1520 1192 1583 Lectio
1221 1520 1364 1601 viij.

145 1607 566 1738 Martha
642 1608 912 1688 quidem
991 1607 1364 1672 actualem:

375 1715 508 1775 qua
560 1696 869 1776 proximo
924 1695 990 1758 in
1044 1695 1362 1758 charitate

145 1781 536 1846 sociamur:
599 1785 808 1845 maria
859 1803 1016 1845 vero
1062 1793 1364 1845 contem-

145 1868 528 1950 plativam:
575 1891 709 1952 qua
739 1871 846 1932 dei
884 1891 1108 1933 amore
1151 1870 1364 1952 suspi-

145 1977 409 2020 ramus,
498 1957 743 2020 Activa
801 1959 978 2020 enim
1031 1960 1170 2021 vita
1223 1967 1362 2021 est:

145 2066 412 2127 panem
445 2047 752 2108 esurienti
785 2046 1067 2109 tribuere
1095 2068 1111 2110 :
1158 2047 1362 2109 verbo

145 2135 492 2215 sapientie
512 2136 914 2198 nescientem
939 2135 1214 2198 docere:
1263 2155 1362 2196 er-

147 2232 426 2284 rantem
459 2223 820 2303 corrigere:
861 2223 946 2285 ad
972 2221 1362 2285 humilitatis

145 2310 342 2372 viam
420 2311 908 2390 superbientem
977 2312 1359 2391 proximum

147 2417 524 2460 revocare:
637 2397 1030 2460 infirmantis
1135 2418 1360 2460 curam

145 2486 508 2567 gererere³
542 2506 556 2548 :
605 2506 733 2566 que
765 2486 1041 2566 singulis
1091 2486 1362 2567 quibus-

145 2593 294 2655 que
357 2574 722 2654 expediant
791 2575 1218 2656 dispensare:
1293 2583 1361 2637 et

145 2662 534 2724 commissis
566 2662 756 2744 nobis
804 2663 1085 2743 qualiter
1114 2661 1360 2725 subsis-

145 2758 301 2812 tere
334 2749 599 2812 valeant
631 2751 988 2832 providere.
1055 2751 1168 2813 Re.
1235 2751 1361 2815 Su-

147 2858 282 2918 per
307 2837 592 2900 salutem
615 2846 680 2899 et
701 2857 966 2900 omnem
1002 2838 1360 2919 pulchritu-

147 2926 392 2987 dinem
441 2925 684 2988 dilecta
729 2945 799 2987 es
847 2946 888 2988 a
932 2927 1245 2989 domino:
1293 2934 1361 2990 et

149 3014 394 3093 regina
437 3013 728 3076 celorum
774 3015 990 3076 vocari
1038 3015 1240 3094 digna
1270 3033 1356 3077 eS.

149 3101 483 3164 Gaudent
535 3099 715 3164 chori
768 3101 1154 3181 angelorum
1205 3121 1362 3164 con-

145 3197 378 3251 sortes
451 3196 520 3249 et
591 3189 894 3250 concives
969 3189 1191 3252 nostri.
1314 3205 1362 3274 y

145 3276 386 3340 Valde
426 3295 573 3337 eam
606 3295 728 3338 nos
758 3286 1022 3358 oportet
1065 3277 1360 3339 venerari

147 3383 294 3446 que
350 3372 489 3426 tam
551 3373 782 3426 sancta
833 3372 900 3426 et
951 3365 1200 3427 intacta
1257 3372 1360 3428 est

145 3454 370 3531 virgo,
443 3450 754 3513 Gaudent
777 3451 976 3514 chori.
1023 3451 1235 3513 Lectio
1267 3453 1358 3515 ix.

162 3539 776 3672 contemplativa
823 3559 980 3601 vero
1031 3539 1169 3601 vita
1218 3547 1358 3604 est:

292 3627 640 3688 caritatem
730 3627 998 3707 quidem
1089 3627 1196 3689 dei
1292 3635 1362 3689 et

149 3713 456 3797 proximi
514 3723 660 3778 tota
730 3723 954 3776 mente
1030 3715 1358 3777 retinere:

149 3801 280 3865 sed
331 3802 422 3864 ab
467 3801 776 3864 exteriori
831 3801 1090 3864 actione
1143 3803 1360 3882 quies-

147 3909 350 3953 cere:
423 3889 550 3951 soli
610 3889 936 3951 desiderio
1001 3890 1361 3951 conditoris

153 3979 502 4041 inherere:
551 3985 623 4039 ut
669 3975 830 4038 nihil
869 3976 1010 4056 jam
1059 3995 1256 4057 agere
1287 3977 1362 4039 li-

151 4067 362 4129 beat:
411 4065 526 4126 sed
551 4064 820 4127 calcatis
853 4064 1021 4126 curis
1052 4064 1362 4126 omnibus

150 4154 246 4218 ad
310 4151 674 4216 videndam
749 4150 984 4213 faciem
1051 4153 1362 4214 creatoris

150 4243 260 4306 sui
316 4241 582 4304 animus
635 4238 1024 4305 inardescat.
1127 4239 1236 4304 Ita
1288 4247 1362 4303 ut

293 4378 310 4408 ¹
355 4375 590 4426 ‘et’om
621 4391 636 4424 =
670 4373 740 4425 N.

296 4444 316 4474 ⁴
351 4442 600 4492 odorem:
635 4440 766 4492 N.S.

1229 4375 1250 4407 ²
1280 4371 1478 4424 vidisti:
1512 4371 1583 4423 N.

1233 4441 1256 4472 ⁸
1292 4439 1402 4491 ‘es’
1427 4438 1565 4489 add:
1600 4435 1739 4488 RN.
1782 4439 1789 4446 '

1974 361 2129 419 484

1461 467 1605 549 jam
1662 469 1921 532 noverit
1965 467 2179 533 carnis
2227 466 2673 550 corruptibilis

1473 557 1737 637 pondus
1813 577 1964 620 cum
2037 576 2293 620 merore
2353 565 2671 639 portare:

1472 645 1765 724 totisque
1810 644 2150 707 desideriis
2192 655 2507 726 appetere
2538 645 2669 708 illis

1470 729 1871 812 hymnidicis
1900 733 2283 813 angelorum
2321 732 2536 794 choris
2571 733 2669 795 in-

1471 827 1767 882 teresse:
1860 820 2205 882 admisceri
2312 821 2663 883 celestibus

1469 906 1764 970 civibus:
1812 908 1897 970 de
1945 917 2173 970 eterna
2204 908 2271 970 in
2301 918 2663 990 conspectu

1468 993 1577 1056 dei
1612 996 2097 1076 incorruptione
2143 996 2451 1077 gaudere.
2543 996 2661 1058 Re.

1469 1081 1584 1144 Ad
1634 1092 1869 1144 nutum
1916 1083 2169 1146 domini
2220 1094 2517 1146 nostrum
2564 1083 2665 1146 di·-

1468 1171 1671 1232 tantis
1704 1168 2039 1233 honorem.
2117 1170 2307 1235 Sicut
2337 1171 2529 1252 spina
2558 1191 2668 1233 ro·-

1466 1276 1611 1319 sam
1672 1259 1902 1338 genuit
1956 1258 2161 1338 judea
2220 1261 2513 1321 mariam.
2615 1275 2666 1342 y

1471 1344 1570 1408 Ut
1600 1345 1835 1408 vitium
1880 1346 2086 1408 virtus
2130 1347 2415 1426 operiret
2450 1347 2663 1426 gratia

1467 1432 1751 1514 culpam.
1865 1433 2069 1496 Sicut.
2186 1433 2413 1496 Gloria
2472 1435 2661 1514 patri.

1470 1519 1675 1584 Sicut.
1750 1530 1852 1601 pff.
1945 1521 2045 1584 Te
2090 1520 2307 1584 deum.
2399 1537 2447 1606 y
2492 1520 2663 1602 Spe-

1466 1609 1645 1670 ciosa
1677 1608 1855 1670 sacta
1883 1628 1972 1672 es.
2106 1609 2193 1671 In
2220 1609 2529 1670 laudibus
2554 1617 2663 1672 ανῖ.

1465 1696 1937 1825 Assumpta
1964 1704 2066 1758 est
2111 1697 2317 1759 maria
2347 1697 2415 1757 in
2446 1695 2661 1758 celum

1634 1784 1931 1864 gaudent
2007 1783 2225 1864 angeli
2311 1784 2663 1847 laudantes

1467 1869 1871 1934 benedicunt
1902 1872 2271 1935 dominum.
2345 1881 2446 1952 pf.
2521 1872 2663 1933 Do-

1469 1959 1689 2021 minus
1762 1961 2106 2040 regnavit..
2190 1960 2323 2022 Αῆ.
2447 1958 2669 2021 Maria

1465 2047 1654 2127 virgo
1700 2056 2041 2128 assumpta
2074 2055 2175 2109 est
2204 2047 2290 2108 ad
2323 2045 2659 2110 ethereum

1467 2133 1875 2198 thalamum:
1930 2138 1999 2198 in
2060 2155 2195 2217 quo
2256 2155 2378 2196 rex
2429 2154 2663 2216 regum

1465 2222 1731 2284 stellato
1780 2223 1968 2286 sedet
2020 2223 2205 2286 solio,
2284 2231 2385 2304 pff.
2474 2222 2663 2303 Jubi·

1466 2308 1615 2372 late.
1705 2311 1838 2374 Αῆ.
1942 2311 2021 2373 In
2076 2311 2311 2373 odore⁴
2365 2329 2665 2390 unguen-

1465 2406 1685 2460 torum
1718 2407 1983 2461 tuorum
2008 2399 2359 2460 currimus:
2401 2396 2663 2460 adoles-

1468 2485 1729 2548 centule
1762 2486 2140 2548 dilexerunt
2171 2495 2238 2548 te
2269 2485 2481 2548 nimis.
2557 2493 2662 2565 pf.

1466 2573 1653 2635 Deus
1707 2574 1870 2636 deus
1924 2595 2127 2638 meus,
2216 2575 2351 2636 Αῆ.
2452 2573 2664 2635 Bene·-

1465 2661 1681 2723 dicta⁶
1712 2682 1751 2724 a
1795 2660 1933 2724 filio
1982 2671 2098 2724 tuo
2143 2661 2461 2722 domina:
2506 2661 2666 2740 quia

1465 2767 1584 2829 per
1632 2758 1699 2812 te
1743 2747 2071 2812 sructum⁶
2114 2750 2249 2811 vite
2295 2747 2660 2809 communi-

1466 2836 1775 2898 cavimus,
1852 2845 1955 2917 ps'.
2047 2836 2448 2898 Benedicite.
2521 2834 2583 2895 A
2596 2841 2659 2897 ἢ.

1469 2924 1749 2987 Pulchra
1780 2944 1851 2985 es
1882 2932 1951 2985 et
1994 2924 2236 2985 decora
2265 2922 2399 2984 filia
2444 2920 2661 2983 hieru-

1467 3012 1677 3074 salem
1751 3010 2059 3073 terribilis
2133 3019 2211 3072 ut
2294 3018 2659 3073 castrorum

1466 3101 1643 3161 acies
1718 3099 2039 3160 ordinata.
2136 3106 2235 3179 pf.
2331 3096 2663 3158 Laudate.

1473 3187 1620 3266 Cap.
1673 3186 1751 3248 In
1777 3187 2085 3247 omnibus
2110 3185 2420 3265 requiem.
2460 3183 2663 3261 Hym.

1477 3275 1601 3406 O
1631 3293 1833 3355 quam
1880 3272 2176 3353 glorifica
2218 3273 2363 3335 luce
2394 3270 2663 3332 chorus-

1630 3381 1742 3424 cas
1817 3361 2039 3442 stirpis
2120 3361 2405 3422 davitice
2481 3358 2663 3439 regia

1464 3449 1683 3530 proles
1759 3449 2057 3511 sublimis
2124 3449 2415 3511 residens
2473 3447 2662 3526 virgo

1423 3537 1674 3622 ‚maria
1749 3556 1948 3618 supra
2025 3536 2353 3616 celigenas
2419 3533 2661 3596 etheris

1465 3645 1715 3688 omnes,
1814 3625 1915 3686 Tu
1946 3643 2097 3686 cum
2121 3625 2416 3704 virgineo
2450 3631 2663 3684 mater

1465 3711 1715 3776 honore
1760 3712 2146 3792 angelorum
2194 3711 2467 3777 domino
2508 3728 2665 3791 pec-

1465 3801 1628 3861 toris
1717 3800 1937 3862 aulam
2022 3800 2222 3861 sacris
2302 3796 2661 3860 visceribus

1467 3896 1652 3950 casta
1682 3888 1928 3969 parasti
1960 3896 2155 3949 natus
2180 3887 2333 3948 hinc
2364 3884 2529 3946 deus
2561 3889 2665 3944 est

1467 3996 1740 4055 corpore
1776 3974 2092 4037 Christus
2148 3973 2359 4049 Quem
2388 3979 2663 4032 cunctus

1467 4083 1789 4125 venerans
1821 4061 1997 4124 orbis
2030 4060 2261 4122 adorat
2290 4079 2304 4120 :
2352 4057 2455 4120 cui
2488 4075 2665 4118 nunc

1469 4151 1591 4214 rite
1636 4170 1811 4231 genu
1846 4148 2128 4210 flectitur
2173 4163 2411 4207 omne:
2458 4164 2499 4205 a
2530 4162 2665 4223 quo

1469 4257 1593 4302 nos
1623 4237 1911 4320 petimus
1941 4245 2009 4299 te
2038 4233 2344 4298 veniente
2386 4230 2663 4312 abjectis

2024 4369 2046 4400 ⁸
2219 4381 2282 4417 e.:
2318 4353 2525 4417 R.N.S.

2023 4435 2046 4466 ⁰
2152 4431 2290 4484 cmi:
2326 4431 2389 4482 R.
