3117 4959
181 259 188 264 ’
265 273 322 328 s,
355 270 696 326 SEPTEM
736 269 899 325 ΒΕΑ
911 269 1016 326 TR
1025 269 1164 326 ΗΜ.

653 377 792 434 891

175 482 665 618 Temporibus
710 481 1055 546 antonini¹
1103 483 1314 566 impe-

277 573 502 636 ratoris
552 571 832 634 felicitas
892 569 1166 634 illustris
1221 571 1314 634 fe-

157 661 322 724 mina
391 678 540 723 cum
613 668 874 740 septem
937 658 1090 722 filiis
1179 660 1314 723 suis

157 747 698 811 christianissimis
737 755 926 808 tenta
955 755 1058 810 est
1085 750 1136 812 τ’
1147 767 1312 828 quo-

157 856 286 900 rum
343 835 608 898 nomina
664 842 822 896 sunt
887 834 1050 899 hec:
1119 835 1316 917 janu-

159 926 314 988 arius
381 922 540 986 felix
572 941 587 985 :
683 921 1037 1004 philippus.
1127 921 1314 986 alex-

159 1011 378 1074 ander:
438 1009 694 1073 vitalis:
761 1010 1120 1074 martialis:
1181 1010 1318 1093 syl-

157 1119 359 1162 vanus,
447 1097 566 1160 Isti
609 1105 866 1178 septem
900 1097 1134 1160 fratres
1163 1117 1316 1162 cum

159 1195 346 1248 matre
415 1185 678 1249 illorum
743 1184 928 1249 ducti
1001 1194 1158 1249 sunt
1229 1185 1318 1250 ad

159 1274 432 1356 publium
507 1272 874 1354 prefectum
956 1292 1125 1356 quos
1208 1273 1320 1338 ille

159 1362 380 1427 blando
421 1359 757 1442 colloquio
801 1360 887 1424 ad
929 1359 1318 1426 sacrificium

157 1469 493 1531 provocans
521 1469 542 1516 ε
621 1449 999 1512 minabatur
1099 1450 1322 1512 interi-

158 1547 301 1601 tum.
1007 1536 1222 1600 Lectio
1249 1535 1321 1620 ij.

271 1624 331 1688 ui
353 1623 628 1688 felicitas
653 1632 866 1689 mater
882 1643 1109 1688 eorum
1129 1625 1320 1689 dixit.

269 1712 716 1776 Misericordia
806 1721 924 1775 tua
1013 1713 1322 1794 impietas

157 1809 280 1864 est:
309 1810 374 1866 et
402 1799 786 1863 exhortatio
811 1808 926 1862 tua
948 1800 1320 1866 crudelitas·

157 1888 238 1950 Et
266 1908 569 1952 conversa
599 1887 688 1950 ad
721 1885 892 1950 filios
935 1907 1091 1951 suos
1124 1888 1320 1953 dixit.

155 1975 376 2039 Videte
421 1975 539 2038 filii
591 1973 806 2038 celum
856 1974 971 2038 ubi
1031 1996 1152 2039 vos
1201 1995 1324 2040 ex-

141 2071 358 2144 pectat
388 2063 692 2128 Christus
715 2082 866 2126 cum
891 2064 1137 2126 sanctis
1167 2064 1322 2128 suis,

159 2150 434 2232 Pugnate
481 2171 608 2234 pro
655 2150 1006 2214 animabus
1047 2152 1322 2216 vestris:

156 2249 214 2302 et
236 2237 476 2308 ,fideles
519 2258 643 2302 vos
687 2237 756 2300 in
803 2258 1030 2302 amore
1077 2238 1324 2304 Christi

157 2327 462 2391 exhibete.
559 2325 834 2390 Publius
876 2346 1036 2390 vero
1070 2326 1322 2408 presec-

154 2423 249 2477 tus
270 2415 500 2496 jussit:
546 2423 625 2478 ut
655 2413 934 2477 felicitas
965 2423 1032 2478 et
1062 2425 1322 2496 septem

157 2501 256 2564 filii
285 2503 348 2565 in
377 2521 710 2568 carcerem
747 2503 1206 2566 mitterentur:
1255 2509 1326 2567 et

158 2591 450 2654 antonino
481 2590 866 2672 imperatori
911 2591 1138 2653 omnia
1181 2589 1327 2654 illo-

157 2697 282 2740 rum
311 2689 496 2759 gesta
527 2677 754 2742 referri
787 2677 1096 2759 precepit.
1187 2678 1326 2743 Lec.

175 2767 424 2896 Tunc
455 2766 818 2830 antoninus
856 2766 978 2828 im·
1012 2764 1326 2848 [secunda.

303 2863 565 2936 perator
599 2854 810 2916 misit²
831 2873 946 2916 eos
971 2873 1091 2934 per
1109 2853 1327 2917 varios

156 2939 429 3020 judices:
475 2951 552 3004 ut
575 2941 772 3004 variis
794 2940 1132 3022 suppliciis
1163 2939 1329 3004 lani-

115 3087 124 3096 .
163 3037 416 3093 arentur.
511 3029 632 3092 Ex
662 3029 902 3111 quibus
933 3048 1090 3091 vero
1121 3027 1330 3092 unus³

157 3113 344 3194 judex
363 3117 635 3181 fratrem
659 3117 943 3198 primum
965 3115 1330 3196 plumbatis

161 3205 394 3270 occidit.
499 3203 704 3267 Alter
752 3223 910 3266 vero
960 3205 1328 3267 secundum

162 3299 220 3353 et
282 3291 556 3356 tercium
636 3291 918 3355 fustibus
992 3292 1328 3356 mactavit.

160 3378 334 3442 Alius
374 3388 690 3461 quartum
741 3399 858 3460 per
902 3379 1328 3461 precipicium

162 3464 486 3531 interemit.
577 3465 778 3530 Alter
822 3467 1128 3547 quintum
1175 3487 1330 3529 sex-

159 3559 284 3616 tum
307 3564 372 3619 et
393 3555 755 3637 septimum
777 3554 972 3616 variis
990 3554 1330 3636 suppliciis

161 3639 406 3706 affectos
437 3641 792 3724 capitalem
818 3641 1038 3712 subire
1069 3652 1330 3704 senten-

160 3727 300 3794 tiam
329 3729 501 3794 fecit.
597 3731 884 3794 Matrem
915 3749 1072 3792 vero
1102 3749 1330 3792 eorum

159 3819 356 3898 capite
423 3819 714 3882 truncari
784 3816 982 3898 jussit
1015 3837 1031 3881 :
1109 3825 1176 3880 et
1237 3818 1334 3879 ita

161 3905 623 3987 triumphantes
684 3903 1201 3968 convolaverunt
1263 3905 1330 3966 in

159 3990 332 4058 celos,
426 3993 649 4059 Cetera
678 3993 757 4056 de
776 3994 1103 4056 communi
1114 3991 1332 4074 pluri·

159 4098 390 4144 morum
419 4090 806 4160 martyrum.

163 4169 218 4242 ff
269 4168 500 4231 Sancte
557 4167 982 4250 margarette⁴
1043 4165 1332 4248 virginis·

157 4265 212 4314 et
237 4257 558 4336 martyria
1077 4255 1327 4321 Oratio.

249 4393 260 4420 ¹
295 4391 588 4442 anthonini:
624 4389 763 4440 R.N.
829 4389 998 4440 assim.

245 4459 263 4488 ⁴
297 4467 602 4521 margarete:
639 4455 778 4506 R.N.
827 4493 840 4506 .
868 4455 1070 4522 passim.

1206 4389 1228 4420 ¹
1259 4405 1350 4454 pro
1373 4393 1388 4418 ‘
1408 4388 1540 4438 misit
1559 4389 1573 4411 '
1590 4388 1737 4452 jussit
1766 4405 1779 4439 :
1815 4387 1953 4439 R.N.

1208 4458 1228 4486 ⁸
1262 4455 1486 4505 ebulire:
1524 4455 1647 4505 R.S.

1461 265 1524 323 S.
1576 265 2054 325 MARGARET
2048 267 2175 324 HE
2232 266 2613 324 VJRGJNJS.

1924 377 2085 435 892

1410 485 1687 616 Deus
1716 483 1831 564 qui
1862 482 2133 550 beatam
2164 491 2611 567 margaretam

1569 571 1891 652 virginem
1925 582 2113 636 tuam
2148 573 2472 637 hodierna
2502 573 2615 638 die

1412 659 1500 722 ad
1555 659 1733 722 celos
1788 679 1907 741 per
1956 662 2259 743 martyrii
2312 661 2609 743 palmam

1411 747 1639 810 venire
1713 747 1925 813 fecisti
1960 769 1977 812 :
2052 751 2345 813 concede
2416 750 2611 814 nobis

1414 854 1811 916 quesumus:
1856 844 1932 898 ut
1974 835 2118 917 ejus
2165 837 2479 920 exempla
2509 857 2611 900 se-

1414 931 1695 1004 quentes
1739 923 1826 986 ad
1860 930 1927 986 te
1972 925 2313 1006 pervenire
2360 945 2611 988 merea-

1417 1030 1579 1074 mur.
1628 1031 1746 1092 per
1774 1011 2140 1077 dominum.
2206 1013 2341 1076 Lec.
2360 1015 2609 1095 prima.

1562 1108 1715 1161 eata
1742 1119 1900 1162 vero
1929 1100 2352 1181 margaretha
2374 1103 2612 1184 quinto

1561 1185 1824 1250 decimo
1913 1189 2111 1251 etatis
2220 1209 2341 1252 sue
2428 1209 2611 1254 anno

1417 1273 1697 1337 audiens
1776 1276 2301 1356 persecutionem
2379 1287 2613 1342 contra

1419 1360 1811 1425 christianos
1846 1361 2201 1427 ebullire⁵:
2246 1363 2351 1428 his
2393 1366 2613 1430 verbis

1417 1449 1789 1512 orationem
1851 1450 1939 1514 ad
2011 1450 2359 1516 dominum
2420 1453 2611 1518 fudit.

1422 1536 1715 1600 Domine
1752 1537 2057 1619 inquiens
2100 1539 2259 1619 Jesu
2310 1540 2613 1606 Christe:

1419 1623 1535 1705 qui
1583 1643 1925 1706 nunquam
1977 1626 2225 1690 deseris
2270 1637 2615 1710 sperantes

1422 1712 1490 1775 in
1521 1721 1592 1776 te
1618 1731 1635 1775 :
1681 1712 1981 1776 conforta
2012 1733 2123 1777 me
2151 1715 2496 1794 parvulam
2544 1718 2613 1780 in

1421 1808 1530 1862 te:
1577 1809 1651 1864 ut
1694 1801 1750 1862 si
1804 1801 2059 1865 venerit
2107 1804 2452 1884 tyrannica
2496 1824 2616 1886 po-

1423 1895 1671 1952 testas:
1724 1897 1793 1953 et
1844 1907 1953 1952 me
1996 1891 2614 1972 comprehenderit:

1421 1995 1556 2038 non
1618 1977 1889 2057 patiaris
1963 1978 2237 2042 domine
2294 1979 2613 2044 famulam

1420 2071 1611 2127 tuam
1670 2063 1993 2128 deficere:
2064 2074 2142 2128 ut
2202 2085 2319 2147 pre
2376 2068 2616 2131 timore

1423 2171 1745 2232 penarum
1778 2149 1979 2215 fidem
2025 2153 2237 2234 gratie
2267 2163 2381 2218 tue
2412 2155 2617 2220 abne-

1422 2257 1619 2320 gem:
1666 2247 1735 2303 et
1782 2248 1971 2302 tuum
2016 2250 2319 2305 sanctum
2370 2263 2617 2307 nomen

1423 2326 1847 2390 formidando
1878 2327 2266 2412 relinquam.
2309 2329 2517 2394 Lectio
2548 2330 2619 2414 ᾔ.

1525 2422 1754 2478 nterea
1799 2416 2072 2496 quidam
2120 2417 2449 2499 prefectus
2494 2419 2617 2483 oli-

1523 2501 1705 2565 brius
1748 2503 2056 2566 veniebat
2099 2505 2184 2568 de
2230 2506 2369 2568 asia
2404 2507 2470 2569 in
2504 2527 2623 2570 an-

1425 2588 1781 2653 tiochiam⁶
1811 2600 2083 2672 propter
2112 2592 2617 2657 christianorum

1425 2678 1967 2760 persecutionem.
2043 2679 2433 2762 Vidensque
2463 2681 2619 2744 bea-

1427 2773 1569 2828 tam
1676 2775 2117 2846 margaretam
2230 2779 2617 2849 pascentem

1426 2873 1624 2916 oves:
1678 2852 2181 2934 comprehendit
2229 2874 2419 2920 eam:
2474 2877 2622 2937 pre-

1425 2941 1738 3020 cepitque
1811 2939 1899 3003 ad
1972 2959 2047 3003 se
2116 2941 2375 3005 adduci.
2468 2942 2621 3024 Que

1427 3025 1906 3108 comprehensa
1999 3029 2177 3110 cepit
2282 3029 2621 3094 Christum

1429 3115 1734 3177 invocare
1806 3123 1876 3178 et
1950 3115 2185 3179 dicere.
2306 3117 2623 3182 Miserere

1430 3202 1560 3266 mei
1611 3202 1769 3282 jesu
1818 3201 2079 3267 Christe
2126 3203 2431 3267 miserere
2472 3207 2622 3272 mei.

1427 3289 1735 3352 Audiens
1767 3299 1991 3356 autem
2020 3311 2167 3354 esse
2197 3290 2621 3358 christianam

1429 3377 1811 3440 immutavit
1854 3378 2115 3442 vultum
2156 3379 2345 3443 faciei
2390 3401 2509 3444 sue
2555 3391 2623 3446 et

1429 3466 1526 3528 ait
1558 3465 1642 3528 ad
1676 3484 1845 3528 eam.
1938 3466 2049 3528 Ex
2096 3487 2232 3548 quo
2276 3488 2518 3549 genere
2550 3489 2623 3533 es

1429 3552 1550 3616 tu?
1630 3553 1839 3616 Beata
1860 3563 2233 3636 margareta
2262 3559 2621 3638 respondit.

1435 3641 1677 3704 Libera
1726 3661 1853 3721 ego
1905 3662 2052 3705 sum
2106 3651 2175 3706 et
2228 3642 2624 3710 christiana:

1431 3737 1498 3791 et
1530 3729 1767 3792 invoco
1796 3730 1996 3792 deum
2031 3739 2288 3811 patrem
2320 3735 2623 3814 omnipo-

1431 3823 1731 3880 tentem:
1793 3824 1863 3882 et
1920 3816 2131 3882 filium
2191 3818 2335 3899 ejus
2394 3820 2625 3900 Jesum

1435 3903 1793 3969 Christum.
2169 3905 2382 3968 Lectio
2413 3909 2626 3971 tertia.

1600 3992 1767 4056 ltera
1789 4011 1947 4056 vero
1966 3990 2077 4056 die
2094 3991 2366 4055 olibrius
2384 3995 2626 4058 sedens

1599 4099 1720 4159 pro
1752 4080 2063 4144 tribunali
2096 4098 2351 4142 sacram
2379 4082 2627 4162 virgin-

1433 4187 1540 4230 em
1574 4167 1699 4230 sibi
1733 4166 2029 4249 precepit
2053 4166 2350 4230 accersiri
2376 4187 2392 4231 ε
2423 4189 2626 4251 quam

1429 4255 1524 4318 sic
1586 4254 1855 4318 turbido
1908 4253 2095 4316 vultu
2158 4255 2325 4321 adiit
2382 4256 2631 4324 dicens·

2220 4390 2240 4419 ⁸
2273 4389 2457 4441 unius:
2493 4393 2561 4446 N.

1832 4457 1851 4485 ⁸
1884 4453 2259 4506 anthiochiam:
2296 4457 2491 4510 R.N.S.
