3117 4959
1166 223 1229 278 S.
1278 223 1634 280 RICARDI
1671 224 1791 279 DE
1836 224 2258 280 HAMPOLE

1014 330 1155 387 819

478 434 812 517 procubuit,
858 442 917 495 et
964 433 1305 511 priusquam
1352 436 1431 496 de
1485 434 1675 496 sancti

479 518 749 607 sepulcro
778 512 1114 574 discederet
1156 526 1247 574 est
1287 528 1503 575 curata.
1589 514 1672 575 Si·

478 598 621 655 mile
636 595 823 655 eciam
845 592 1093 668 contigit
1115 594 1192 653 de
1210 595 1471 670 quodam
1492 594 1676 653 surdo

477 676 755 751 Johanne
781 670 1043 744 nomine,
1072 672 1175 748 qui
1200 672 1263 731 in
1290 674 1440 733 festo
1470 674 1672 732 Purifi-

480 752 743 813 cacionis
808 752 984 811 beate
1051 751 1287 829 virginis
1352 772 1391 811 a
1443 751 1676 813 diutina

480 832 761 892 surditate
788 842 1022 889 curatus
1050 842 1155 903 est,
1185 829 1406 891 meritis
1443 841 1503 891 et
1542 850 1674 909 pre·

479 911 647 972 cibus
676 912 847 986 hujus
875 907 1063 968 sancti
1093 909 1209 971 Dei
1238 909 1499 983 Ricardi,
1528 911 1675 970 dum

478 989 673 1067 ipsum
702 988 973 1050 devotius
1000 986 1347 1049 invocasset.
1429 991 1550 1048 Lec.
1582 991 1672 1065 iij.

486 1070 804 1207 Quedam
848 1066 1061 1125 mulier
1103 1068 1354 1145 graviter
1397 1068 1675 1128 laborans

584 1146 645 1206 in
688 1157 859 1224 partu
902 1145 1147 1207 tandem
1188 1146 1417 1225 peperit
1454 1146 1673 1207 aborti·

476 1246 619 1286 vum
638 1238 697 1286 et
718 1236 1036 1298 mortuum,
1048 1225 1151 1303 qui
1170 1244 1277 1303 per
1294 1225 1676 1286 medietatem

479 1305 600 1367 diei
622 1305 859 1382 jacebat
884 1316 1149 1365 mortuus
1196 1317 1257 1365 et
1298 1304 1462 1364 omni
1504 1304 1675 1380 signo

478 1384 599 1445 vite
625 1384 897 1461 privatus
988 1386 1263 1460 Cumque
1302 1395 1676 1444 mensuratus

477 1475 633 1525 esset
686 1464 766 1525 ad
818 1474 1087 1525 sanctum
1144 1461 1261 1522 Dei
1328 1462 1674 1536 Rioerdum,

480 1542 677 1603 statim
704 1542 889 1621 ipsius
914 1542 1188 1621 precibus
1231 1543 1367 1601 Deo
1407 1542 1675 1602 donante

474 1620 658 1681 vitam
703 1621 949 1697 accepit.
1036 1618 1298 1697 Quidam
1340 1618 1529 1679 eciam
1569 1622 1673 1696 Jo-

476 1701 705 1760 hannes
732 1700 978 1761 nomine
1003 1720 1189 1778 prope
1218 1700 1672 1759 domum-Sanc-

475 1778 867 1839 timonialium
916 1781 995 1840 de
1039 1781 1343 1854 Hampole
1395 1777 1672 1838 habitans

476 1858 656 1918 filiam
700 1859 905 1919 babuit
949 1870 1203 1936 quatuor
1240 1876 1529 1917 annorum
1558 1876 1669 1917 no-

475 1937 639 1998 mine
692 1939 1029 2011 Isabellam,
1084 1956 1201 2014 que
1268 1935 1672 2026 ignorantibus

473 2016 752 2077 omnibus
806 2017 885 2077 de
938 2018 1123 2078 domo
1169 2026 1350 2091 patris
1398 2014 1490 2073 sui
1526 2032 1670 2075 casu

473 2114 537 2155 se
564 2094 763 2172 posuit
790 2114 969 2173 super
994 2096 1295 2172 quandam
1331 2093 1670 2170 congeriem

470 2176 768 2251 palearum
804 2197 818 2233 ε
858 2172 959 2235 ubi
1013 2192 1150 2233 cum
1204 2192 1460 2251 sompno
1514 2183 1672 2233 esset

470 2272 753 2330 oppressa
802 2255 1067 2330 projecte
1120 2264 1258 2312 sunt
1310 2270 1485 2328 super
1537 2268 1670 2310 eam

470 2350 713 2392 acervus
761 2342 820 2392 et
862 2344 1049 2392 strues
1078 2334 1397 2408 palearum.
1484 2331 1669 2403 Cum·

470 2430 587 2489 que
614 2421 825 2487 postea
850 2409 1053 2471 fuisset
1080 2409 1394 2487 diligenter
1434 2408 1670 2485 quesita

466 2510 581 2551 nec
607 2488 863 2563 inventa,
894 2491 1137 2550 tandem
1165 2488 1465 2565 predictus
1502 2488 1666 2563 pale-

466 2588 633 2628 arum
675 2588 921 2629 acervus
970 2569 1047 2628 ab
1094 2566 1525 2644 inquirentibus
1574 2576 1668 2626 est

465 2647 745 2725 apertus,¹
791 2658 849 2708 et
876 2648 1077 2725 puella
1102 2666 1215 2707 nec
1240 2646 1455 2704 mirum
1480 2664 1664 2721 appa-

462 2726 581 2787 ruit
618 2737 865 2787 mortua.
951 2729 1233 2786 Parentes
1260 2724 1460 2801 itaque
1486 2726 1664 2783 vehe-

464 2818 696 2865 menter
722 2807 1023 2881 ejulabant
1064 2815 1125 2865 et
1170 2804 1407 2877 flebant,
1452 2804 1559 2863 sed
1602 2802 1664 2862 in

462 2895 631 2945 tanta
674 2883 1027 2944 necessitate
1078 2882 1356 2960 prudenti
1400 2892 1461 2943 et
1514 2900 1663 2942 sano

463 2975 602 3023 sunt
630 2963 721 3023 usi
748 2962 1015 3037 consilio,
1045 2971 1454 3021 mensurantes
1481 2960 1663 3020 filiam

461 3053 761 3103 mortuam
828 3042 908 3103 ad
975 3051 1246 3101 sanctum
1312 3039 1662 3101 heremitam

2286 334 2448 388 820

1777 436 2153 497 Ricardum:
2221 437 2382 513 quod
2441 455 2580 497 cum
2639 457 2720 498 ex
2773 456 2972 514 magna

1775 516 2151 575 confidencia
2165 527 2227 575 et
2242 516 2574 577 devocione
2597 517 2808 577 fuisset
2823 537 2972 577 com-

1775 596 2020 709 pletqm,
2075 594 2273 655 statim
2325 597 2528 673 puella
2580 596 2856 657 restituta
2891 610 2972 657 est

1773 686 1909 733 vite.

1945 750 2072 890 ΛΑ
2078 754 2347 830 nttphone
2354 763 2470 831 po·
2489 752 2768 835 octavas-,J

1772 832 1894 891 An.
2017 834 2242 892 undum
2289 832 2669 894 immundum
2719 836 2974 895 mundus

1774 910 2128 983 considerat,
2182 913 2260 971 ab
2313 913 2442 988 ejus
2495 912 2656 971 curis
2697 932 2766 973 se
2805 916 2976 989 plene

1774 989 2002 1060 liberat,
2053 990 2168 1049 soli
2216 992 2352 1050 Deo
2399 990 2617 1051 servire
2661 992 2978 1052 desiderat.

1774 1077 1869 1127 αῆ.
1943 1068 2114 1128 Felix
2185 1070 2612 1130 commercium
2685 1070 2976 1133 Ricardus

1775 1146 1970 1221 efficit,
1997 1146 2274 1225 linquens
2299 1148 2558 1207 carnalia
2595 1168 2859 1225 superna
2893 1170 2976 1210 re-

1775 1224 1967 1301 spicit,
1998 1225 2062 1286 in
2089 1226 2201 1286 hiis
2229 1230 2441 1287 letatur
2478 1240 2542 1288 et
2581 1246 2821 1289 summe
2845 1248 2974 1305 pro-

1775 1304 1913 1365 ficit.
1997 1314 2096 1365 aii.
2141 1306 2298 1366 Pluit
2333 1306 2596 1366 Ricardo
2637 1326 2867 1367 manna
2901 1310 2977 1369 de

1777 1384 2020 1460 superis,
2093 1404 2215 1462 quo
2281 1386 2614 1445 delectatus
2683 1386 2976 1463 impendit

1773 1462 1987 1523 ceteris
2053 1482 2290 1524 sensum
2373 1464 2714 1525 dulcedinis
2793 1465 2976 1526 divini

1773 1542 2052 1602 muneris,
2159 1552 2254 1602 αῇ.
2327 1546 2526 1620 Auget
2575 1544 2764 1617 bona,
2821 1547 2978 1619 fugat

1771 1620 2089 1696 fastidium,
2119 1622 2318 1682 horret
2343 1641 2498 1681 vana
2537 1624 2724 1681 velud
2763 1623 2980 1685 excidi-

1771 1718 1893 1774 um,
1923 1698 2042 1761 vite
2068 1713 2272 1761 sancte
2299 1700 2492 1777 querit
2517 1700 2847 1761 fastidium.

2013 1776 2418 1860 [Responsonzz
2433 1777 2738 1917 ferialia,

1768 1858 1873 1916 Re.
1917 1860 2129 1918 Homo
2172 1857 2286 1918 Dei
2325 1860 2470 1918 dum
2517 1860 2688 1919 solus
2856 1858 2972 1931 'tatv

1769 1936 1948 1995 sacris
1975 1936 2153 1996 armis
2179 1948 2324 1996 tunc
2345 1940 2479 1997 Deo
2497 1937 2716 1997 militat
2729 1958 2748 1995 ε
2785 1940 2974 1999 Hasta

1767 2034 1966 2091 penne
1992 2016 2193 2076 hostes
2219 2015 2576 2093 suppeditat.
2634 2018 2688 2092 Ϋ
2729 2018 2972 2077 Scutum

1767 2104 1964 2170 portat
1987 2105 2190 2155 aurate
2227 2094 2368 2154 fidei
2413 2114 2554 2154 cum
2596 2094 2806 2171 quinis
2831 2096 2976 2155 rosis

1769 2173 1984 2232 coloris
2011 2173 2178 2233 rubei
2207 2196 2221 2233 z
2253 2176 2460 2233 Hasta.
2507 2175 2612 2233 Re.
2649 2175 2976 2251 Paupertas

1768 2251 2030 2327 queritur
2054 2252 2197 2312 totis
2237 2251 2584 2329 precordiis,
2627 2254 2818 2328 plene
2855 2252 2978 2313 dili-

1767 2329 1925 2407 gitur
1969 2330 2179 2407 spretis
2225 2330 2496 2391 diviciis:
2543 2332 2686 2406 Qua
2731 2346 2974 2393 sanctus

1767 2408 1948 2468 utitur
1972 2410 2152 2470 velud
2180 2408 2426 2471 deliciis.
2509 2414 2560 2485 Ϋ
2603 2412 2751 2486 Quo
2779 2411 2978 2471 minus

1769 2487 2034 2566 possidet
2061 2490 2253 2565 major
2291 2490 2360 2549 fit
2397 2489 2700 2561 dominus,
2733 2490 2802 2549 in
2827 2509 2976 2567 pane

1767 2567 2006 2640 residet,
2061 2568 2256 2628 celum
2307 2578 2398 2627 est
2441 2567 2754 2629 terminus·
2843 2570 2979 2645 Qua

1767 2658 2021 2705 sanctus.
2113 2648 2224 2706 Re.
2283 2646 2479 2707 Currit
2544 2666 2658 2723 per
2721 2649 2980 2723 gratiam

1765 2738 2007 2785 sanctus
2059 2724 2120 2784 in
2176 2725 2418 2787 stadio:
2486 2726 2618 2787 odit
2671 2726 2980 2803 pigritiam

1765 2805 1966 2881 fugato
1994 2804 2146 2864 ocio,
2229 2803 2328 2865 Sic
2372 2814 2538 2864 tenet
2579 2805 2844 2881 gloriam
2885 2826 2982 2865 ac-

1763 2895 1942 2960 cepto
1995 2882 2216 2943 bravio.
2301 2885 2354 2959 Ῡ
2399 2884 2656 2944 Certans
2707 2884 2982 2963 legitime

1763 2972 2004 3022 ornatur
2039 2961 2282 3039 premio,
2325 2964 2540 3023 letatur
2577 2960 2804 3025 intime
2845 2983 2980 3041 sup-

1761 3058 1971 3117 premo
1995 3040 2234 3119 gaudio.
2317 3040 2418 3101 Sic
2446 3052 2616 3102 tenet
2645 3054 2772 3103 etc.

940 3218 1141 3280 Finito
1168 3216 1318 3279 libro
1347 3215 1422 3278 sit
1448 3218 1576 3278 laus
1603 3228 1664 3279 et
1688 3217 1873 3296 gloria
1901 3216 2160 3280 Christo.
2243 3221 2458 3279 Amen.

568 3408 581 3439 ¹
618 3416 819 3473 apartus
844 3428 856 3458 z
881 3410 939 3459 B.

564 3475 585 3504 ²
617 3472 741 3521 This
764 3473 907 3523 office
928 3472 981 3522 in
1016 3472 1102 3523 the
1132 3472 1377 3521 Bodleian
1402 3472 1513 3522 MS.
1542 3472 1668 3523 ends

462 3540 598 3589 here.
671 3538 783 3588 The
816 3538 957 3588 ferial
980 3538 1271 3604 Antiphone.
1304 3538 1405 3588 and
1440 3538 1666 3603 Respon·
1709 3582 1718 3589 .

1765 3406 2051 3525 sorlinaehffiat
2073 3406 2244 3459 follow
2267 3424 2352 3459 are
2375 3408 2528 3459 taken
2561 3410 2698 3461 from
2736 3412 2834 3464 the
2867 3412 2990 3463 Lin-

1765 3488 1828 3523 oo
2005 3508 2020 3524 .
