3117 4959
1328 261 1392 316 S.
1442 261 1710 317 BRICII
1749 260 1948 316 EPIS
1947 259 1999 317 C
1995 259 2149 317 OPI.

1016 369 1175 425 689

486 477 643 608 Α
654 477 699 540 d
732 476 855 540 hec
885 476 1167 540 turonici
1188 475 1695 558 responderunt.

656 565 907 628 Verum
930 565 985 627 si
1006 564 1181 627 mos'
1206 563 1577 645 antiquitus
1594 564 1694 626 in-

490 653 763 716 stitutus
786 661 1083 716 servatur
1109 674 1124 716 :
1166 653 1233 715 in
1266 652 1427 715 urbe
1456 652 1525 714 in
1556 671 1694 733 qua

492 741 955 804 ordinatus-est
973 739 1249 804 habebit
1270 739 1399 803 deo
1412 739 1694 822 jubente

490 829 930 911 sepulchrum.
1026 829 1117 891 Et
1148 848 1419 892 necesse
1450 835 1585 891 est:
1617 836 1694 890 ut

492 916 674 998 quod
755 916 1099 979 nobiscum
1178 937 1313 979 non
1390 914 1694 998 implevit

490 1005 679 1069 vivus
709 1003 981 1085 expleat
1011 1004 1117 1067 vel
1136 1002 1505 1068 defunctus,
1550 1004 1694 1067 Vo-

492 1092 596 1155 bis
628 1093 971 1155 suscitavit
999 1091 1169 1156 duos
1202 1100 1499 1155 mortuos
1525 1112 1542 1156 :
1574 1110 1695 1155 no-

490 1181 594 1243 bis
626 1199 877 1244 unum:
922 1187 994 1242 et
1037 1189 1113 1243 ut
1157 1180 1297 1262 ipse
1326 1199 1486 1262 sepe
1516 1179 1696 1242 dice-

493 1267 653 1332 bat:
702 1267 917 1350 major
964 1268 1025 1331 ei
1072 1268 1282 1331 virtus
1330 1277 1489 1331 ante
1520 1267 1694 1349 epis-

494 1365 811 1439 copatum
843 1356 969 1420 fuit
998 1374 1201 1438 quam
1254 1363 1409 1439 post
1438 1355 1696 1438 episco-

493 1453 746 1527 patum.
1352 1443 1566 1506 Lectio
1596 1443 1694 1525 ig‘y'.

496 1533 754 1664 His
828 1551 989 1615 ergo
1062 1531 1479 1614 litigantibus
1552 1530 1696 1594 sole

699 1629 1017 1703 vergente
1071 1640 1211 1683 nox
1271 1618 1499 1684 affuit:
1547 1639 1694 1684 cor-

496 1727 753 1790 pusque
814 1709 881 1771 in
944 1708 1168 1772 medio
1235 1707 1529 1790 positum
1605 1707 1694 1770 ab

496 1803 778 1876 utroque
810 1795 1059 1878 populo
1089 1795 1477 1859 custoditur.
1541 1795 1694 1858 Deo

496 1892 721 1946 autem
754 1883 1023 1948 nolente
1054 1883 1425 1946 turonicam
1459 1882 1692 1946 urbem

497 1992 539 2034 a
558 1971 825 2053 proprio
836 1970 1129 2035 frustrari
1155 1979 1469 2054 patrono:
1495 1979 1692 2034 nocte

496 2059 719 2122 media
810 2078 1044 2123 omnes
1136 2059 1379 2141 pictavi
1454 2077 1695 2121 somno

495 2147 1065 2228 comprimuntur:
1120 2156 1188 2210 et
1241 2146 1523 2209 turonici
1577 2165 1688 2230 ap-

494 2232 890 2316 prehensam
941 2234 1339 2297 sanctissimi
1399 2234 1694 2318 corporis

494 2320 761 2402 glebam
824 2322 1191 2385 turonicam
1246 2321 1480 2386 urbem
1542 2341 1694 2386 cum

496 2410 756 2491 magnis
815 2408 1122 2473 laudibus
1182 2409 1458 2492 ingressi
1517 2419 1692 2474 sunt.

495 2497 604 2559 De
636 2516 918 2578 quorum
970 2498 1247 2562 vocibus
1294 2498 1540 2582 pictavi
1573 2518 1696 2560 ex-

495 2584 859 2667 pergefacti
896 2606 911 2650 :
972 2585 1135 2650 nihil
1218 2586 1305 2650 de
1378 2585 1694 2650 thesauro

494 2693 693 2755 quem
768 2674 1237 2738 custodiebant
1316 2672 1643 2737 habentes
1677 2694 1694 2738 ς

491 2780 645 2824 cum
678 2782 924 2845 magna
970 2762 1353 2827 confusione
1400 2760 1487 2826 ad
1540 2781 1696 2844 pro·

494 2850 639 2932 pria
682 2861 841 2914 sunt
888 2851 1145 2914 reversi.
1237 2851 1435 2916 Cives
1464 2858 1692 2914 autem

492 2938 773 3001 turonici
806 2938 1244 3020 tripudiantes
1269 2959 1419 3003 cum
1444 2957 1694 3020 magno

494 3024 745 3089 honore
777 3027 1266 3090 sanctissimum
1312 3046 1549 3109 corpus
1591 3047 1695 3090 se-

498 3113 843 3194 pelierunt.
937 3119 1003 3193 {s
1052 3114 1139 3178 Si
1167 3115 1423 3195 festum
1480 3113 1698 3177 sancti

492 3201 711 3263 Briciz'
736 3202 842 3264 vel
885 3202 1099 3265 sancti
1142 3202 1237 3264 M
1229 3201 1453 3264 achati
1471 3203 1495 3239 ²
1519 3225 1543 3264 .·
1593 3201 1702 3265 vel

489 3288 705 3351 sancti
730 3287 995 3353 Auiani
1021 3291 1091 3352 in
1130 3289 1451 3353 dominica
1478 3309 1685 3352 evene·

492 3377 591 3438 rit
610 3399 635 3439 .·
662 3375 849 3458 fiant
874 3377 1079 3440 medie
1107 3377 1393 3440 lectiones
1420 3378 1503 3441 de
1515 3378 1695 3458 festo

492 3473 558 3526 et
584 3463 895 3526 memoria
924 3465 1005 3526 de
1031 3475 1248 3528 sancto
1278 3465 1579 3529 martina.

497 3555 559 3630 ΙΙ
610 3551 847 3614 Sancti
874 3551 1089 3614 Bricii
1113 3553 1389 3634 episcopi.
1479 3554 1616 3617 Lec.
1629 3554 1690 3636 j.

488 3640 781 3771 Igitur
861 3647 1013 3721 post
1089 3659 1436 3704 excessum
1513 3641 1692 3705 beati

605 3728 869 3790 martini
893 3727 1192 3790 turonice
1214 3728 1500 3792 civitatis
1520 3731 1692 3811 epis-

490 3817 640 3900 copi
673 3817 909 3880 beatus
939 3816 1182 3880 bricius
1228 3817 1688 3899 episcopatum

492 3905 799 3987 suscepit.
868 3905 1002 3989 Qui
1034 3906 1338 3989 quamvis
1368 3905 1693 3987 superbus

493 4002 670 4056 esset
729 4002 799 4057 et
857 4014 1105 4058 vanus:
1182 4002 1405 4058 castus
1462 4002 1690 4058 tamen

492 4077 865 4145 habebatur
914 4083 983 4145 in
1028 4101 1318 4164 corpore.
1410 4082 1692 4145 Tricesi-

495 4188 606 4231 mo
664 4189 820 4233 vero
880 4169 1317 4234 ordinationis
1382 4191 1501 4234 sue
1571 4190 1692 4234 an-

490 4276 580 4320 no
604 4276 619 4320 ε
666 4258 876 4320 oritur
905 4267 1139 4322 contra
1167 4279 1325 4322 eum
1356 4258 1688 4322 lamenta·

624 4379 800 4428 ¹n08:
836 4377 905 4474 S.⁵
976 4444 1009 4494 h
1042 4445 1105 4496 be
1188 4379 1580 4496 ’'IgffioeuxtifRR'

882 4449 957 4490 .‘
1012 4461 1041 4494 a
1106 4459 1166 4496 ns
1223 4462 1254 4495 a
1346 4465 1358 4495 ε
1461 4480 1474 4496 .
1536 4480 1547 4495 .

2305 365 2470 438 eoo

1798 474 1932 538 bile
1993 473 2261 538 crimen.
2375 473 2554 536 Nam
2615 469 2832 534 mulier
2874 471 2938 536 ad

1794 581 2001 645 quam
2032 560 2416 626 cubicularii
2439 561 2582 643 ejus
2600 561 2944 623 vestimenta

1796 651 2166 713 afferebant
2197 650 2283 713 ad
2303 649 2330 686 ³
2363 648 2651 712 lavanda
2678 670 2692 711 :
2722 667 2838 729 que
2851 647 2945 710 snb
3029 645 3031 674 ¹

1795 737 2132 820 religionis
2191 736 2412 820 specie
2469 744 2612 799 erat
2650 757 2665 798 :
2737 745 2950 798 mutam

1792 838 1980 890 veste
2011 827 2318 908 concepit
2351 834 2420 888 et
2465 823 2740 906 peperit.
2821 821 2952 886 Om-

1795 915 2032 996 nisque
2106 913 2394 997 populus
2471 912 2724 974 crimen
2793 931 2955 991 super

1795 1002 2187 1085 episcopum
2238 1001 2576 1064 referunt:
2617 1008 2815 1080 atque
2859 1019 2954 1060 un-

1797 1091 2106 1154 animiter
2123 1109 2274 1154 eum
2296 1087 2600 1171 lapidare
2628 1086 2953 1150 voluerunt.

1801 1177 1930 1242 Illo
1949 1198 2217 1260 quoque
2237 1177 2368 1241 hoc
2391 1185 2714 1258 negante:
2733 1173 2954 1237 afferte⁴

1797 1267 2016 1347 inquit
2045 1265 2368 1329 infantem
2398 1265 2486 1326 ad
2519 1284 2648 1326 me.
2697 1263 2958 1344 Cumque

1797 1355 2066 1418 oblatus
2087 1362 2262 1417 esset
2293 1352 2510 1416 infans
2549 1352 2820 1432 triginta
2843 1351 2956 1412 dies

1797 1441 1886 1506 ab
1937 1442 2170 1505 ortu⁸2
2216 1441 2312 1504 ait
2370 1440 2460 1504 ad
2521 1459 2682 1502 eum
2741 1437 2955 1501 bricius.

1796 1528 2062 1610 Adjuro
2093 1539 2159 1592 te
2190 1549 2310 1611 per
2335 1529 2568 1610 Jesum
2611 1526 2956 1591 Christum:

1797 1627 1874 1680 ut
1931 1617 1988 1680 si
2065 1637 2192 1699 ego
2251 1625 2320 1680 te
2395 1615 2712 1698 generavi
2771 1631 2956 1676 coram

1798 1706 2058 1768 cunctis
2131 1703 2372 1768 edicas
2490 1702 2694 1766 Dixit
2765 1701 2956 1764 Infans.

1799 1794 1957 1857 Non
2019 1813 2091 1856 es
2151 1801 2224 1856 tu
2286 1791 2502 1874 inquit
2549 1799 2748 1873 pater
2793 1807 2958 1851 meus.

1797 1878 2174 2012 Populis
2191 1877 2220 1918 ⁶
2246 1887 2476 1942 autem
2509 1899 2652 1941 non
2675 1876 2962 1961 [Lectioij.

1955 1967 2378 2032 credentibus
2398 1968 2755 2049 insurgunt
2772 1973 2963 2029 contra

1799 2076 1952 2120 eum
1985 2065 2054 2120 et
2085 2056 2426 2120 trahentes
2444 2055 2780 2118 dicebant.
2837 2053 2963 2116 Non

1796 2144 2049 2208 diutius
2098 2145 2292 2208 nobis
2344 2143 2516 2207 falso
2565 2141 2844 2224 pastoris
2873 2159 2962 2202 no-

1798 2234 1980 2296 mine
2011 2231 2478 2296 dominaberis,
2557 2230 2842 2294 Sanctus
2867 2228 2963 2309 igi-

1794 2329 1906 2384 tur
1970 2320 2214 2384 bricius
2289 2320 2376 2383 ad
2453 2317 2964 2382 satisfaciendum

1796 2408 2017 2473 adhuc
2045 2407 2297 2491 populo
2328 2427 2577 2491 prunas
2601 2407 2896 2469 ardentes
2913 2403 2964 2466 in

1797 2497 2068 2579 byrrum
2089 2516 2282 2559 suum
2305 2496 2564 2578 posuit:
2599 2497 2965 2575 astringens-

1798 2604 1930 2666 que
1981 2603 2093 2647 eas
2152 2584 2240 2647 ad
2303 2583 2736 2665 sepulchrum
2793 2577 2966 2643 sancti

1797 2672 2109 2735 martini:
2155 2691 2308 2735 cum
2363 2673 2547 2734 omni
2595 2669 2972 2753 populo-va-

1795 2760 1946 2824 dit-z
2027 2759 2470 2842 projectisque
2546 2767 2714 2821 ante
2786 2753 2968 2838 sepul·
3028 2793 3031 2848 4

1795 2847 2028 2912 chrum
2059 2848 2325 2930 prunis:
2356 2847 2838 2911 vestimentum
2857 2844 2969 2924 ejus
3028 2849 3031 2926 ξ

1797 2937 2092 3000 inustum
2170 2935 2494 3020 apparuit.
2669 2933 2966 3014 Dixitque
3029 2935 3031 2938 ⁴

1797 3025 2167 3108 episcopus,
2297 3024 2484 3089 Sicut
2548 3022 2738 3086 istud
2809 3019 2968 3083 vesti·

1797 3122 2098 3177 mentum
2131 3111 2217 3176 ab
2261 3111 2390 3175 hiis
2440 3111 2717 3192 ignibus
2767 3106 2968 3173 videtis

1797 3200 2098 3265 illesum:
2146 3201 2240 3264 ita
2288 3208 2357 3263 et
2400 3219 2648 3282 corpus
2697 3216 2906 3261 meum
2938 3213 2968 3256 a

1795 3297 1980 3353 tactu
2044 3287 2335 3352 mulieris
2388 3297 2490 3350 est
2552 3286 2968 3369 impollutum.

1800 3376 1942 3440 Illis
1971 3396 2128 3441 vero
2159 3375 2772 3441 contradicentibus
2819 3388 2969 3436 sanc·

1795 3472 1905 3528 tus
1964 3465 2207 3528 bricius
2282 3464 2556 3546 ejicitur.
2637 3473 2720 3526 ut
2791 3476 2969 3524 sermo

1796 3554 2008 3616 sancti
2042 3553 2306 3616 martini
2337 3549 2735 3635 impleretur
2760 3573 2777 3614 :
2807 3563 2968 3611 nove·

1795 3642 1882 3704 ris
1935 3649 2003 3704 te
2053 3641 2118 3704 in
2171 3641 2560 3724 episcopatu
2611 3638 2830 3703 multa
2879 3633 2970 3697 ad-

1795 3749 1986 3794 versa
2018 3749 2385 3813 passurum.
2656 3725 2871 3790 Lectio
2895 3721 2968 3803 iij.

1926 3829 2160 3883 anctus
2201 3819 2446 3884 bricius
2497 3836 2754 3900 papam
2799 3830 2967 3894 expe-

1925 3909 2073 3972 tiit:
2143 3906 2307 3969 flens
2347 3915 2416 3969 et
2476 3905 2743 3986 ejulans
2802 3912 2966 3981 atque

1795 3995 2037 4059 dicens,
2117 3994 2361 4057 Merito
2393 3992 2514 4055 hec
2549 3994 2814 4074 patior:
2842 3987 2965 4070 quia

1795 4083 2062 4164 peccavi
2125 4083 2194 4144 in
2267 4089 2576 4144 sanctum
2641 4079 2962 4144 martinum

1793 4171 2180 4252 episcopum
2214 4178 2283 4231 et
2313 4189 2468 4232 eum
2491 4167 2784 4231 delirum
2802 4175 2964 4245 atque

1793 4267 2132 4322 amentem
2209 4276 2370 4338 sepe
2439 4257 2676 4321 vocavi
2724 4277 2740 4320 z
2813 4251 2964 4332 cujus

1818 4377 2264 4430 “ad’om.=R.
2339 4395 2354 4408 ·
2575 4374 2907 4428 *afferruS-

2159 4448 2180 4477 ⁰
2215 4444 2472 4509 Populus:
2507 4445 2592 4494 W.
