3117 4959
1131 234 1193 290 S.
1255 231 1844 290 WILLEBRORDI
1883 231 2082 288 EPIS
2081 231 2130 287 C
2130 230 2282 288 OPI.

982 341 1130 398 673

452 446 561 511 ad'
586 445 805 510 celum
853 447 1115 530 erigens
1145 447 1361 512 oravit
1400 447 1486 512 ad
1532 447 1656 512 do·

456 535 729 600 minum.
822 535 1031 618 Cujus
1076 535 1381 619 precibus
1425 537 1656 620 regina

457 633 772 688 nascente
796 625 1031 706 quam¹
1058 626 1126 688 in
1151 634 1342 690 utero
1358 623 1656 690 habebat

456 711 686 796 prole:
732 713 821 776 ab
866 714 1052 777 omni
1112 712 1432 796 languore
1491 712 1655 776 libe·

475 890 711 1021 Cum
742 897 967 952 autem
1000 909 1122 953 rex
1152 888 1366 954 multa
1394 890 1463 953 in
1495 909 1657 953 auro

598 986 667 1040 et
695 986 973 1059 argento
1004 977 1323 1042 leonardo
1352 977 1658 1042 offerret:

464 1063 574 1128 ille
606 1065 909 1147 protinus
938 1067 1166 1130 omnia
1202 1066 1529 1130 recusavit
1556 1065 1658 1129 di·

462 1171 659 1215 cens:
696 1151 843 1235 Ego
876 1153 1059 1218 nullo
1090 1172 1317 1218 eorum
1348 1154 1660 1236 indigeo:

464 1249 728 1304 tantum
774 1242 842 1305 in
892 1240 1116 1324 aliqua
1158 1241 1473 1307 silvarum
1504 1242 1662 1306 soli-

464 1329 700 1394 tudine
758 1332 1160 1413 contemptis
1214 1331 1447 1395 mundi
1493 1330 1660 1394 divi-

466 1417 615 1482 tiis:
662 1419 784 1482 soli
835 1418 1101 1483 Christo
1153 1416 1457 1483 famulari
1488 1418 1662 1483 desi·

466 1506 645 1571 dero,
734 1507 851 1570 Ad
883 1506 1005 1571 hec
1045 1507 1250 1571 verba
1292 1507 1662 1572 catholicus

467 1615 588 1657 rex
663 1596 1006 1677 respondit
1040 1616 1055 1660 ε
1149 1595 1291 1661 Sub
1352 1595 1663 1659 cartulari

465 1693 783 1766 precepto
800 1685 1065 1747 tradam
1083 1683 1205 1747 tibi
1230 1684 1408 1748 istud
1428 1703 1664 1747 nemus

465 1779 705 1836 totum.
796 1771 922 1837 Cui
969 1773 1207 1836 beatus
1258 1772 1613 1836 leonardus
1648 1791 1664 1835 :

468 1860 624 1923 Non
659 1868 877 1924 totum
908 1861 1123 1944 inquit
1153 1860 1513 1945 accipiam:
1544 1858 1663 1923 sed

468 1956 795 2031 quantum
844 1969 979 2013 una
1030 1957 1227 2013 nocte
1273 1968 1425 2013 meo
1456 1948 1664 2013 asello

468 2036 741 2100 circuire
773 2047 1009 2118 potero
1036 2058 1053 2101 :
1099 2045 1169 2100 et
1192 2057 1327 2102 non
1355 2035 1664 2118 amplius·

470 2125 671 2208 Quod
751 2145 873 2188 rex
946 2125 1384 2190 libentissime
1448 2125 1662 2190 adim·

466 2212 691 2295 plevit.
1168 2213 1387 2276 Lectio
1414 2213 1666 2295 quinta.

482 2302 947 2433 Constructo
977 2301 1203 2382 itaque
1233 2300 1483 2364 ibidem
1522 2320 1667 2366 mo-

606 2389 939 2454 nasterio:
984 2408 1137 2452 cum
1176 2389 1507 2470 adjunctis
1538 2389 1664 2452 sibi

469 2477 731 2540 duobus
762 2476 1105 2541 monachis
1132 2498 1147 2542 :
1189 2478 1303 2541 diu
1334 2477 1425 2541 ibi
1450 2478 1515 2540 in
1549 2477 1668 2541 ab·

470 2565 788 2629 stinentia
834 2565 1046 2629 multa
1091 2565 1397 2650 degebat.
1490 2565 1666 2630 Cum

470 2663 697 2716 autem
750 2654 837 2717 ab
886 2653 983 2716 eis
1013 2673 1190 2736 aqua
1218 2673 1353 2718 uno
1384 2653 1668 2719 miliario

466 2741 789 2806 distaret:
863 2751 1143 2825 puteum
1216 2743 1342 2806 sibi
1418 2743 1665 2807 siccum

470 2830 610 2894 sodi
635 2830 869 2912 jussit:
915 2851 1117 2913 quem
1149 2851 1325 2912 aqua
1354 2831 1491 2893 suis
1520 2851 1668 2894 ora-

471 2919 765 2983 tionibus
795 2919 1113 3002 implevit.
1192 2919 1431 3002 Ibique
1461 2918 1668 2982 tantis

474 3007 805 3072 miraculis
836 3007 1289 3072 choruscavit:
1321 3008 1502 3091 quod
1523 3006 1667 3090 qui-

471 3116 733 3178 cunque
786 3096 931 3177 ejus
986 3115 1231 3160 nomen
1280 3095 1349 3160 in
1408 3115 1669 3160 carcere

476 3185 888 3249 invocasset:
936 3204 1100 3249 mox
1150 3184 1362 3266 ruptis
1392 3183 1670 3248 vinculis

474 3272 657 3335 nullo
700 3273 1197 3336 contradicente
1227 3272 1395 3337 liber
1418 3271 1670 3336 abiret:

474 3370 543 3424 et
573 3361 791 3424 eidem
822 3380 976 3423 suas
1005 3359 1323 3424 cathenas
1353 3359 1457 3425 vel
1490 3380 1672 3424 com-

473 3451 679 3532 pedes
712 3457 1139 3530 presentaret.
1340 3448 1554 3512 Lectio
1585 3449 1672 3530 ψ’.

480 3539 943 3668 Postquam
990 3535 1345 3619 placuisset
1364 3537 1389 3574 ²
1430 3536 1672 3600 altissi-

635 3643 747 3688 mo
777 3646 792 3688 ε
840 3633 914 3688 ut
944 3625 1031 3688 de
1062 3624 1351 3707 presenti
1398 3625 1672 3707 egrede-

476 3722 654 3777 retur
711 3711 979 3777 seculo:
1040 3723 1281 3777 octavo
1341 3712 1491 3777 idus
1552 3733 1672 3777 no·

474 3801 764 3866 vembris
794 3801 1214 3865 sanctissima
1258 3801 1401 3884 ejus
1446 3801 1675 3865 anima

474 3899 741 3973 recepta
770 3898 874 3953 est
920 3891 1007 3954 ab
1054 3889 1323 3972 angelis,
1419 3890 1673 3954 Beatis-

473 3979 717 4044 simum
747 3998 905 4043 vero
935 3999 1176 4061 corpus
1222 3979 1365 4062 ejus
1418 3999 1459 4042 a
1509 3977 1676 4042 fide-

474 4068 635 4132 lium
668 4067 904 4132 turmis
934 4067 1271 4150 sepultum
1304 4077 1405 4130 est
1452 4067 1515 4130 in
1567 4086 1676 4130 ec-

472 4157 716 4220 clesia:
764 4176 966 4238 quam
1016 4157 1159 4238 ipse
1204 4163 1675 4219 construxerat

474 4244 558 4309 ad
621 4245 943 4309 honorem
1004 4250 1232 4309 sancte
1302 4243 1507 4307 marie
1569 4241 1676 4305 dei

674 4369 686 4399 ¹
723 4383 911 4433 quem:
948 4369 997 4418 S.

670 4435 687 4466 ⁴
721 4443 1038 4498 opportuna:
1076 4434 1125 4484 S.

1435 4367 1456 4398 ²
1490 4364 1677 4431 placuit
1704 4383 1716 4414 ε
1792 4401 1803 4414 .

1434 4435 1454 4464 ⁸
1486 4432 1777 4498 episcopum
1803 4449 1814 4482 ε
1853 4431 1904 4482 S.

2274 341 2418 396 674

1755 447 2131 531 genitricis:
2206 445 2540 529 simulque
2615 445 2826 510 etiam
2887 445 2954 510 in

1757 536 2148 600 memoriam
2178 535 2359 599 beati
2391 535 2650 616 remigii
2697 555 2963 598 remen-

1754 623 1927 688 sium
1957 621 2514 706 archipontificis:
2545 624 2616 686 in
2645 643 2789 705 qua
2815 623 2968 706 qui-

1754 713 1914 777 dem
1944 711 2224 778 ecelesia
2268 712 2495 776 divina
2537 711 2712 775 fiunt
2765 712 2973 775 mira-

1755 799 1923 864 cula.
2014 801 2196 864 Nam
2249 798 2386 864 ceci
2445 799 2924 864 illuminantur
2955 821 2976 864 ε

1757 887 1998 971 leprosi
2059 887 2468 953 mundantur
2509 908 2528 952 :
2605 887 2978 972 paralytici

1757 986 2127 1042 sanantur:
2217 977 2481 1060 utrique
2505 975 2531 1015 ³
2606 975 2978 1041 hominum

1757 1065 2108 1147 languores
2209 1083 2332 1146 per
2417 1063 2980 1129 intercessionem

1759 1151 1820 1235 ej
1829 1173 1906 1216 us
1935 1153 2182 1216 ibidem
2202 1161 2548 1218 curantur:
2575 1153 2668 1217 ad
2689 1153 2976 1217 laudem

1757 1239 1918 1324 Jesu
1953 1240 2198 1306 Christi
2229 1241 2485 1304 domini
2517 1242 2750 1306 nostri.
2809 1242 2980 1306 Tres·

1760 1329 1993 1393 ultime
2059 1327 2350 1392 lectiones
2425 1329 2506 1392 de
2573 1329 2980 1412 expositione

1759 1437 2014 1500 evange.
2106 1417 2328 1480 Nemo
2357 1415 2697 1480 lucernam
2729 1437 2975 1482 accen-

1761 1505 1878 1570 dit.
1992 1504 2249 1570 Omelia
2321 1514 2400 1567 ut
2467 1505 2542 1568 in
2615 1506 2974 1570 communi.

1769 1592 1987 1660 Cetera
2020 1593 2101 1655 de
2138 1593 2467 1656 communi
2491 1592 2696 1656 unius
2721 1594 2976 1676 conses-

1761 1681 1932 1746 soris
1959 1701 2086 1744 non
2101 1681 2434 1765 pontificis·
2449 1703 2476 1746 .·
2503 1701 2650 1745 cum
2673 1683 2976 1746 oratione

1805 1779 2038 1852 roprta.

1749 1779 1832 1936 ἦ
1881 1855 2119 1920 Sancti
2155 1855 2554 1922 willebrordi
2591 1857 2874 1942 episcopi
2911 1869 2980 1924 a

1763 1944 2157 2028 confessoris.
2671 1947 2902 2011 Lectio
2907 1948 2976 2031 j.

1767 2034 2018 2168 Fuit
2048 2033 2116 2096 in
2162 2033 2491 2098 britannie
2543 2033 2762 2100 insule
2814 2056 2978 2118 pro-

1919 2121 2138 2187 vincia
2299 2121 2980 2189 northanhumbrana

1768 2211 2042 2293 quidam
2147 2211 2623 2293 paterfamilias
2721 2232 2980 2295 genere

1768 2319 1977 2364 saxo:
2023 2308 2093 2362 et
2125 2299 2394 2362 nomine
2439 2299 2698 2381 wilgis:
2746 2301 2980 2384 religi-

1766 2407 1955 2451 osam
2015 2387 2082 2451 in
2147 2385 2413 2452 Christo
2472 2407 2624 2451 cum
2677 2389 2978 2472 conjuge

1767 2476 1976 2539 vitam
2008 2494 2234 2557 agens,
2327 2475 2439 2538 Ex
2469 2475 2668 2557 hujus
2693 2497 2978 2541 venera·

1768 2562 1920 2627 bilis
1993 2564 2204 2646 wilgis
2291 2566 2606 2647 prosapia
2693 2575 2978 2630 sanctus

1767 2650 2220 2716 willebrordus
2312 2652 2540 2715 extitit
2627 2653 2980 2719 oriundus,

1769 2739 2136 2804 Tricesimo
2180 2740 2379 2803 tertio
2409 2740 2605 2804 etatis
2636 2761 2756 2805 sue
2785 2761 2981 2808 anno

1767 2829 1870 2893 vir
1928 2827 2038 2892 dei
2111 2827 2564 2892 willebrordus
2641 2827 2978 2894 franciam

1768 2915 2098 2982 tetendit:
2143 2917 2382 2980 ducem
2413 2917 2788 2981 francorum
2823 2920 2980 3003 pip-

1771 3005 2004 3088 pinum
2052 3004 2218 3068 adiit
2257 3026 2274 3070 :
2321 3025 2364 3068 a
2417 3026 2553 3088 quo
2599 3005 2976 3072 honorifice

1771 3103 2118 3176 susceptus
2145 3113 2161 3157 :
2209 3093 2356 3157 loca
2387 3103 2720 3177 oportuna
2739 3095 2762 3132 ⁴
2797 3096 2980 3162 inter

1771 3181 2092 3246 terminos
2111 3182 2298 3264 regni
2328 3192 2432 3246 est
2459 3183 2750 3248 sortitus,
2797 3185 2876 3248 L.
2897 3184 2973 3267 ij.

1785 3273 2157 3404 Cumque
2191 3270 2487 3353 prefatus
2517 3271 2661 3334 dux
2691 3271 2974 3338 vidisset

1906 3379 2028 3441 per
2057 3358 2579 3441 predicationem
2613 3359 2793 3424 beati
2825 3361 2972 3426 wil-

1772 3445 2058 3510 lebrordi
2114 3447 2361 3512 multos
2413 3446 2503 3511 ad
2553 3447 2754 3512 deum
2811 3468 2978 3513 con·-

1773 3535 1982 3599 verti:
2030 3536 2212 3599 misit
2255 3557 2408 3600 eum
2458 3556 2758 3600 romam:
2805 3545 2882 3602 ut
2931 3559 2976 3602 a

1774 3642 1952 3706 papa
2027 3624 2244 3706 sergio
2310 3625 2377 3687 in
2440 3633 2928 3707 epyscopatum
2947 3627 2976 3664 ⁵

1771 3712 2204 3776 ordinaretur.
2295 3712 2388 3777 Et
2463 3714 2622 3796 quia
2695 3715 2976 3794 agnovit

1773 3820 1952 3884 papa
2003 3801 2072 3864 in
2135 3801 2281 3883 ipso
2341 3800 2498 3866 fidei
2558 3800 2972 3868 servorem‘:

1773 3898 1844 3953 et
1901 3889 2228 3972 sapientie
2287 3887 2814 3972 plenitudinem:
2857 3911 2970 3955 co-

1775 3997 1916 4041 ram
1947 3976 2318 4059 frequentia
2340 3977 2568 4060 populi
2594 3978 2662 4040 in
2691 3977 2972 4043 ecclesia

1775 4064 1954 4128 beati
1975 4067 2146 4147 petri
2165 4065 2449 4147 apostoli
2463 4066 2682 4148 ipsum
2703 4067 2974 4130 ordina-

1775 4153 1870 4216 vit
1890 4152 2462 4237 archiepiscopum
2489 4175 2505 4218 :
2535 4174 2784 4218 vocans
2815 4175 2969 4220 eum

1777 4239 2195 4307 clementem.
2311 4241 2532 4325 Quem
2601 4245 2970 4324 apostolica

1753 4365 1788 4415 S
2277 4367 2296 4396 ⁸
2327 4365 2582 4430 variique:
2619 4365 2700 4415 W.
2713 4367 2765 4416 S.

2280 4434 2299 4460 ⁶
2330 4431 2572 4482 frevorem
2599 4451 2611 4482 ε
2649 4432 2732 4483 W.
