3117 4959
917 241 978 292 S.
1020 239 1487 295 BENEDICTI
1526 241 1910 298 ABBATIS.

702 349 835 405 231

210 456 551 524 construxit
578 456 785 520 altare
816 455 1026 520 sancti
1053 453 1367 537 johannis

209 548 509 628 baptiste:
552 545 1001 627 populumque
1041 543 1107 606 in
1150 545 1369 606 vicino

209 642 699 698 commorantem
730 633 815 695 ad
848 631 1049 694 fidem
1096 650 1369 694 conver-

209 725 279 785 tit
307 721 700 784 catholicam.
995 720 1213 782 Lectio
1245 719 1364 802 iiij.

330 809 555 871 uadam
574 809 683 871 die
702 808 861 871 dum
882 817 1149 872 sanctus
1172 807 1370 870 bene-

326 898 528 960 dictus
549 895 729 958 solus
748 903 922 958 esset
948 918 963 959 :
1011 897 1199 978 nigra
1219 915 1367 976 par-

206 1005 399 1066 vaque
438 985 573 1047 avis
622 1004 753 1066 que
802 983 1054 1047 merula
1086 1005 1126 1047 a
1167 983 1369 1064 vulgo

204 1081 451 1136 vocatur
486 1074 659 1136 circa
701 1073 906 1154 ipsius
937 1071 1173 1135 faciem
1206 1071 1367 1134 voli-

205 1169 329 1224 tare
361 1161 541 1243 cepit.
637 1160 770 1224 Sed
808 1179 971 1223 mox
1002 1161 1193 1241 signo
1225 1180 1371 1223 cru-

202 1249 285 1311 cis
351 1249 565 1312 edito:
640 1250 909 1312 recessit
986 1247 1369 1310 Recedente

203 1345 403 1400 autem
434 1355 594 1400 ave:
637 1344 829 1400 tanta
852 1335 1063 1400 carnis
1083 1337 1367 1400 tentatio

136 1439 145 1448 ·
202 1433 405 1488 secuta
432 1433 572 1488 est:
618 1433 940 1507 quantam
972 1424 1071 1487 vir
1100 1433 1367 1487 sanctus

202 1533 515 1594 nunquam
536 1513 750 1576 suerat
768 1521 1100 1593 expertus
1135 1511 1368 1594 Quan—

199 1601 337 1662 dam
386 1600 699 1664 feminam
750 1602 952 1663 etiam
1007 1599 1367 1680 aliquando

198 1689 467 1752 viderat:
512 1707 717 1770 quam
740 1689 1071 1770 malignus
1100 1688 1369 1768 spiritus

195 1786 337 1839 ante
366 1778 503 1857 eJus
535 1777 779 1839 mentis
824 1776 1051 1839 oculos
1083 1775 1368 1839 reduxit.

196 1863 524 1946 Tantoque
558 1864 711 1946 igne
741 1865 909 1926 servi
941 1862 1048 1926 dei
1074 1865 1367 1926 animam

196 1950 255 2013 in
309 1952 539 2033 spetie¹
620 1951 793 2014 illius
870 1952 1173 2015 accendit
1202 1973 1217 2015 ε
1294 1959 1370 2014 ut

192 2058 348 2120 pene
388 2040 729 2103 heremum
777 2039 1077 2103 deserere
1122 2037 1369 2102 delibe-

192 2127 390 2190 raret.²
896 2141 903 2148 '
1066 2126 1279 2190 Lectio
1310 2147 1367 2190 v.

200 2215 453 2347 Cum⁸
528 2215 753 2278 subito
842 2223 1179 2298 respectus
1256 2235 1369 2278 su—

306 2323 504 2384 perna
540 2303 758 2386 gratia
806 2304 893 2366 ad
935 2303 1366 2383 semetipsum

189 2409 463 2454 reversus
494 2401 601 2454 est
628 2413 643 2455 :
691 2391 943 2454 nudum
988 2410 1058 2454 se
1092 2392 1157 2452 in
1188 2388 1370 2472 spin-

188 2497 359 2541 arum
390 2481 640 2543 aculeis
671 2488 741 2542 et
762 2481 1115 2542 urticarum
1147 2479 1367 2541 incen-

186 2565 302 2628 diis
329 2567 648 2650 projecit:
694 2567 915 2649 ibique
952 2568 1067 2630 diu
1112 2567 1371 2629 voluta-

184 2662 320 2716 tus:
363 2655 779 2738 voluptatem
826 2654 1035 2718 traxit
1081 2653 1147 2716 in
1176 2654 1369 2717 dolo-

75 2803 77 2806 ,
186 2761 329 2804 rem.
421 2743 535 2806 Ex
568 2762 705 2824 quo
733 2742 1040 2806 videlicet
1070 2751 1370 2824 tempore

188 2829 271 2892 ita
309 2831 705 2912 temptatio⁴
751 2831 1110 2912 voluptatis
1155 2829 1223 2893 in
1256 2829 1371 2893 illo

187 2927 279 2979 est
325 2920 661 2983 edomita:
711 2928 785 2981 ut
832 2919 967 2981 tale
1016 2919 1083 2981 in
1133 2938 1205 2980 se
1252 2917 1371 2981 ali-

186 3006 333 3086 quid
360 3007 637 3069 minime
662 3006 951 3069 sentiret.
1036 3006 1372 3087 Ceperunt

188 3093 365 3156 multi
420 3104 661 3176 postea
712 3094 1036 3157 mundum
1090 3093 1371 3156 derelin-

184 3199 373 3262 quere
402 3193 611 3265 atque
641 3182 726 3246 ad
752 3181 895 3263 ejus
918 3181 1370 3262 magisterium

186 3267 525 3334 festinare:
574 3271 666 3333 ita
696 3280 772 3333 ut
802 3269 1149 3332 duodecim
1183 3288 1371 3331 mon-

187 3358 415 3421 asteria
460 3367 915 3421 construeret:
961 3357 1201 3438 quibus
1238 3357 1367 3418 sin·

188 3443 345 3523 gulis
376 3446 725 3510 duodenos
772 3445 1133 3509 monachos
1164 3446 1371 3525 depu-

186 3532 358 3596 tavit.
1040 3533 1257 3595 Lectio
1286 3531 1375 3613 vj.

348 3640 415 3682 m
493 3629 763 3683 sanctus
822 3620 1211 3683 benedictus
1284 3619 1373 3682 ad

302 3709 441 3790 agri
504 3728 708 3790 opera
756 3708 969 3770 fuerat
1029 3726 1373 3788 egressus:

186 3795 447 3874 quidam
528 3795 807 3858 rusticus
890 3795 1182 3858 defuncti
1258 3793 1372 3857 filii

184 3901 411 3964 corpus
466 3884 683 3947 serens
744 3884 830 3945 ad
879 3883 1373 3964 sepeliendum:

184 3970 544 4053 vidensque
592 3971 1015 4034 benedictum
1062 3969 1377 4034 clamavit

184 4058 263 4118 ad
322 4079 493 4123 eum.
620 4059 855 4122 Redde
929 4057 1090 4121 mihi
1164 4056 1375 4119 filium

182 4164 419 4209 meum.
516 4143 638 4210 Cui
671 4147 770 4209 vir
798 4153 1065 4211 sanctus
1108 4164 1376 4227 respon-

277 4309 290 4336 ¹
326 4307 529 4370 specie:
562 4307 850 4358 W.E.G.S.

274 4374 295 4402 ¹
328 4373 597 4423 liberaret:
633 4374 685 4423 S.

275 4439 297 4468 ³
330 4437 596 4503 Cumque:
630 4439 785 4489 W.E'.
855 4437 1105 4504 Cunque:
1140 4438 1203 4488 G.

1983 352 2139 410 282

1439 455 1588 520 'dit
1683 456 2005 540 Nunquid
2052 479 2180 542 ego
2221 459 2430 524 filium
2477 471 2666 528 tuum

1470 543 1764 608 abstuli?
1855 546 1981 610 Cui
2003 545 2156 611 ille:
2203 548 2511 613 Mortuus
2529 561 2667 616 est:

1469 633 1620 694 veni
1651 634 1897 697 suscita
1927 654 2099 698 eum.
2193 635 2346 700 Hoc
2389 639 2665 702 audiens

1468 730 1738 783 sanctus
1783 721 1974 786 dixit.
2071 723 2390 788 Recedite
2431 725 2664 789 fratres

1470 809 1771 872 recedite.
1868 810 2016 873 Hec
2053 820 2278 874 nostra
2326 831 2458 875 non
2510 823 2665 878 sunt

1468 897 1584 958 sed
1619 897 2070 978 apostolorum
2091 909 2263 962 sunt.
2353 901 2452 964 At
2475 904 2664 965 rusti-

1467 1004 1585 1047 cus
1626 984 1872 1066 juravit
1918 987 2096 1067 quod
2145 1007 2280 1050 non
2329 989 2664 1053 recederet

1471 1073 1594 1135 nisi
1688 1072 1894 1136 filium
1990 1075 2132 1156 ejus
2227 1079 2660 1142 resuscitaret.

1471 1161 1662 1237 Tunc
1715 1171 1983 1226 sanctus
2033 1163 2420 1228 benedictus
2467 1186 2664 1247 super

1468 1248 1930 1330 corpusculum
2013 1250 2284 1314 infantis
2365 1253 2663 1317 incubuit

1468 1356 1746 1418 seseque
1788 1346 1941 1418 post
1987 1339 2354 1402 orationem
2406 1342 2662 1406 erexit:

1468 1432 1538 1487 et
1598 1444 1750 1487 eum
1812 1425 1984 1506 patri
2051 1424 2384 1490 viventem
2461 1439 2663 1510 atque

1468 1511 1906 1575 incolumem⁵
1988 1513 2190 1577 dedit.
2309 1513 2662 1596 Expositio.

1472 1600 1650 1663 Ecce
1681 1620 1804 1663 nos
1835 1599 2218 1682 reliquimus
2247 1604 2489 1667 omnia.
2555 1613 2662 1668 etc.

1469 1697 1547 1750 ut
1577 1687 1644 1750 in
1675 1689 2076 1750 conversione
2102 1691 2316 1754 sancti
2341 1689 2565 1756 Pauli.

1470 1775 1814 1908 Eodem
1847 1795 2002 1839 vero
2032 1797 2208 1840 anno
2239 1796 2373 1858 quo
2401 1777 2500 1861 [L.
2525 1778 2664 1861 viij.

1617 1872 1886 1927 sanctus
1898 1863 2286 1932 benedictus
2298 1865 2380 1927 de
2389 1865 2514 1929 hac
2527 1867 2665 1929 vita

1470 1960 1613 2014 erat
1637 1952 1936 2014 exiturus
1959 1951 2356 2035 quibusdam
2378 1953 2664 2036 discipu·

1472 2039 1550 2102 lis
1560 2057 1786 2102 secum
1800 2041 2342 2103 conversantibus
2359 2063 2373 2106 :
2394 2042 2662 2122 quibus-

1471 2127 1628 2190 dam
1663 2127 1859 2208 longe
1884 2127 2342 2191 manentibus:
2387 2131 2662 2193 sanctis-

1468 2215 1620 2278 simi
1643 2215 1743 2278 sui
1775 2214 1996 2278 obitus
2020 2215 2442 2280 denunciavit
2465 2218 2662 2281 diem.

1473 2303 1646 2367 Cum
1708 2323 1864 2365 vero
1925 2311 2188 2384 tempus
2247 2323 2365 2367 sue
2418 2304 2662 2367 resolu-

1469 2391 1671 2454 tionis
1702 2391 2017 2455 instaret:
2062 2399 2218 2454 ante
2259 2402 2528 2455 sextum
2561 2393 2662 2455 sui

1471 2480 1693 2541 exitus
1725 2478 1942 2542 diem:
1990 2479 2225 2560 aperiri
2274 2479 2398 2543 sibi
2445 2481 2664 2561 sepul-

1468 2575 1688 2629 turam
1714 2565 1947 2646 jubet:
1993 2567 2106 2648 qui
2141 2587 2303 2630 mox
2327 2579 2666 2648 correptus

1470 2653 1800 2718 febribus:
1847 2653 1977 2716 acri
2022 2654 2200 2735 cepit
2249 2656 2480 2719 ardore
2511 2655 2663 2718 sati-

1468 2742 1628 2823 gari.
1685 2750 1887 2823 atque
1917 2751 2113 2805 sexto
2144 2742 2252 2805 die
2285 2744 2567 2823 portari⁶
2599 2744 2662 2806 in

1468 2831 1831 2892 oratorium
1918 2850 1958 2892 a
2041 2830 2381 2911 discipulis
2459 2831 2613 2894 fecit
2650 2853 2665 2895 ε

1470 2937 1677 2998 seque
1728 2917 2007 2979 munivit
2054 2917 2476 2998 perceptione
2525 2939 2666 2982 cor-

1471 3006 1653 3087 poris
1679 3004 1926 3068 Christi
1953 3013 2020 3066 et
2039 3005 2418 3085 sanguinis:
2463 3014 2666 3087 atque

1472 3093 1708 3155 erectis
1749 3092 1815 3153 in
1857 3090 2074 3153 celum
2123 3091 2466 3157 manibus:
2515 3094 2666 3155 ulti-

1474 3200 1659 3243 mum
1705 3179 2010 3260 spiritum
2058 3179 2231 3242 inter
2275 3179 2480 3242 verba
2523 3201 2667 3244 ora-

1470 3268 1672 3331 tionis
1705 3265 1964 3329 efflavit.
2341 3267 2552 3330 Lectio
2582 3270 2666 3333 ix.

1474 3351 1724 3486 Die⁷
1764 3363 1990 3417 autem
2040 3374 2176 3435 quo
2225 3356 2482 3418 transiit
2532 3357 2667 3420 duo

1631 3441 1938 3505 monachi
1992 3442 2300 3505 viderunt
2348 3445 2524 3506 viam
2580 3445 2667 3508 ab

1476 3530 1619 3612 ejus
1651 3529 1820 3592 cella
1850 3531 1916 3592 in
1963 3529 2176 3592 celum
2227 3532 2612 3594 tendentem
2651 3555 2666 3596 :

1474 3627 1752 3680 stratam
1794 3617 2014 3700 palliis
2059 3628 2260 3698 atque
2309 3620 2668 3682 innumeris

1473 3704 1977 3768 choruscantem
2001 3705 2434 3787 lampadibus,
2505 3707 2667 3788 Qui-

1476 3792 1600 3856 bus
1659 3793 1760 3856 vir
1816 3795 2192 3856 venerando
2253 3793 2484 3857 habitu
2554 3795 2669 3858 de-

1474 3901 1674 3962 super
1731 3880 1945 3943 clarus
2008 3881 2304 3943 existens
2365 3882 2460 3944 ait
2519 3881 2669 3944 Hec

1476 3977 1580 4030 est
1609 3968 1718 4032 via
1748 3988 1883 4049 qua
1908 3968 2189 4032 dilectus
2207 3969 2335 4030 deo
2358 3969 2669 4030 benedic-

1478 4065 1586 4119 tus
1662 4054 1878 4118 celum
1949 4055 2261 4119 ascendit.
2357 4055 2673 4136 Migravit

1478 4143 1562 4206 ad
1627 4144 1972 4207 dominum
2034 4152 2224 4224 pater
2283 4142 2672 4208 benedictus

1500 4307 1519 4336 ⁴
1550 4305 1794 4354 tentatio:
1831 4303 2113 4355 W.E.G.S.

1493 4373 1515 4403 ⁸
1546 4371 1866 4420 incolumen:
1903 4369 1960 4418 E.

1498 4438 1519 4467 ⁶
1556 4433 1669 4486 ‘se’
1691 4435 1832 4485 add:
1865 4433 2087 4484 W.E.G.
2228 4436 2246 4464 ⁷
2277 4435 2473 4485 Diem:
2516 4435 2599 4486 W.
