<?xml version="1.0" encoding="UTF-8"?>
<!DOCTYPE html PUBLIC "-//W3C//DTD XHTML 1.0 Transitional//EN"
    "http://www.w3.org/TR/xhtml1/DTD/xhtml1-transitional.dtd">
<html xmlns="http://www.w3.org/1999/xhtml" xml:lang="en" lang="en">
 <head>
  <title>
</title>
<meta http-equiv="Content-Type" content="text/html;charset=utf-8" />
  <meta name='ocr-system' content='tesseract 3.04.00' />
  <meta name='ocr-capabilities' content='ocr_page ocr_carea ocr_par ocr_line ocrx_word'/>
</head>
<body>
  <div class='ocr_page' id='page_1' title='image "breviariumadusu03yorkgoog_0236.png"; bbox 0 0 3117 4959; ppageno 0'>
   <div class='ocr_carea' id='block_1_1' title="bbox 945 231 1911 319">
    <p class='ocr_par' dir='ltr' id='par_1_1' title="bbox 945 231 1911 319">
     <span class='ocr_line' id='line_1_1' title="bbox 945 231 1911 319; baseline 0.002 -35"><span class='ocrx_word' id='word_1_1' title='bbox 945 233 1005 284; x_wconf 83' lang='lat' dir='ltr'>S.</span> <span class='ocrx_word' id='word_1_2' title='bbox 1057 231 1358 319; x_wconf 58' lang='lat' dir='ltr'><em>ABDON</em></span> <span class='ocrx_word' id='word_1_3' title='bbox 1389 233 1510 286; x_wconf 90' lang='lat' dir='ltr'>ET</span> <span class='ocrx_word' id='word_1_4' title='bbox 1541 232 1911 286; x_wconf 83' lang='lat' dir='ltr'><em>SENNEN.</em></span> 
     </span>
    </p>
   </div>
   <div class='ocr_carea' id='block_1_2' title="bbox 705 337 854 394">
    <p class='ocr_par' dir='ltr' id='par_1_2' title="bbox 705 337 854 394">
     <span class='ocr_line' id='line_1_2' title="bbox 705 337 854 394; baseline 0.013 -2"><span class='ocrx_word' id='word_1_5' title='bbox 705 337 854 394; x_wconf 75' lang='lat'>427</span> 
     </span>
    </p>
   </div>
   <div class='ocr_carea' id='block_1_3' title="bbox 149 441 1372 4340">
    <p class='ocr_par' dir='ltr' id='par_1_3' title="bbox 149 441 1372 4340">
     <span class='ocr_line' id='line_1_3' title="bbox 165 441 1371 509; baseline 0.003 -5"><span class='ocrx_word' id='word_1_6' title='bbox 165 461 490 509; x_wconf 87' lang='lat' dir='ltr'>romanos</span> <span class='ocrx_word' id='word_1_7' title='bbox 545 451 777 508; x_wconf 89' lang='lat' dir='ltr'>contra</span> <span class='ocrx_word' id='word_1_8' title='bbox 831 441 1030 506; x_wconf 87' lang='lat' dir='ltr'>fidem</span> <span class='ocrx_word' id='word_1_9' title='bbox 1096 443 1371 508; x_wconf 85' lang='lat' dir='ltr'><strong>ecclesie</strong></span> 
     </span>
     <span class='ocr_line' id='line_1_4' title="bbox 161 532 1372 613; baseline 0.002 -21"><span class='ocrx_word' id='word_1_10' title='bbox 161 532 666 596; x_wconf 88' lang='lat' dir='ltr'>consentientes</span> <span class='ocrx_word' id='word_1_11' title='bbox 689 532 1081 613; x_wconf 84' lang='lat' dir='ltr'>dampnavit</span> <span class='ocrx_word' id='word_1_12' title='bbox 1105 551 1122 597; x_wconf 74' lang='grc' dir='ltr'><em>τ</em></span> <span class='ocrx_word' id='word_1_13' title='bbox 1153 553 1194 596; x_wconf 89' lang='lat' dir='ltr'>a</span> <span class='ocrx_word' id='word_1_14' title='bbox 1211 533 1372 596; x_wconf 90' lang='lat' dir='ltr'>sede</span> 
     </span>
     <span class='ocr_line' id='line_1_5' title="bbox 161 618 1372 701; baseline 0.003 -21"><span class='ocrx_word' id='word_1_15' title='bbox 161 639 293 682; x_wconf 88' lang='lat' dir='ltr'>sua</span> <span class='ocrx_word' id='word_1_16' title='bbox 353 619 653 701; x_wconf 89' lang='lat' dir='ltr'>dejectus</span> <span class='ocrx_word' id='word_1_17' title='bbox 701 628 769 682; x_wconf 89' lang='lat' dir='ltr'>et</span> <span class='ocrx_word' id='word_1_18' title='bbox 816 618 1046 701; x_wconf 88' lang='lat' dir='ltr'>gladio</span> <span class='ocrx_word' id='word_1_19' title='bbox 1099 628 1372 684; x_wconf 89' lang='lat' dir='ltr'>necatus</span> 
     </span>
     <span class='ocr_line' id='line_1_6' title="bbox 161 707 1368 788; baseline 0.002 -19"><span class='ocrx_word' id='word_1_20' title='bbox 161 707 647 788; x_wconf 85' lang='lat' dir='ltr'>gloriosissime</span> <span class='ocrx_word' id='word_1_21' title='bbox 697 707 1024 772; x_wconf 91' lang='lat' dir='ltr'>occubuit.</span> <span class='ocrx_word' id='word_1_22' title='bbox 1139 709 1368 775; x_wconf 83' lang='lat' dir='ltr'>Sancti</span> 
     </span>
     <span class='ocr_line' id='line_1_7' title="bbox 161 794 1372 877; baseline 0.002 -18"><span class='ocrx_word' id='word_1_23' title='bbox 161 815 333 859; x_wconf 88' lang='lat' dir='ltr'>vero</span> <span class='ocrx_word' id='word_1_24' title='bbox 377 795 666 877; x_wconf 84' lang='lat' dir='ltr'>simplex</span> <span class='ocrx_word' id='word_1_25' title='bbox 709 805 777 860; x_wconf 90' lang='lat' dir='ltr'>et</span> <span class='ocrx_word' id='word_1_26' title='bbox 824 794 1148 862; x_wconf 84' lang='lat' dir='ltr'>faustinus</span> <span class='ocrx_word' id='word_1_27' title='bbox 1201 805 1372 861; x_wconf 90' lang='lat' dir='ltr'>tem—</span> 
     </span>
     <span class='ocr_line' id='line_1_8' title="bbox 165 882 1372 967; baseline 0.004 -23"><span class='ocrx_word' id='word_1_28' title='bbox 165 882 450 965; x_wconf 87' lang='lat' dir='ltr'>poribus</span> <span class='ocrx_word' id='word_1_29' title='bbox 502 884 906 954; x_wconf 85' lang='lat' dir='ltr'>diocliciani¹</span> <span class='ocrx_word' id='word_1_30' title='bbox 954 893 1107 967; x_wconf 91' lang='lat' dir='ltr'>post</span> <span class='ocrx_word' id='word_1_31' title='bbox 1162 886 1372 950; x_wconf 92' lang='lat' dir='ltr'>multa</span> 
     </span>
     <span class='ocr_line' id='line_1_9' title="bbox 165 971 1371 1055; baseline 0 -19"><span class='ocrx_word' id='word_1_32' title='bbox 165 991 254 1036; x_wconf 87' lang='lat' dir='ltr'>ac</span> <span class='ocrx_word' id='word_1_33' title='bbox 301 972 560 1036; x_wconf 88' lang='lat' dir='ltr'>diversa</span> <span class='ocrx_word' id='word_1_34' title='bbox 604 971 928 1055; x_wconf 87' lang='lat' dir='ltr'>supplicia</span> <span class='ocrx_word' id='word_1_35' title='bbox 963 993 1086 1055; x_wconf 92' lang='lat' dir='ltr'>pro</span> <span class='ocrx_word' id='word_1_36' title='bbox 1116 973 1371 1038; x_wconf 88' lang='lat' dir='ltr'>conses-</span> 
     </span>
     <span class='ocr_line' id='line_1_10' title="bbox 165 1059 1369 1125; baseline 0.002 -3"><span class='ocrx_word' id='word_1_37' title='bbox 165 1059 366 1124; x_wconf 85' lang='lat' dir='ltr'>sione</span> <span class='ocrx_word' id='word_1_38' title='bbox 423 1069 492 1124; x_wconf 89' lang='lat' dir='ltr'>et</span> <span class='ocrx_word' id='word_1_39' title='bbox 546 1059 680 1124; x_wconf 87' lang='lat' dir='ltr'>fide</span> <span class='ocrx_word' id='word_1_40' title='bbox 729 1059 1058 1124; x_wconf 88' lang='lat' dir='ltr'>catholica</span> <span class='ocrx_word' id='word_1_41' title='bbox 1116 1061 1369 1125; x_wconf 90' lang='lat' dir='ltr'>domini</span> 
     </span>
     <span class='ocr_line' id='line_1_11' title="bbox 165 1147 1368 1229; baseline 0.003 -19"><span class='ocrx_word' id='word_1_42' title='bbox 165 1149 384 1211; x_wconf 88' lang='lat' dir='ltr'>nostri</span> <span class='ocrx_word' id='word_1_43' title='bbox 455 1148 616 1229; x_wconf 90' lang='lat' dir='ltr'>Jesu</span> <span class='ocrx_word' id='word_1_44' title='bbox 683 1147 928 1214; x_wconf 86' lang='lat' dir='ltr'>Christi</span> <span class='ocrx_word' id='word_1_45' title='bbox 987 1150 1073 1213; x_wconf 90' lang='lat' dir='ltr'>ad</span> <span class='ocrx_word' id='word_1_46' title='bbox 1136 1150 1368 1214; x_wconf 87' lang='lat' dir='ltr'>urbem</span> 
     </span>
     <span class='ocr_line' id='line_1_12' title="bbox 163 1234 1370 1318; baseline 0.005 -22"><span class='ocrx_word' id='word_1_47' title='bbox 163 1239 396 1298; x_wconf 79' lang='lat' dir='ltr'>rome&#39;</span> <span class='ocrx_word' id='word_1_48' title='bbox 415 1234 630 1300; x_wconf 90' lang='lat' dir='ltr'>vocati</span> <span class='ocrx_word' id='word_1_49' title='bbox 654 1235 1006 1318; x_wconf 81' lang='lat' dir='ltr'>capitalem</span> <span class='ocrx_word' id='word_1_50' title='bbox 1027 1235 1192 1318; x_wconf 89' lang='lat' dir='ltr'>jussi</span> <span class='ocrx_word' id='word_1_51' title='bbox 1213 1246 1370 1302; x_wconf 89' lang='lat' dir='ltr'>sunt</span> 
     </span>
     <span class='ocr_line' id='line_1_13' title="bbox 149 1323 1368 1390; baseline -0.001 0"><span class='ocrx_word' id='word_1_52' title='bbox 149 1323 397 1390; x_wconf 75' lang='lat' dir='ltr'>‚subire</span> <span class='ocrx_word' id='word_1_53' title='bbox 427 1324 865 1388; x_wconf 88' lang='lat' dir='ltr'>sententiam:</span> <span class='ocrx_word' id='word_1_54' title='bbox 909 1333 980 1388; x_wconf 91' lang='lat' dir='ltr'>et</span> <span class='ocrx_word' id='word_1_55' title='bbox 997 1325 1090 1388; x_wconf 89' lang='lat' dir='ltr'>sic</span> <span class='ocrx_word' id='word_1_56' title='bbox 1111 1326 1368 1390; x_wconf 87' lang='lat' dir='ltr'>animas</span> 
     </span>
     <span class='ocr_line' id='line_1_14' title="bbox 163 1410 1365 1496; baseline 0.005 -23"><span class='ocrx_word' id='word_1_57' title='bbox 163 1431 332 1474; x_wconf 84' lang='lat' dir='ltr'>suas</span> <span class='ocrx_word' id='word_1_58' title='bbox 353 1410 619 1476; x_wconf 91' lang='lat' dir='ltr'>Christo</span> <span class='ocrx_word' id='word_1_59' title='bbox 637 1412 1080 1476; x_wconf 88' lang='lat' dir='ltr'>reddiderunt.</span> <span class='ocrx_word' id='word_1_60' title='bbox 1115 1412 1365 1496; x_wconf 62' lang='lat' dir='ltr'>Leaig‘j·</span> 
     </span>
     <span class='ocr_line' id='line_1_15' title="bbox 361 1499 1366 1570; baseline 0.004 -8"><span class='ocrx_word' id='word_1_61' title='bbox 361 1499 544 1563; x_wconf 79' lang='lat' dir='ltr'>atix⁸</span> <span class='ocrx_word' id='word_1_62' title='bbox 586 1520 742 1570; x_wconf 89' lang='lat' dir='ltr'>vero</span> <span class='ocrx_word' id='word_1_63' title='bbox 787 1505 974 1564; x_wconf 81' lang='lat' dir='ltr'>so&#39;ror</span> <span class='ocrx_word' id='word_1_64' title='bbox 1002 1501 1366 1566; x_wconf 89' lang='lat' dir='ltr'>eorundem</span> 
     </span>
     <span class='ocr_line' id='line_1_16' title="bbox 319 1587 1364 1671; baseline 0.004 -22"><span class='ocrx_word' id='word_1_65' title='bbox 319 1587 661 1669; x_wconf 89' lang='lat' dir='ltr'>quoddam</span> <span class='ocrx_word' id='word_1_66' title='bbox 686 1607 1042 1652; x_wconf 89' lang='lat' dir='ltr'>commune</span> <span class='ocrx_word' id='word_1_67' title='bbox 1063 1590 1364 1671; x_wconf 86' lang='lat' dir='ltr'>predium</span> 
     </span>
     <span class='ocr_line' id='line_1_17' title="bbox 157 1673 1366 1758; baseline 0.003 -22"><span class='ocrx_word' id='word_1_68' title='bbox 157 1673 428 1740; x_wconf 89' lang='lat' dir='ltr'>habens</span> <span class='ocrx_word' id='word_1_69' title='bbox 471 1696 624 1739; x_wconf 89' lang='lat' dir='ltr'>cum</span> <span class='ocrx_word' id='word_1_70' title='bbox 654 1675 1002 1750; x_wconf 86' lang='lat' dir='ltr'>fratribus:</span> <span class='ocrx_word' id='word_1_71' title='bbox 1047 1678 1229 1758; x_wconf 91' lang='lat' dir='ltr'>quod</span> <span class='ocrx_word' id='word_1_72' title='bbox 1269 1676 1366 1740; x_wconf 91' lang='lat' dir='ltr'>lu-</span> 
     </span>
     <span class='ocr_line' id='line_1_18' title="bbox 155 1763 1365 1830; baseline 0.003 -4"><span class='ocrx_word' id='word_1_73' title='bbox 155 1764 420 1828; x_wconf 89' lang='lat' dir='ltr'>crecius</span> <span class='ocrx_word' id='word_1_74' title='bbox 451 1763 646 1828; x_wconf 90' lang='lat' dir='ltr'>nimis</span> <span class='ocrx_word' id='word_1_75' title='bbox 678 1764 972 1829; x_wconf 87' lang='lat' dir='ltr'>ambivit.</span> <span class='ocrx_word' id='word_1_76' title='bbox 1055 1765 1187 1830; x_wconf 93' lang='lat' dir='ltr'>Hic</span> <span class='ocrx_word' id='word_1_77' title='bbox 1207 1765 1365 1830; x_wconf 89' lang='lat' dir='ltr'>fecit</span> 
     </span>
     <span class='ocr_line' id='line_1_19' title="bbox 155 1851 1363 1918; baseline 0.003 -6"><span class='ocrx_word' id='word_1_78' title='bbox 155 1852 381 1915; x_wconf 88' lang='lat' dir='ltr'>teneri</span> <span class='ocrx_word' id='word_1_79' title='bbox 411 1861 712 1916; x_wconf 87' lang='lat' dir='ltr'>sanctam</span> <span class='ocrx_word' id='word_1_80' title='bbox 739 1851 1094 1916; x_wconf 87' lang='lat' dir='ltr'>beatricem</span> <span class='ocrx_word' id='word_1_81' title='bbox 1119 1861 1188 1916; x_wconf 89' lang='lat' dir='ltr'>et</span> <span class='ocrx_word' id='word_1_82' title='bbox 1210 1854 1363 1918; x_wconf 90' lang='lat' dir='ltr'>duci</span> 
     </span>
     <span class='ocr_line' id='line_1_20' title="bbox 159 1939 1364 2023; baseline 0.002 -22"><span class='ocrx_word' id='word_1_83' title='bbox 159 1939 252 2001; x_wconf 92' lang='lat' dir='ltr'>ad</span> <span class='ocrx_word' id='word_1_84' title='bbox 281 1939 786 2004; x_wconf 87' lang='lat' dir='ltr'>sacrificandum</span> <span class='ocrx_word' id='word_1_85' title='bbox 819 1940 1028 2004; x_wconf 87' lang='lat' dir='ltr'>idolis.</span> <span class='ocrx_word' id='word_1_86' title='bbox 1103 1940 1364 2023; x_wconf 85' lang='lat' dir='ltr'>Quibus</span> 
     </span>
     <span class='ocr_line' id='line_1_21' title="bbox 159 2027 1361 2093; baseline 0.002 -3"><span class='ocrx_word' id='word_1_87' title='bbox 159 2037 404 2091; x_wconf 88' lang='lat' dir='ltr'>sancta</span> <span class='ocrx_word' id='word_1_88' title='bbox 451 2027 714 2092; x_wconf 86' lang='lat' dir='ltr'>beatrix</span> <span class='ocrx_word' id='word_1_89' title='bbox 767 2029 958 2092; x_wconf 83' lang='lat' dir='ltr'>dixit.</span> <span class='ocrx_word' id='word_1_90' title='bbox 1049 2027 1206 2093; x_wconf 91' lang='lat' dir='ltr'>Non</span> <span class='ocrx_word' id='word_1_91' title='bbox 1256 2050 1361 2093; x_wconf 89' lang='lat' dir='ltr'>sa-</span> 
     </span>
     <span class='ocr_line' id='line_1_22' title="bbox 159 2114 1362 2199; baseline 0.003 -21"><span class='ocrx_word' id='word_1_92' title='bbox 159 2114 394 2180; x_wconf 79' lang='lat' dir='ltr'>crifico</span> <span class='ocrx_word' id='word_1_93' title='bbox 452 2115 831 2180; x_wconf 87' lang='lat' dir='ltr'>demoniis:</span> <span class='ocrx_word' id='word_1_94' title='bbox 906 2116 1064 2199; x_wconf 91' lang='lat' dir='ltr'>quia</span> <span class='ocrx_word' id='word_1_95' title='bbox 1123 2117 1362 2183; x_wconf 89' lang='lat' dir='ltr'>ancilla</span> 
     </span>
     <span class='ocr_line' id='line_1_23' title="bbox 165 2203 1362 2287; baseline 0.001 -19"><span class='ocrx_word' id='word_1_96' title='bbox 165 2203 419 2268; x_wconf 88' lang='lat' dir='ltr'>Christi</span> <span class='ocrx_word' id='word_1_97' title='bbox 480 2223 647 2268; x_wconf 89' lang='lat' dir='ltr'>sum.</span> <span class='ocrx_word' id='word_1_98' title='bbox 751 2203 1058 2287; x_wconf 88' lang='lat' dir='ltr'>Cumque</span> <span class='ocrx_word' id='word_1_99' title='bbox 1118 2203 1184 2267; x_wconf 87' lang='lat' dir='ltr'>in</span> <span class='ocrx_word' id='word_1_100' title='bbox 1244 2225 1362 2269; x_wconf 90' lang='lat' dir='ltr'>no-</span> 
     </span>
     <span class='ocr_line' id='line_1_24' title="bbox 153 2290 1362 2358; baseline 0.002 -4"><span class='ocrx_word' id='word_1_101' title='bbox 153 2292 352 2356; x_wconf 85' lang='lat' dir='ltr'>mine</span> <span class='ocrx_word' id='word_1_102' title='bbox 411 2292 666 2356; x_wconf 89' lang='lat' dir='ltr'>domini</span> <span class='ocrx_word' id='word_1_103' title='bbox 724 2293 1128 2357; x_wconf 88' lang='lat' dir='ltr'>obstitisset:</span> <span class='ocrx_word' id='word_1_104' title='bbox 1205 2290 1362 2358; x_wconf 86' lang='lat' dir='ltr'>fecit</span> 
     </span>
     <span class='ocr_line' id='line_1_25' title="bbox 159 2379 1362 2464; baseline 0.002 -20"><span class='ocrx_word' id='word_1_105' title='bbox 159 2400 322 2444; x_wconf 85' lang='lat' dir='ltr'>eam</span> <span class='ocrx_word' id='word_1_106' title='bbox 356 2379 672 2444; x_wconf 89' lang='lat' dir='ltr'>lucrecius</span> <span class='ocrx_word' id='word_1_107' title='bbox 717 2389 912 2444; x_wconf 90' lang='lat' dir='ltr'>nocte</span> <span class='ocrx_word' id='word_1_108' title='bbox 956 2379 1276 2464; x_wconf 86' lang='lat' dir='ltr'>prefocari</span> <span class='ocrx_word' id='word_1_109' title='bbox 1321 2401 1362 2446; x_wconf 89' lang='lat' dir='ltr'>a</span> 
     </span>
     <span class='ocr_line' id='line_1_26' title="bbox 159 2468 1361 2551; baseline 0 -19"><span class='ocrx_word' id='word_1_110' title='bbox 159 2468 378 2532; x_wconf 79' lang='lat' dir='ltr'>servis</span> <span class='ocrx_word' id='word_1_111' title='bbox 407 2469 542 2532; x_wconf 89' lang='lat' dir='ltr'>suis</span> <span class='ocrx_word' id='word_1_112' title='bbox 565 2477 630 2532; x_wconf 91' lang='lat' dir='ltr'>et</span> <span class='ocrx_word' id='word_1_113' title='bbox 650 2469 743 2531; x_wconf 89' lang='lat' dir='ltr'>sic</span> <span class='ocrx_word' id='word_1_114' title='bbox 763 2469 1064 2551; x_wconf 89' lang='lat' dir='ltr'>spiritum</span> <span class='ocrx_word' id='word_1_115' title='bbox 1085 2469 1361 2533; x_wconf 92' lang='lat' dir='ltr'>domino</span> 
     </span>
     <span class='ocr_line' id='line_1_27' title="bbox 159 2556 1360 2639; baseline 0.002 -21"><span class='ocrx_word' id='word_1_116' title='bbox 159 2557 478 2622; x_wconf 87' lang='lat' dir='ltr'>reddidit.</span> <span class='ocrx_word' id='word_1_117' title='bbox 570 2556 778 2639; x_wconf 90' lang='lat' dir='ltr'>Cujus</span> <span class='ocrx_word' id='word_1_118' title='bbox 809 2577 1045 2639; x_wconf 89' lang='lat' dir='ltr'>corpus</span> <span class='ocrx_word' id='word_1_119' title='bbox 1089 2577 1360 2620; x_wconf 89' lang='lat' dir='ltr'>venera-</span> 
     </span>
     <span class='ocr_line' id='line_1_28' title="bbox 159 2643 1361 2709; baseline 0.001 -1"><span class='ocrx_word' id='word_1_120' title='bbox 159 2643 321 2708; x_wconf 85' lang='lat' dir='ltr'>bilis</span> <span class='ocrx_word' id='word_1_121' title='bbox 377 2643 594 2709; x_wconf 85' lang='lat' dir='ltr'>lucina</span> <span class='ocrx_word' id='word_1_122' title='bbox 651 2665 806 2708; x_wconf 90' lang='lat' dir='ltr'>cum</span> <span class='ocrx_word' id='word_1_123' title='bbox 866 2643 1176 2708; x_wconf 86' lang='lat' dir='ltr'>fratribus</span> <span class='ocrx_word' id='word_1_124' title='bbox 1225 2645 1361 2709; x_wconf 91' lang='lat' dir='ltr'>suis</span> 
     </span>
     <span class='ocr_line' id='line_1_29' title="bbox 153 2731 1358 2815; baseline 0 -19"><span class='ocrx_word' id='word_1_125' title='bbox 153 2731 528 2796; x_wconf 89' lang='lat' dir='ltr'>honorifice</span> <span class='ocrx_word' id='word_1_126' title='bbox 587 2731 891 2815; x_wconf 85' lang='lat' dir='ltr'>sepelivit</span> <span class='ocrx_word' id='word_1_127' title='bbox 949 2735 1036 2797; x_wconf 93' lang='lat' dir='ltr'>ad</span> <span class='ocrx_word' id='word_1_128' title='bbox 1091 2732 1358 2797; x_wconf 89' lang='lat' dir='ltr'>laudem</span> 
     </span>
     <span class='ocr_line' id='line_1_30' title="bbox 153 2820 1360 2901; baseline -0.001 -17"><span class='ocrx_word' id='word_1_129' title='bbox 153 2821 424 2884; x_wconf 87' lang='lat' dir='ltr'>domini</span> <span class='ocrx_word' id='word_1_130' title='bbox 445 2821 650 2885; x_wconf 83' lang='lat' dir='ltr'>nostri</span> <span class='ocrx_word' id='word_1_131' title='bbox 666 2820 828 2901; x_wconf 93' lang='lat' dir='ltr'>Jesu</span> <span class='ocrx_word' id='word_1_132' title='bbox 850 2820 1112 2885; x_wconf 90' lang='lat' dir='ltr'>Christi.</span> <span class='ocrx_word' id='word_1_133' title='bbox 1141 2820 1360 2886; x_wconf 73' lang='lat' dir='ltr'>Cetera</span> 
     </span>
     <span class='ocr_line' id='line_1_31' title="bbox 153 2907 1360 2990; baseline -0.002 -18"><span class='ocrx_word' id='word_1_134' title='bbox 153 2909 244 2972; x_wconf 81' lang='lat' dir='ltr'>de</span> <span class='ocrx_word' id='word_1_135' title='bbox 271 2907 600 2972; x_wconf 81' lang='lat' dir='ltr'>communi</span> <span class='ocrx_word' id='word_1_136' title='bbox 626 2907 1068 2990; x_wconf 84' lang='lat' dir='ltr'>plurimorum</span> <span class='ocrx_word' id='word_1_137' title='bbox 1114 2918 1360 2990; x_wconf 59' lang='lat' dir='ltr'>margy-</span> 
     </span>
     <span class='ocr_line' id='line_1_32' title="bbox 156 2995 1226 3060; baseline 0 0"><span class='ocrx_word' id='word_1_138' title='bbox 156 3017 320 3060; x_wconf 77' lang='lat' dir='ltr'>rum</span> <span class='ocrx_word' id='word_1_139' title='bbox 345 3017 369 3058; x_wconf 92' lang='lat'>.·</span> <span class='ocrx_word' id='word_1_140' title='bbox 412 3016 558 3060; x_wconf 83' lang='lat' dir='ltr'>cum</span> <span class='ocrx_word' id='word_1_141' title='bbox 586 2996 874 3060; x_wconf 79' lang='lat' dir='ltr'>oratione</span> <span class='ocrx_word' id='word_1_142' title='bbox 899 2997 996 3060; x_wconf 88' lang='lat' dir='ltr'>ad</span> <span class='ocrx_word' id='word_1_143' title='bbox 1015 2995 1226 3060; x_wconf 80' lang='lat' dir='ltr'>horas.</span> 
     </span>
     <span class='ocr_line' id='line_1_33' title="bbox 155 3082 1360 3218; baseline -0.002 -65"><span class='ocrx_word' id='word_1_144' title='bbox 155 3088 500 3218; x_wconf 72' lang='lat' dir='ltr'>presta</span> <span class='ocrx_word' id='word_1_145' title='bbox 525 3084 798 3149; x_wconf 89' lang='lat' dir='ltr'>domine</span> <span class='ocrx_word' id='word_1_146' title='bbox 821 3104 1058 3167; x_wconf 88' lang='lat' dir='ltr'>quesu-</span> <span class='ocrx_word' id='word_1_147' title='bbox 1083 3082 1360 3167; x_wconf 78' lang='lat' dir='ltr'>[Oratio.</span> 
     </span>
     <span class='ocr_line' id='line_1_34' title="bbox 323 3171 1360 3255; baseline -0.001 -19"><span class='ocrx_word' id='word_1_148' title='bbox 323 3191 505 3237; x_wconf 85' lang='lat' dir='ltr'>mus:</span> <span class='ocrx_word' id='word_1_149' title='bbox 549 3180 624 3235; x_wconf 93' lang='lat' dir='ltr'>ut</span> <span class='ocrx_word' id='word_1_150' title='bbox 653 3174 824 3238; x_wconf 89' lang='lat' dir='ltr'>sicut</span> <span class='ocrx_word' id='word_1_151' title='bbox 852 3171 1136 3255; x_wconf 90' lang='lat' dir='ltr'>populus</span> <span class='ocrx_word' id='word_1_152' title='bbox 1159 3172 1360 3235; x_wconf 90' lang='lat' dir='ltr'>chris-</span> 
     </span>
     <span class='ocr_line' id='line_1_35' title="bbox 157 3259 1362 3342; baseline -0.001 -19"><span class='ocrx_word' id='word_1_153' title='bbox 157 3260 391 3324; x_wconf 86' lang='lat' dir='ltr'>tianus</span> <span class='ocrx_word' id='word_1_154' title='bbox 431 3268 796 3342; x_wconf 85' lang='lat' dir='ltr'>martyrum</span> <span class='ocrx_word' id='word_1_155' title='bbox 843 3269 1108 3324; x_wconf 90' lang='lat' dir='ltr'>tuorum</span> <span class='ocrx_word' id='word_1_156' title='bbox 1155 3259 1362 3324; x_wconf 82' lang='lat' dir='ltr'>felicis</span> 
     </span>
     <span class='ocr_line' id='line_1_36' title="bbox 159 3346 1362 3430; baseline -0.002 -18"><span class='ocrx_word' id='word_1_157' title='bbox 159 3347 476 3430; x_wconf 87' lang='lat' dir='ltr'>simplicii</span> <span class='ocrx_word' id='word_1_158' title='bbox 535 3347 804 3412; x_wconf 86' lang='lat' dir='ltr'>faustini</span> <span class='ocrx_word' id='word_1_159' title='bbox 864 3357 932 3412; x_wconf 91' lang='lat' dir='ltr'>et</span> <span class='ocrx_word' id='word_1_160' title='bbox 1006 3346 1362 3412; x_wconf 87' lang='lat' dir='ltr'>beatricis:</span> 
     </span>
     <span class='ocr_line' id='line_1_37' title="bbox 159 3433 1370 3518; baseline 0 -18"><span class='ocrx_word' id='word_1_161' title='bbox 159 3436 536 3517; x_wconf 88' lang='lat' dir='ltr'>temporali.</span> <span class='ocrx_word' id='word_1_162' title='bbox 625 3445 690 3500; x_wconf 80' lang='lat' dir='ltr'>et</span> <span class='ocrx_word' id='word_1_163' title='bbox 715 3446 916 3500; x_wconf 82' lang='lat' dir='ltr'>cetera</span> <span class='ocrx_word' id='word_1_164' title='bbox 945 3444 1021 3499; x_wconf 80' lang='lat' dir='ltr'>ut</span> <span class='ocrx_word' id='word_1_165' title='bbox 1044 3446 1244 3518; x_wconf 81' lang='lat' dir='ltr'>supra</span> <span class='ocrx_word' id='word_1_166' title='bbox 1273 3433 1370 3500; x_wconf 83' lang='lat' dir='ltr'>ad</span> 
     </span>
     <span class='ocr_line' id='line_1_38' title="bbox 157 3535 476 3606; baseline 0.003 -19"><span class='ocrx_word' id='word_1_167' title='bbox 157 3535 476 3606; x_wconf 80' lang='lat' dir='ltr'>vesperas.</span> 
     </span>
     <span class='ocr_line' id='line_1_39' title="bbox 161 3609 1362 3693; baseline -0.001 -18"><span class='ocrx_word' id='word_1_168' title='bbox 161 3616 234 3689; x_wconf 60' lang='lat' dir='ltr'>‘l’</span> <span class='ocrx_word' id='word_1_169' title='bbox 285 3611 678 3676; x_wconf 85' lang='lat' dir='ltr'>Sanctorum</span> <span class='ocrx_word' id='word_1_170' title='bbox 730 3621 1101 3693; x_wconf 83' lang='lat' dir='ltr'>martyrum</span> <span class='ocrx_word' id='word_1_171' title='bbox 1152 3609 1362 3674; x_wconf 85' lang='lat' dir='ltr'>abdon</span> 
     </span>
     <span class='ocr_line' id='line_1_40' title="bbox 155 3698 1362 3764; baseline -0.002 0"><span class='ocrx_word' id='word_1_172' title='bbox 155 3710 227 3764; x_wconf 83' lang='lat' dir='ltr'>et</span> <span class='ocrx_word' id='word_1_173' title='bbox 253 3720 510 3764; x_wconf 86' lang='lat' dir='ltr'>sennen.</span> <span class='ocrx_word' id='word_1_174' title='bbox 1115 3698 1362 3763; x_wconf 77' lang='lat' dir='ltr'>Oratio·</span> 
     </span>
     <span class='ocr_line' id='line_1_41' title="bbox 154 3785 1362 3920; baseline 0 -70"><span class='ocrx_word' id='word_1_175' title='bbox 154 3790 440 3920; x_wconf 84' lang='lat' dir='ltr'>Deus</span> <span class='ocrx_word' id='word_1_176' title='bbox 494 3787 608 3869; x_wconf 92' lang='lat' dir='ltr'>qui</span> <span class='ocrx_word' id='word_1_177' title='bbox 657 3786 903 3852; x_wconf 89' lang='lat' dir='ltr'>sanctis</span> <span class='ocrx_word' id='word_1_178' title='bbox 955 3787 1088 3849; x_wconf 92' lang='lat' dir='ltr'>tuis</span> <span class='ocrx_word' id='word_1_179' title='bbox 1140 3785 1362 3851; x_wconf 88' lang='lat' dir='ltr'>abdon</span> 
     </span>
     <span class='ocr_line' id='line_1_42' title="bbox 320 3873 1361 3956; baseline -0.004 -16"><span class='ocrx_word' id='word_1_180' title='bbox 320 3885 392 3940; x_wconf 90' lang='lat' dir='ltr'>et</span> <span class='ocrx_word' id='word_1_181' title='bbox 432 3894 680 3939; x_wconf 89' lang='lat' dir='ltr'>sennen</span> <span class='ocrx_word' id='word_1_182' title='bbox 730 3875 816 3937; x_wconf 91' lang='lat' dir='ltr'>ad</span> <span class='ocrx_word' id='word_1_183' title='bbox 862 3874 1034 3937; x_wconf 91' lang='lat' dir='ltr'>hanc</span> <span class='ocrx_word' id='word_1_184' title='bbox 1079 3873 1361 3956; x_wconf 86' lang='lat' dir='ltr'>gloriam</span> 
     </span>
     <span class='ocr_line' id='line_1_43' title="bbox 153 3961 1365 4044; baseline -0.003 -16"><span class='ocrx_word' id='word_1_185' title='bbox 153 3964 472 4029; x_wconf 86' lang='lat' dir='ltr'>veniendi</span> <span class='ocrx_word' id='word_1_186' title='bbox 493 3965 836 4044; x_wconf 92' lang='lat' dir='ltr'>copiosum</span> <span class='ocrx_word' id='word_1_187' title='bbox 849 3963 872 4000; x_wconf 85' lang='lat'><strong>⁴</strong></span> <span class='ocrx_word' id='word_1_188' title='bbox 893 3981 1134 4025; x_wconf 91' lang='lat' dir='ltr'>munus</span> <span class='ocrx_word' id='word_1_189' title='bbox 1153 3961 1365 4044; x_wconf 89' lang='lat' dir='ltr'>gratie</span> 
     </span>
     <span class='ocr_line' id='line_1_44' title="bbox 157 4049 1366 4117; baseline -0.002 -1"><span class='ocrx_word' id='word_1_190' title='bbox 157 4050 542 4117; x_wconf 89' lang='lat' dir='ltr'>contulisti:</span> <span class='ocrx_word' id='word_1_191' title='bbox 590 4051 680 4114; x_wconf 88' lang='lat' dir='ltr'>da</span> <span class='ocrx_word' id='word_1_192' title='bbox 723 4049 989 4114; x_wconf 86' lang='lat' dir='ltr'>famulis</span> <span class='ocrx_word' id='word_1_193' title='bbox 1033 4051 1166 4113; x_wconf 89' lang='lat' dir='ltr'>tuis</span> <span class='ocrx_word' id='word_1_194' title='bbox 1213 4070 1366 4114; x_wconf 90' lang='lat' dir='ltr'>suo-</span> 
     </span>
     <span class='ocr_line' id='line_1_45' title="bbox 155 4138 1365 4206; baseline -0.003 0"><span class='ocrx_word' id='word_1_195' title='bbox 155 4161 310 4206; x_wconf 88' lang='lat' dir='ltr'>rum</span> <span class='ocrx_word' id='word_1_196' title='bbox 387 4140 654 4205; x_wconf 87' lang='lat' dir='ltr'>veniam</span> <span class='ocrx_word' id='word_1_197' title='bbox 751 4138 1144 4203; x_wconf 88' lang='lat' dir='ltr'>delictorum</span> <span class='ocrx_word' id='word_1_198' title='bbox 1182 4160 1197 4203; x_wconf 89' lang='lat'>:</span> <span class='ocrx_word' id='word_1_199' title='bbox 1291 4147 1365 4202; x_wconf 91' lang='lat' dir='ltr'>ut</span> 
     </span>
     <span class='ocr_line' id='line_1_46' title="bbox 261 4273 1014 4340; baseline -0.001 -15"><span class='ocrx_word' id='word_1_200' title='bbox 261 4276 276 4308; x_wconf 84' lang='lat'>¹</span> <span class='ocrx_word' id='word_1_201' title='bbox 315 4275 576 4338; x_wconf 87' lang='lat' dir='ltr'>diocle[ci:</span> <span class='ocrx_word' id='word_1_202' title='bbox 601 4273 880 4340; x_wconf 78' lang='lat' dir='ltr'>R.S.]tiani</span> <span class='ocrx_word' id='word_1_203' title='bbox 907 4291 920 4324; x_wconf 73' lang='grc' dir='ltr'>ι</span> <span class='ocrx_word' id='word_1_204' title='bbox 944 4273 1014 4324; x_wconf 90' lang='grc' dir='ltr'>Ν.</span> 
     </span>
    </p>
   </div>
   <div class='ocr_carea' id='block_1_4' title="bbox 263 4341 1157 4458">
    <p class='ocr_par' dir='ltr' id='par_1_4' title="bbox 263 4341 1157 4458">
     <span class='ocr_line' id='line_1_47' title="bbox 263 4341 1157 4458; baseline 0 -3"><span class='ocrx_word' id='word_1_205' title='bbox 263 4347 284 4374; x_wconf 53' lang='lat'><strong>⁴</strong></span> <span class='ocrx_word' id='word_1_206' title='bbox 315 4357 579 4407; x_wconf 54' lang='lat' dir='ltr'><strong>commum</strong></span> <span class='ocrx_word' id='word_1_207' title='bbox 615 4341 686 4436; x_wconf 52' lang='lat'>8⁸⁷</span> <span class='ocrx_word' id='word_1_208' title='bbox 723 4406 1022 4458; x_wconf 81' lang='lat' dir='ltr'>recedebant</span> <span class='ocrx_word' id='word_1_209' title='bbox 1054 4423 1064 4455; x_wconf 95' lang='lat'>:</span> <span class='ocrx_word' id='word_1_210' title='bbox 1102 4405 1157 4455; x_wconf 90' lang='lat' dir='ltr'>S.</span> 
     </span>
    </p>
   </div>
   <div class='ocr_carea' id='block_1_5' title="bbox 296 4489 592 4540">
    <p class='ocr_par' dir='ltr' id='par_1_5' title="bbox 296 4489 592 4540">
     <span class='ocr_line' id='line_1_48' title="bbox 296 4489 592 4540; baseline -0.007 0"><span class='ocrx_word' id='word_1_211' title='bbox 296 4490 464 4540; x_wconf 91' lang='lat' dir='ltr'>VOL.</span> <span class='ocrx_word' id='word_1_212' title='bbox 517 4489 592 4538; x_wconf 81' lang='lat'>11.</span> 
     </span>
    </p>
   </div>
   <div class='ocr_carea' id='block_1_6' title="bbox 1169 4272 1699 4390">
    <p class='ocr_par' dir='ltr' id='par_1_6' title="bbox 1169 4272 1699 4390">
     <span class='ocr_line' id='line_1_49' title="bbox 1169 4272 1544 4322; baseline -0.003 0"><span class='ocrx_word' id='word_1_213' title='bbox 1169 4274 1191 4304; x_wconf 78' lang='lat'>²</span> <span class='ocrx_word' id='word_1_214' title='bbox 1224 4287 1448 4322; x_wconf 74' lang='lat' dir='ltr'>romam:</span> <span class='ocrx_word' id='word_1_215' title='bbox 1473 4272 1544 4321; x_wconf 92' lang='lat' dir='ltr'>N.</span> 
     </span>
     <span class='ocr_line' id='line_1_50' title="bbox 1169 4336 1699 4390; baseline -0.008 -1"><span class='ocrx_word' id='word_1_216' title='bbox 1169 4341 1192 4370; x_wconf 84' lang='lat'>⁸</span> <span class='ocrx_word' id='word_1_217' title='bbox 1225 4347 1534 4390; x_wconf 75' lang='lat' dir='ltr'>maceratos:</span> <span class='ocrx_word' id='word_1_218' title='bbox 1572 4336 1699 4386; x_wconf 91' lang='lat' dir='ltr'>N.S.</span> 
     </span>
    </p>
   </div>
   <div class='ocr_carea' id='block_1_7' title="bbox 1980 339 2139 396">
    <p class='ocr_par' dir='ltr' id='par_1_7' title="bbox 1980 339 2139 396">
     <span class='ocr_line' id='line_1_51' title="bbox 1980 339 2139 396; baseline 0.019 -3"><span class='ocrx_word' id='word_1_219' title='bbox 1980 339 2139 396; x_wconf 77' lang='lat'>428</span> 
     </span>
    </p>
   </div>
   <div class='ocr_carea' id='block_1_8' title="bbox 1453 448 2671 4218">
    <p class='ocr_par' dir='ltr' id='par_1_8' title="bbox 1467 448 2671 928">
     <span class='ocr_line' id='line_1_52' title="bbox 1467 448 2671 515; baseline 0.007 -9"><span class='ocrx_word' id='word_1_220' title='bbox 1467 452 1852 508; x_wconf 86' lang='lat' dir='ltr'>sanctorum</span> <span class='ocrx_word' id='word_1_221' title='bbox 1889 453 2156 508; x_wconf 90' lang='lat' dir='ltr'>tuorum</span> <span class='ocrx_word' id='word_1_222' title='bbox 2206 448 2671 515; x_wconf 89' lang='lat' dir='ltr'>intercedenti-</span> 
     </span>
     <span class='ocr_line' id='line_1_53' title="bbox 1467 531 2671 603; baseline 0.007 -7"><span class='ocrx_word' id='word_1_223' title='bbox 1467 531 1596 597; x_wconf 90' lang='lat' dir='ltr'>bus</span> <span class='ocrx_word' id='word_1_224' title='bbox 1628 533 1879 596; x_wconf 90' lang='lat' dir='ltr'>meritis</span> <span class='ocrx_word' id='word_1_225' title='bbox 1910 531 1998 596; x_wconf 92' lang='lat' dir='ltr'>ab</span> <span class='ocrx_word' id='word_1_226' title='bbox 2028 533 2341 599; x_wconf 89' lang='lat' dir='ltr'>omnibus</span> <span class='ocrx_word' id='word_1_227' title='bbox 2372 557 2671 603; x_wconf 89' lang='lat' dir='ltr'>merean-</span> 
     </span>
     <span class='ocr_line' id='line_1_54' title="bbox 1467 620 2671 709; baseline 0.006 -26"><span class='ocrx_word' id='word_1_228' title='bbox 1467 628 1578 683; x_wconf 94' lang='lat' dir='ltr'>tur</span> <span class='ocrx_word' id='word_1_229' title='bbox 1621 620 2132 684; x_wconf 89' lang='lat' dir='ltr'>adversitatibus</span> <span class='ocrx_word' id='word_1_230' title='bbox 2181 621 2455 688; x_wconf 88' lang='lat' dir='ltr'>liberari.</span> <span class='ocrx_word' id='word_1_231' title='bbox 2551 648 2671 709; x_wconf 91' lang='lat' dir='ltr'>per</span> 
     </span>
     <span class='ocr_line' id='line_1_55' title="bbox 1467 708 2665 798; baseline 0.007 -27"><span class='ocrx_word' id='word_1_232' title='bbox 1467 708 1831 772; x_wconf 89' lang='lat' dir='ltr'>dominum.</span> <span class='ocrx_word' id='word_1_233' title='bbox 2373 713 2594 777; x_wconf 82' lang='lat' dir='ltr'>Lectio</span> <span class='ocrx_word' id='word_1_234' title='bbox 2601 716 2665 798; x_wconf 87' lang='lat' dir='ltr'>j.</span> 
     </span>
     <span class='ocr_line' id='line_1_56' title="bbox 1467 797 2664 928; baseline 0.006 -69"><span class='ocrx_word' id='word_1_235' title='bbox 1467 797 1801 928; x_wconf 84' lang='lat' dir='ltr'>Decius</span> <span class='ocrx_word' id='word_1_236' title='bbox 1863 798 2226 878; x_wconf 90' lang='lat' dir='ltr'>imperator</span> <span class='ocrx_word' id='word_1_237' title='bbox 2268 799 2467 880; x_wconf 90' lang='lat' dir='ltr'>jussit</span> <span class='ocrx_word' id='word_1_238' title='bbox 2517 823 2664 884; x_wconf 91' lang='lat' dir='ltr'>pre-</span> 
     </span>
    </p>

    <p class='ocr_par' dir='ltr' id='par_1_9' title="bbox 1456 884 2666 2160">
     <span class='ocr_line' id='line_1_57' title="bbox 1623 884 2666 954; baseline 0.006 -6"><span class='ocrx_word' id='word_1_239' title='bbox 1623 885 1867 950; x_wconf 89' lang='lat' dir='ltr'>sentari</span> <span class='ocrx_word' id='word_1_240' title='bbox 1898 884 2121 949; x_wconf 89' lang='lat' dir='ltr'>abdon</span> <span class='ocrx_word' id='word_1_241' title='bbox 2147 895 2215 950; x_wconf 89' lang='lat' dir='ltr'>et</span> <span class='ocrx_word' id='word_1_242' title='bbox 2232 907 2483 951; x_wconf 89' lang='lat' dir='ltr'>sennen</span> <span class='ocrx_word' id='word_1_243' title='bbox 2508 891 2666 954; x_wconf 91' lang='lat' dir='ltr'>sub-</span> 
     </span>
     <span class='ocr_line' id='line_1_58' title="bbox 1467 971 2662 1058; baseline 0.006 -22"><span class='ocrx_word' id='word_1_244' title='bbox 1467 972 1731 1054; x_wconf 87' lang='lat' dir='ltr'>regulos</span> <span class='ocrx_word' id='word_1_245' title='bbox 1811 971 2203 1037; x_wconf 89' lang='lat' dir='ltr'>christianos</span> <span class='ocrx_word' id='word_1_246' title='bbox 2238 996 2254 1038; x_wconf 92' lang='lat'>:</span> <span class='ocrx_word' id='word_1_247' title='bbox 2330 995 2497 1058; x_wconf 88' lang='lat' dir='ltr'>quos</span> <span class='ocrx_word' id='word_1_248' title='bbox 2575 980 2662 1043; x_wconf 89' lang='lat' dir='ltr'>de</span> 
     </span>
     <span class='ocr_line' id='line_1_59' title="bbox 1465 1060 2661 1142; baseline 0.005 -19"><span class='ocrx_word' id='word_1_249' title='bbox 1465 1061 1729 1142; x_wconf 88' lang='lat' dir='ltr'>persida</span> <span class='ocrx_word' id='word_1_250' title='bbox 1748 1060 2123 1125; x_wconf 88' lang='lat' dir='ltr'>adduxerat</span> <span class='ocrx_word' id='word_1_251' title='bbox 2146 1081 2403 1126; x_wconf 87' lang='lat' dir='ltr'>romam</span> <span class='ocrx_word' id='word_1_252' title='bbox 2430 1086 2444 1128; x_wconf 94' lang='lat'>:</span> <span class='ocrx_word' id='word_1_253' title='bbox 2490 1086 2661 1129; x_wconf 90' lang='lat' dir='ltr'>mar-</span> 
     </span>
     <span class='ocr_line' id='line_1_60' title="bbox 1462 1149 2661 1232; baseline 0.005 -21"><span class='ocrx_word' id='word_1_254' title='bbox 1462 1149 1757 1212; x_wconf 86' lang='lat' dir='ltr'>ceratos⁶</span> <span class='ocrx_word' id='word_1_255' title='bbox 1789 1149 2063 1212; x_wconf 87' lang='lat' dir='ltr'>diversis</span> <span class='ocrx_word' id='word_1_256' title='bbox 2082 1150 2289 1232; x_wconf 76' lang='lat' dir='ltr'>penis,</span> <span class='ocrx_word' id='word_1_257' title='bbox 2360 1151 2451 1214; x_wconf 90' lang='lat' dir='ltr'>Et</span> <span class='ocrx_word' id='word_1_258' title='bbox 2484 1154 2661 1218; x_wconf 91' lang='lat' dir='ltr'>dixit</span> 
     </span>
     <span class='ocr_line' id='line_1_61' title="bbox 1463 1236 2659 1306; baseline 0.005 -7"><span class='ocrx_word' id='word_1_259' title='bbox 1463 1237 1691 1300; x_wconf 91' lang='lat' dir='ltr'>decius</span> <span class='ocrx_word' id='word_1_260' title='bbox 1722 1236 1808 1300; x_wconf 89' lang='lat' dir='ltr'>ad</span> <span class='ocrx_word' id='word_1_261' title='bbox 1832 1246 2179 1302; x_wconf 88' lang='lat' dir='ltr'>senatum:</span> <span class='ocrx_word' id='word_1_262' title='bbox 2215 1239 2389 1303; x_wconf 90' lang='lat' dir='ltr'>Ecce</span> <span class='ocrx_word' id='word_1_263' title='bbox 2410 1240 2659 1306; x_wconf 89' lang='lat' dir='ltr'>inimici</span> 
     </span>
     <span class='ocr_line' id='line_1_62' title="bbox 1462 1323 2660 1406; baseline 0.005 -20"><span class='ocrx_word' id='word_1_264' title='bbox 1462 1323 1823 1406; x_wconf 89' lang='lat' dir='ltr'>reipublice</span> <span class='ocrx_word' id='word_1_265' title='bbox 1850 1345 1865 1388; x_wconf 71' lang='grc' dir='ltr'><strong><em>ε</em></strong></span> <span class='ocrx_word' id='word_1_266' title='bbox 1912 1333 1981 1388; x_wconf 91' lang='lat' dir='ltr'>et</span> <span class='ocrx_word' id='word_1_267' title='bbox 2010 1326 2217 1389; x_wconf 90' lang='lat' dir='ltr'>totius</span> <span class='ocrx_word' id='word_1_268' title='bbox 2246 1329 2501 1391; x_wconf 89' lang='lat' dir='ltr'>romani</span> <span class='ocrx_word' id='word_1_269' title='bbox 2536 1330 2660 1392; x_wconf 89' lang='lat' dir='ltr'>im-</span> 
     </span>
     <span class='ocr_line' id='line_1_63' title="bbox 1463 1413 2663 1494; baseline 0.005 -20"><span class='ocrx_word' id='word_1_270' title='bbox 1463 1413 1645 1494; x_wconf 90' lang='lat' dir='ltr'>perii.</span> <span class='ocrx_word' id='word_1_271' title='bbox 1710 1413 1803 1476; x_wconf 91' lang='lat' dir='ltr'>Et</span> <span class='ocrx_word' id='word_1_272' title='bbox 1834 1413 2195 1477; x_wconf 87' lang='lat' dir='ltr'>introducti</span> <span class='ocrx_word' id='word_1_273' title='bbox 2224 1423 2383 1479; x_wconf 89' lang='lat' dir='ltr'>sunt</span> <span class='ocrx_word' id='word_1_274' title='bbox 2407 1417 2663 1480; x_wconf 75' lang='lat' dir='ltr'>ornati⁶</span> 
     </span>
     <span class='ocr_line' id='line_1_64' title="bbox 1461 1499 2657 1585; baseline 0.003 -21"><span class='ocrx_word' id='word_1_275' title='bbox 1461 1519 1626 1564; x_wconf 90' lang='lat' dir='ltr'>auro</span> <span class='ocrx_word' id='word_1_276' title='bbox 1683 1508 1752 1564; x_wconf 91' lang='lat' dir='ltr'>et</span> <span class='ocrx_word' id='word_1_277' title='bbox 1812 1499 2037 1582; x_wconf 90' lang='lat' dir='ltr'>lapide</span> <span class='ocrx_word' id='word_1_278' title='bbox 2099 1502 2399 1585; x_wconf 89' lang='lat' dir='ltr'>precioso</span> <span class='ocrx_word' id='word_1_279' title='bbox 2456 1505 2657 1572; x_wconf 87' lang='lat' dir='ltr'>vincti</span> 
     </span>
     <span class='ocr_line' id='line_1_65' title="bbox 1461 1586 2660 1670; baseline 0.004 -20"><span class='ocrx_word' id='word_1_280' title='bbox 1461 1587 1779 1652; x_wconf 79' lang='lat' dir='ltr'>cathenis,</span> <span class='ocrx_word' id='word_1_281' title='bbox 1902 1586 2089 1670; x_wconf 83' lang='lat' dir='ltr'>Quos</span> <span class='ocrx_word' id='word_1_282' title='bbox 2155 1609 2309 1653; x_wconf 90' lang='lat' dir='ltr'>cum</span> <span class='ocrx_word' id='word_1_283' title='bbox 2384 1591 2660 1656; x_wconf 90' lang='lat' dir='ltr'>vidisset</span> 
     </span>
     <span class='ocr_line' id='line_1_66' title="bbox 1461 1676 2655 1759; baseline 0.003 -19"><span class='ocrx_word' id='word_1_284' title='bbox 1461 1676 1681 1740; x_wconf 89' lang='lat' dir='ltr'>omnis</span> <span class='ocrx_word' id='word_1_285' title='bbox 1740 1685 2009 1739; x_wconf 87' lang='lat' dir='ltr'>senatus</span> <span class='ocrx_word' id='word_1_286' title='bbox 2063 1685 2322 1741; x_wconf 86' lang='lat' dir='ltr'>tantam</span> <span class='ocrx_word' id='word_1_287' title='bbox 2370 1681 2655 1759; x_wconf 87' lang='lat' dir='ltr'>gratiam</span> 
     </span>
     <span class='ocr_line' id='line_1_67' title="bbox 1461 1763 2658 1831; baseline 0.004 -5"><span class='ocrx_word' id='word_1_288' title='bbox 1461 1763 1744 1827; x_wconf 91' lang='lat' dir='ltr'>contulit</span> <span class='ocrx_word' id='word_1_289' title='bbox 1788 1763 2097 1827; x_wconf 90' lang='lat' dir='ltr'>dominus</span> <span class='ocrx_word' id='word_1_290' title='bbox 2127 1766 2332 1828; x_wconf 90' lang='lat' dir='ltr'>servis</span> <span class='ocrx_word' id='word_1_291' title='bbox 2363 1767 2537 1830; x_wconf 88' lang='lat' dir='ltr'>suis:</span> <span class='ocrx_word' id='word_1_292' title='bbox 2585 1778 2658 1831; x_wconf 90' lang='lat' dir='ltr'>ut</span> 
     </span>
     <span class='ocr_line' id='line_1_68' title="bbox 1461 1851 2653 1934; baseline 0.004 -20"><span class='ocrx_word' id='word_1_293' title='bbox 1461 1853 1675 1934; x_wconf 88' lang='lat' dir='ltr'>m&#39;agis</span> <span class='ocrx_word' id='word_1_294' title='bbox 1694 1851 1886 1915; x_wconf 92' lang='lat' dir='ltr'>dolor</span> <span class='ocrx_word' id='word_1_295' title='bbox 1904 1860 2075 1916; x_wconf 90' lang='lat' dir='ltr'>esset</span> <span class='ocrx_word' id='word_1_296' title='bbox 2094 1852 2163 1916; x_wconf 90' lang='lat' dir='ltr'>in</span> <span class='ocrx_word' id='word_1_297' title='bbox 2184 1873 2410 1917; x_wconf 89' lang='lat' dir='ltr'>amore</span> <span class='ocrx_word' id='word_1_298' title='bbox 2424 1874 2653 1919; x_wconf 87' lang='lat' dir='ltr'>eorum</span> 
     </span>
     <span class='ocr_line' id='line_1_69' title="bbox 1460 1938 2659 2024; baseline 0.005 -23"><span class='ocrx_word' id='word_1_299' title='bbox 1460 1959 1663 2021; x_wconf 89' lang='lat' dir='ltr'>quam</span> <span class='ocrx_word' id='word_1_300' title='bbox 1696 1938 1889 2004; x_wconf 87' lang='lat' dir='ltr'>furor.</span> <span class='ocrx_word' id='word_1_301' title='bbox 2344 1941 2557 2005; x_wconf 84' lang='lat' dir='ltr'>Lectio</span> <span class='ocrx_word' id='word_1_302' title='bbox 2590 1943 2659 2024; x_wconf 67' lang='grc' dir='ltr'>ᾔ.</span> 
     </span>
     <span class='ocr_line' id='line_1_70' title="bbox 1456 2027 2662 2160; baseline 0.006 -71"><span class='ocrx_word' id='word_1_303' title='bbox 1456 2028 1741 2160; x_wconf 79' lang='lat' dir='ltr'>Dixit</span> <span class='ocrx_word' id='word_1_304' title='bbox 1788 2036 2013 2090; x_wconf 88' lang='lat' dir='ltr'>autem</span> <span class='ocrx_word' id='word_1_305' title='bbox 2074 2027 2489 2094; x_wconf 87' lang='lat' dir='ltr'>valerianus:</span> <span class='ocrx_word' id='word_1_306' title='bbox 2541 2031 2662 2096; x_wconf 90' lang='lat' dir='ltr'>Di-</span> 
     </span>
    </p>

    <p class='ocr_par' dir='ltr' id='par_1_10' title="bbox 1453 2114 2658 3390">
     <span class='ocr_line' id='line_1_71' title="bbox 1615 2114 2657 2184; baseline 0.005 -6"><span class='ocrx_word' id='word_1_307' title='bbox 1615 2114 1965 2179; x_wconf 88' lang='lat' dir='ltr'>mittantur</span> <span class='ocrx_word' id='word_1_308' title='bbox 2034 2114 2257 2179; x_wconf 90' lang='lat' dir='ltr'>leones</span> <span class='ocrx_word' id='word_1_309' title='bbox 2318 2116 2452 2181; x_wconf 92' lang='lat' dir='ltr'>duo</span> <span class='ocrx_word' id='word_1_310' title='bbox 2497 2139 2512 2184; x_wconf 86' lang='lat'>:</span> <span class='ocrx_word' id='word_1_311' title='bbox 2590 2127 2657 2183; x_wconf 89' lang='lat' dir='ltr'>et</span> 
     </span>
     <span class='ocr_line' id='line_1_72' title="bbox 1457 2202 2653 2286; baseline 0.003 -21"><span class='ocrx_word' id='word_1_312' title='bbox 1457 2203 1589 2265; x_wconf 89' lang='lat' dir='ltr'>ursi</span> <span class='ocrx_word' id='word_1_313' title='bbox 1622 2212 1954 2286; x_wconf 86' lang='lat' dir='ltr'>quattuor.</span> <span class='ocrx_word' id='word_1_314' title='bbox 2048 2202 2182 2286; x_wconf 84' lang='lat' dir='ltr'>Qui</span> <span class='ocrx_word' id='word_1_315' title='bbox 2220 2224 2370 2268; x_wconf 90' lang='lat' dir='ltr'>cum</span> <span class='ocrx_word' id='word_1_316' title='bbox 2403 2205 2653 2270; x_wconf 83' lang='lat' dir='ltr'>dimissi</span> 
     </span>
     <span class='ocr_line' id='line_1_73' title="bbox 1458 2289 2657 2357; baseline 0.003 -3"><span class='ocrx_word' id='word_1_317' title='bbox 1458 2289 1776 2355; x_wconf 88' lang='lat' dir='ltr'>fuissent:</span> <span class='ocrx_word' id='word_1_318' title='bbox 1809 2291 2187 2355; x_wconf 89' lang='lat' dir='ltr'>nullatenus</span> <span class='ocrx_word' id='word_1_319' title='bbox 2216 2291 2657 2357; x_wconf 83' lang='lat' dir='ltr'>secedebant⁷</span> 
     </span>
     <span class='ocr_line' id='line_1_74' title="bbox 1457 2379 2657 2464; baseline 0.003 -23"><span class='ocrx_word' id='word_1_320' title='bbox 1457 2398 1500 2442; x_wconf 90' lang='lat' dir='ltr'>a</span> <span class='ocrx_word' id='word_1_321' title='bbox 1529 2379 1809 2461; x_wconf 90' lang='lat' dir='ltr'>pedibus</span> <span class='ocrx_word' id='word_1_322' title='bbox 1840 2389 2216 2443; x_wconf 89' lang='lat' dir='ltr'>sanctorum</span> <span class='ocrx_word' id='word_1_323' title='bbox 2244 2401 2257 2444; x_wconf 93' lang='lat'>:</span> <span class='ocrx_word' id='word_1_324' title='bbox 2289 2382 2407 2444; x_wconf 90' lang='lat' dir='ltr'>sed</span> <span class='ocrx_word' id='word_1_325' title='bbox 2441 2385 2657 2464; x_wconf 87' lang='lat' dir='ltr'>magis</span> 
     </span>
     <span class='ocr_line' id='line_1_75' title="bbox 1456 2467 2657 2552; baseline 0.001 -21"><span class='ocrx_word' id='word_1_326' title='bbox 1456 2467 1921 2532; x_wconf 89' lang='lat' dir='ltr'>custodiebant</span> <span class='ocrx_word' id='word_1_327' title='bbox 1951 2487 2085 2534; x_wconf 90' lang='lat' dir='ltr'>eos.</span> <span class='ocrx_word' id='word_1_328' title='bbox 2177 2468 2267 2532; x_wconf 90' lang='lat' dir='ltr'>Et</span> <span class='ocrx_word' id='word_1_329' title='bbox 2304 2489 2503 2532; x_wconf 90' lang='lat' dir='ltr'>nemo</span> <span class='ocrx_word' id='word_1_330' title='bbox 2534 2491 2657 2552; x_wconf 93' lang='lat' dir='ltr'>po-</span> 
     </span>
     <span class='ocr_line' id='line_1_76' title="bbox 1455 2554 2656 2639; baseline 0.002 -21"><span class='ocrx_word' id='word_1_331' title='bbox 1455 2563 1630 2619; x_wconf 89' lang='lat' dir='ltr'>terat</span> <span class='ocrx_word' id='word_1_332' title='bbox 1692 2555 1779 2618; x_wconf 91' lang='lat' dir='ltr'>ad</span> <span class='ocrx_word' id='word_1_333' title='bbox 1844 2575 1958 2618; x_wconf 91' lang='lat' dir='ltr'>eos</span> <span class='ocrx_word' id='word_1_334' title='bbox 2008 2554 2323 2620; x_wconf 87' lang='lat' dir='ltr'>accedere</span> <span class='ocrx_word' id='word_1_335' title='bbox 2384 2567 2656 2639; x_wconf 89' lang='lat' dir='ltr'>propter</span> 
     </span>
     <span class='ocr_line' id='line_1_77' title="bbox 1454 2641 2655 2728; baseline 0.003 -22"><span class='ocrx_word' id='word_1_336' title='bbox 1454 2642 1779 2725; x_wconf 89' lang='lat' dir='ltr'>impetum</span> <span class='ocrx_word' id='word_1_337' title='bbox 1812 2641 2115 2708; x_wconf 87' lang='lat' dir='ltr'>ferarum.</span> <span class='ocrx_word' id='word_1_338' title='bbox 2189 2643 2399 2724; x_wconf 90' lang='lat' dir='ltr'>Jussit</span> <span class='ocrx_word' id='word_1_339' title='bbox 2430 2645 2655 2728; x_wconf 89' lang='lat' dir='ltr'>itaque</span> 
     </span>
     <span class='ocr_line' id='line_1_78' title="bbox 1453 2731 2653 2797; baseline 0.002 -2"><span class='ocrx_word' id='word_1_340' title='bbox 1453 2731 1825 2795; x_wconf 89' lang='lat' dir='ltr'>valerianus</span> <span class='ocrx_word' id='word_1_341' title='bbox 1852 2751 1867 2794; x_wconf 88' lang='lat'>:</span> <span class='ocrx_word' id='word_1_342' title='bbox 1898 2740 1974 2794; x_wconf 90' lang='lat' dir='ltr'>ut</span> <span class='ocrx_word' id='word_1_343' title='bbox 1994 2740 2149 2794; x_wconf 89' lang='lat' dir='ltr'>ante</span> <span class='ocrx_word' id='word_1_344' title='bbox 2182 2731 2653 2797; x_wconf 88' lang='lat' dir='ltr'>simulachrum</span> 
     </span>
     <span class='ocr_line' id='line_1_79' title="bbox 1455 2818 2655 2884; baseline 0.002 -2"><span class='ocrx_word' id='word_1_345' title='bbox 1455 2818 1615 2882; x_wconf 91' lang='lat' dir='ltr'>solis</span> <span class='ocrx_word' id='word_1_346' title='bbox 1645 2819 2131 2882; x_wconf 87' lang='lat' dir='ltr'>deducerentur</span> <span class='ocrx_word' id='word_1_347' title='bbox 2162 2818 2246 2881; x_wconf 89' lang='lat' dir='ltr'>ad</span> <span class='ocrx_word' id='word_1_348' title='bbox 2280 2819 2655 2884; x_wconf 88' lang='lat' dir='ltr'>sacrifican-</span> 
     </span>
     <span class='ocr_line' id='line_1_80' title="bbox 1455 2906 2657 2988; baseline -0.001 -16"><span class='ocrx_word' id='word_1_349' title='bbox 1455 2908 1635 2972; x_wconf 92' lang='lat' dir='ltr'>dum.</span> <span class='ocrx_word' id='word_1_350' title='bbox 1686 2906 1915 2972; x_wconf 83' lang='lat' dir='ltr'>Sancti</span> <span class='ocrx_word' id='word_1_351' title='bbox 1936 2927 2093 2969; x_wconf 89' lang='lat' dir='ltr'>vero</span> <span class='ocrx_word' id='word_1_352' title='bbox 2119 2914 2443 2987; x_wconf 89' lang='lat' dir='ltr'>martyres</span> <span class='ocrx_word' id='word_1_353' title='bbox 2470 2907 2657 2988; x_wconf 88' lang='lat' dir='ltr'>jussa</span> 
     </span>
     <span class='ocr_line' id='line_1_81' title="bbox 1454 2992 2658 3059; baseline -0.001 0"><span class='ocrx_word' id='word_1_354' title='bbox 1454 2995 1625 3059; x_wconf 89' lang='lat' dir='ltr'>decii</span> <span class='ocrx_word' id='word_1_355' title='bbox 1656 3003 1723 3059; x_wconf 90' lang='lat' dir='ltr'>et</span> <span class='ocrx_word' id='word_1_356' title='bbox 1755 2994 1969 3058; x_wconf 88' lang='lat' dir='ltr'>minas</span> <span class='ocrx_word' id='word_1_357' title='bbox 1998 2992 2310 3057; x_wconf 88' lang='lat' dir='ltr'>valeriani</span> <span class='ocrx_word' id='word_1_358' title='bbox 2358 3004 2658 3059; x_wconf 89' lang='lat' dir='ltr'>contem-</span> 
     </span>
     <span class='ocr_line' id='line_1_82' title="bbox 1455 3079 2657 3166; baseline 0.002 -21"><span class='ocrx_word' id='word_1_359' title='bbox 1455 3091 1731 3147; x_wconf 85' lang='lat' dir='ltr'>nentes:</span> <span class='ocrx_word' id='word_1_360' title='bbox 1774 3081 1843 3146; x_wconf 91' lang='lat' dir='ltr'>in</span> <span class='ocrx_word' id='word_1_361' title='bbox 1888 3079 2355 3146; x_wconf 87' lang='lat' dir='ltr'>simulachrum</span> <span class='ocrx_word' id='word_1_362' title='bbox 2403 3103 2657 3166; x_wconf 89' lang='lat' dir='ltr'>expue-</span> 
     </span>
     <span class='ocr_line' id='line_1_83' title="bbox 1454 3169 2653 3253; baseline 0.001 -18"><span class='ocrx_word' id='word_1_363' title='bbox 1454 3179 1629 3235; x_wconf 87' lang='lat' dir='ltr'>runt.</span> <span class='ocrx_word' id='word_1_364' title='bbox 2292 3169 2522 3234; x_wconf 85' lang='lat' dir='ltr'>·Lecti0</span> <span class='ocrx_word' id='word_1_365' title='bbox 2554 3171 2653 3253; x_wconf 62' lang='lat' dir='ltr'>iij.</span> 
     </span>
     <span class='ocr_line' id='line_1_84' title="bbox 1473 3255 2655 3390; baseline 0 -68"><span class='ocrx_word' id='word_1_366' title='bbox 1473 3256 1953 3390; x_wconf 86' lang='lat' dir='ltr'>Valerianus</span> <span class='ocrx_word' id='word_1_367' title='bbox 1973 3255 2189 3320; x_wconf 80' lang='lat' dir='ltr'>furore</span> <span class='ocrx_word' id='word_1_368' title='bbox 2208 3256 2443 3340; x_wconf 90' lang='lat' dir='ltr'>plenus</span> <span class='ocrx_word' id='word_1_369' title='bbox 2458 3258 2655 3338; x_wconf 89' lang='lat' dir='ltr'>jussit</span> 
     </span>
    </p>

    <p class='ocr_par' dir='ltr' id='par_1_11' title="bbox 1455 3346 2666 4218">
     <span class='ocr_line' id='line_1_85' title="bbox 1623 3346 2655 3428; baseline 0.001 -19"><span class='ocrx_word' id='word_1_370' title='bbox 1623 3354 1889 3409; x_wconf 89' lang='lat' dir='ltr'>sanctos</span> <span class='ocrx_word' id='word_1_371' title='bbox 1922 3353 2244 3426; x_wconf 89' lang='lat' dir='ltr'>martyres</span> <span class='ocrx_word' id='word_1_372' title='bbox 2294 3346 2655 3428; x_wconf 90' lang='lat' dir='ltr'>plumbatis</span> 
     </span>
     <span class='ocr_line' id='line_1_86' title="bbox 1455 3432 2658 3518; baseline 0 -20"><span class='ocrx_word' id='word_1_373' title='bbox 1455 3432 1621 3498; x_wconf 91' lang='lat' dir='ltr'>cedi.</span> <span class='ocrx_word' id='word_1_374' title='bbox 1712 3433 1973 3518; x_wconf 84' lang='lat' dir='ltr'>Quibus</span> <span class='ocrx_word' id='word_1_375' title='bbox 2005 3433 2217 3497; x_wconf 90' lang='lat' dir='ltr'>dixit:</span> <span class='ocrx_word' id='word_1_376' title='bbox 2268 3434 2451 3497; x_wconf 91' lang='lat' dir='ltr'>Deos</span> <span class='ocrx_word' id='word_1_377' title='bbox 2482 3434 2658 3498; x_wconf 87' lang='lat' dir='ltr'>blas-</span> 
     </span>
     <span class='ocr_line' id='line_1_87' title="bbox 1455 3520 2653 3606; baseline -0.001 -21"><span class='ocrx_word' id='word_1_378' title='bbox 1455 3522 1774 3606; x_wconf 90' lang='lat' dir='ltr'>phemare</span> <span class='ocrx_word' id='word_1_379' title='bbox 1803 3521 2025 3584; x_wconf 90' lang='lat' dir='ltr'>nolite.</span> <span class='ocrx_word' id='word_1_380' title='bbox 2083 3520 2190 3585; x_wconf 90' lang='lat' dir='ltr'>Illi</span> <span class='ocrx_word' id='word_1_381' title='bbox 2223 3531 2448 3586; x_wconf 87' lang='lat' dir='ltr'>autem</span> <span class='ocrx_word' id='word_1_382' title='bbox 2482 3523 2653 3586; x_wconf 88' lang='lat' dir='ltr'>firmi</span> 
     </span>
     <span class='ocr_line' id='line_1_88' title="bbox 1457 3609 2658 3696; baseline 0.003 -24"><span class='ocrx_word' id='word_1_383' title='bbox 1457 3611 1526 3672; x_wconf 91' lang='lat' dir='ltr'>in</span> <span class='ocrx_word' id='word_1_384' title='bbox 1558 3609 1693 3673; x_wconf 88' lang='lat' dir='ltr'>fide</span> <span class='ocrx_word' id='word_1_385' title='bbox 1743 3609 1989 3674; x_wconf 91' lang='lat' dir='ltr'>Christi</span> <span class='ocrx_word' id='word_1_386' title='bbox 2032 3609 2389 3678; x_wconf 88' lang='lat' dir='ltr'>dixerunt:</span> <span class='ocrx_word' id='word_1_387' title='bbox 2438 3611 2658 3696; x_wconf 79' lang='lat' dir='ltr'>Quid⁸</span> 
     </span>
     <span class='ocr_line' id='line_1_89' title="bbox 1459 3696 2655 3764; baseline 0.003 -4"><span class='ocrx_word' id='word_1_388' title='bbox 1459 3697 1751 3761; x_wconf 87' lang='lat' dir='ltr'>facturus</span> <span class='ocrx_word' id='word_1_389' title='bbox 1792 3717 1863 3760; x_wconf 89' lang='lat' dir='ltr'>es</span> <span class='ocrx_word' id='word_1_390' title='bbox 1913 3696 2017 3760; x_wconf 87' lang='lat' dir='ltr'>sac</span> <span class='ocrx_word' id='word_1_391' title='bbox 2066 3697 2275 3762; x_wconf 79' lang='lat' dir='ltr'>citius,</span> <span class='ocrx_word' id='word_1_392' title='bbox 2367 3698 2483 3762; x_wconf 94' lang='lat' dir='ltr'>Ad</span> <span class='ocrx_word' id='word_1_393' title='bbox 2532 3699 2655 3764; x_wconf 92' lang='lat' dir='ltr'>hec</span> 
     </span>
     <span class='ocr_line' id='line_1_90' title="bbox 1459 3784 2659 3866; baseline -0.002 -16"><span class='ocrx_word' id='word_1_394' title='bbox 1459 3784 1831 3850; x_wconf 89' lang='lat' dir='ltr'>valerianus</span> <span class='ocrx_word' id='word_1_395' title='bbox 1892 3785 1959 3848; x_wconf 93' lang='lat' dir='ltr'>in</span> <span class='ocrx_word' id='word_1_396' title='bbox 2037 3785 2357 3866; x_wconf 87' lang='lat' dir='ltr'>majorem</span> <span class='ocrx_word' id='word_1_397' title='bbox 2434 3807 2659 3851; x_wconf 90' lang='lat' dir='ltr'>versus</span> 
     </span>
     <span class='ocr_line' id='line_1_91' title="bbox 1460 3873 2662 3955; baseline -0.001 -18"><span class='ocrx_word' id='word_1_398' title='bbox 1460 3873 1787 3938; x_wconf 88' lang='lat' dir='ltr'>furorem:</span> <span class='ocrx_word' id='word_1_399' title='bbox 1834 3873 2124 3937; x_wconf 87' lang='lat' dir='ltr'>decrevit</span> <span class='ocrx_word' id='word_1_400' title='bbox 2154 3882 2228 3936; x_wconf 91' lang='lat' dir='ltr'>ut</span> <span class='ocrx_word' id='word_1_401' title='bbox 2258 3874 2662 3955; x_wconf 88' lang='lat' dir='ltr'>gladiatores</span> 
     </span>
     <span class='ocr_line' id='line_1_92' title="bbox 1459 3960 2658 4042; baseline -0.001 -17"><span class='ocrx_word' id='word_1_402' title='bbox 1459 3970 1728 4025; x_wconf 87' lang='lat' dir='ltr'>sanctos</span> <span class='ocrx_word' id='word_1_403' title='bbox 1800 3970 2125 4042; x_wconf 89' lang='lat' dir='ltr'>martyres</span> <span class='ocrx_word' id='word_1_404' title='bbox 2201 3960 2658 4025; x_wconf 88' lang='lat' dir='ltr'>interficerent.</span> 
     </span>
     <span class='ocr_line' id='line_1_93' title="bbox 1462 4047 2663 4132; baseline 0.001 -21"><span class='ocrx_word' id='word_1_405' title='bbox 1462 4049 1595 4132; x_wconf 85' lang='lat' dir='ltr'>Qui</span> <span class='ocrx_word' id='word_1_406' title='bbox 1647 4069 1799 4113; x_wconf 90' lang='lat' dir='ltr'>cum</span> <span class='ocrx_word' id='word_1_407' title='bbox 1851 4049 2140 4131; x_wconf 89' lang='lat' dir='ltr'>percussi</span> <span class='ocrx_word' id='word_1_408' title='bbox 2194 4047 2504 4112; x_wconf 87' lang='lat' dir='ltr'>fuissent:</span> <span class='ocrx_word' id='word_1_409' title='bbox 2561 4049 2663 4130; x_wconf 89' lang='lat' dir='ltr'>ja-</span> 
     </span>
     <span class='ocr_line' id='line_1_94' title="bbox 1461 4145 2666 4218; baseline -0.002 -16"><span class='ocrx_word' id='word_1_410' title='bbox 1461 4148 1742 4202; x_wconf 89' lang='lat' dir='ltr'>cuerunt</span> <span class='ocrx_word' id='word_1_411' title='bbox 1835 4155 2115 4218; x_wconf 87' lang='lat' dir='ltr'>corpora</span> <span class='ocrx_word' id='word_1_412' title='bbox 2204 4155 2432 4198; x_wconf 90' lang='lat' dir='ltr'>eorum</span> <span class='ocrx_word' id='word_1_413' title='bbox 2510 4145 2666 4200; x_wconf 87' lang='lat' dir='ltr'>ante</span> 
     </span>
    </p>
   </div>
   <div class='ocr_carea' id='block_1_9' title="bbox 1901 4267 2433 4386">
    <p class='ocr_par' dir='ltr' id='par_1_12' title="bbox 1901 4267 2433 4386">
     <span class='ocr_line' id='line_1_95' title="bbox 1901 4267 2433 4321; baseline 0.004 -2"><span class='ocrx_word' id='word_1_414' title='bbox 1901 4271 1924 4301; x_wconf 80' lang='lat'>⁸</span> <span class='ocrx_word' id='word_1_415' title='bbox 1958 4267 2195 4320; x_wconf 57' lang='lat' dir='ltr'>natrix:</span> <span class='ocrx_word' id='word_1_416' title='bbox 2230 4269 2433 4321; x_wconf 82' lang='lat' dir='ltr'>R.N.S.</span> 
     </span>
     <span class='ocr_line' id='line_1_96' title="bbox 1908 4334 2247 4386; baseline 0.009 -3"><span class='ocrx_word' id='word_1_417' title='bbox 1908 4337 1927 4365; x_wconf 78' lang='lat'><em>⁶</em></span> <span class='ocrx_word' id='word_1_418' title='bbox 1960 4334 2158 4384; x_wconf 77' lang='lat' dir='ltr'>oranti:</span> <span class='ocrx_word' id='word_1_419' title='bbox 2194 4335 2247 4386; x_wconf 91' lang='lat' dir='ltr'>S.</span> 
     </span>
    </p>
   </div>
   <div class='ocr_carea' id='block_1_10' title="bbox 1614 4401 2407 4534">
    <p class='ocr_par' dir='ltr' id='par_1_13' title="bbox 1614 4401 2407 4534">
     <span class='ocr_line' id='line_1_97' title="bbox 1614 4401 2098 4466; baseline -0.002 -15"><span class='ocrx_word' id='word_1_420' title='bbox 1614 4405 1633 4432; x_wconf 80' lang='lat'>⁸</span> <span class='ocrx_word' id='word_1_421' title='bbox 1669 4401 1856 4466; x_wconf 85' lang='lat' dir='ltr'>Quod:</span> <span class='ocrx_word' id='word_1_422' title='bbox 1894 4401 2098 4451; x_wconf 83' lang='lat' dir='ltr'>R.N.S.</span> 
     </span>
     <span class='ocr_line' id='line_1_98' title="bbox 2276 4483 2407 4534; baseline 0.015 -2"><span class='ocrx_word' id='word_1_423' title='bbox 2276 4483 2317 4532; x_wconf 85' lang='lat' dir='ltr'>F</span> <span class='ocrx_word' id='word_1_424' title='bbox 2366 4485 2407 4534; x_wconf 84' lang='lat' dir='ltr'><strong>F</strong></span> 
     </span>
    </p>
   </div>
  </div>
 </body>
</html>
