3117 4959
316 242 415 296 IN
452 240 998 294 INVENTIONE
1033 239 1094 294 S.
1134 239 1581 294 STEPHANI
1614 240 2404 297 PROTHOMARTVRJS.

659 347 818 402 489

125 456 377 540 plurimi
433 453 758 538 prioribus
809 453 1144 517 militum:
1195 453 1310 535 qui

125 545 458 609 venientes
547 543 938 605 invenerunt
1037 541 1311 606 beatum

125 632 516 715 stephanum
599 630 985 712 episcopum
1067 627 1313 694 sacrifi-

125 723 292 785 cium
323 719 629 782 domin0¹
656 717 1064 781 offerentem.
1143 717 1313 800 Qui-

129 829 252 890 que
311 806 714 888 intrepidus²
772 813 1088 868 constans
1154 813 1314 868 ante

128 897 346 960 altaris
385 894 724 958 solennia:
754 901 823 956 et
839 891 1090 974 jugiter
1119 901 1315 974 cepta

129 983 466 1067 perficiens
507 981 572 1045 in
622 981 860 1044 eodem
909 981 1100 1044 loco:
1145 981 1315 1044 sicut

130 1073 191 1134 in
223 1091 342 1134 sua
386 1069 752 1133 decollatus
796 1077 902 1132 est
943 1068 1146 1132 sede:
1190 1068 1317 1131 sub

131 1160 232 1222 die
261 1166 501 1241 quarto
519 1178 843 1221 nonarum
868 1165 1316 1237 augustarum.

131 1247 334 1329 Cujus
426 1265 664 1328 corpus
759 1244 1162 1326 sepelierunt
1249 1245 1318 1306 in

129 1335 360 1398 eadem
421 1334 632 1416 cripta
690 1352 844 1396 cum
905 1333 1050 1414 ipsa
1109 1331 1318 1396 sede:

131 1422 238 1486 ubi
291 1430 520 1486 astans
568 1421 838 1503 sanguis
885 1420 1028 1502 ejus
1073 1419 1320 1483 effusus

130 1519 279 1574 est:
355 1508 424 1572 in
496 1507 820 1572 cimiterio
880 1507 1156 1572 calixti:
1231 1507 1318 1570 ad

131 1598 394 1662 laudem
495 1596 751 1660 domini
854 1595 1062 1660 nostri
1161 1596 1318 1677 Jesu

129 1685 392 1750 Christi.
436 1684 656 1752 Cetera
673 1683 754 1746 de
768 1683 1100 1747 communi
1123 1682 1322 1746 unius

129 1772 446 1855 martyris
463 1793 488 1836 :
523 1793 666 1836 cum
686 1771 998 1834 memoria
1014 1772 1328 1835 desancto

112 1871 314 1942 petro.
387 1861 522 1925 An.
591 1860 824 1924 Petrus
853 1859 940 1924 ad
971 1880 1058 1923 se.
1125 1876 1170 1945 y
1216 1859 1322 1922 Tu

129 1971 198 2014 es
256 1957 502 2034 petrus.
616 1947 864 2012 Oratio,
963 1948 1150 2010 Deus
1208 1947 1322 2029 qui

130 2037 404 2102 beatum
436 2046 716 2118 petrum.

132 2131 194 2204 Ε
237 2127 330 2189 In
384 2125 746 2188 inventione
809 2121 1023 2185 sancti
1075 2121 1322 2204 stepha·-

130 2214 204 2278 ni
236 2210 795 2295 prothomartyris
815 2232 840 2274 .·
894 2209 1331 2291 sociorumque

127 2322 280 2384 qus.

128 2390 252 2454 Ad
294 2398 586 2469 vesperas
635 2395 742 2450 an.
833 2387 1066 2449 Petrus
1115 2394 1184 2449 et
1227 2385 1332 2467 jo·

127 2477 408 2542 hanues,
523 2485 589 2538 et
671 2485 864 2538 cetere
881 2475 909 2512 ⁸
990 2473 1336 2556 antiphone

127 2573 454 2647 sequentes
477 2585 502 2626 .·
542 2583 686 2626 cum
716 2562 1002 2644 psalmis
1035 2562 1114 2624 de
1150 2572 1330 2643 apos-

129 2655 296 2718 tolis.
420 2651 557 2714 nisi
611 2651 795 2733 forte
838 2650 1094 2732 festum
1155 2647 1338 2712 istud

130 2742 488 2823 differatur
557 2759 754 2820 usque
812 2737 882 2802 in
939 2738 1111 2802 diem
1183 2737 1338 2800 lune

119 2837 392 2912 propter
434 2827 838 2908 inceptionem
888 2825 1181 2907 hystorie.
1271 2833 1336 2888 et

135 2927 288 2982 tunc
345 2914 610 2979 dicutur
661 2913 1028 2995 antiphona.
1135 2911 1334 2977 Dixit

133 3003 466 3068 dominus,
555 3023 701 3065 cum
729 3001 950 3064 ceteris
965 3000 1334 3083 antzpltom's

133 3103 196 3155 et
223 3091 514 3175 psalmis
554 3089 1048 3154 dominicalibus
1071 3111 1096 3154 .·
1139 3108 1337 3171 usqae

133 3182 228 3244 ad
251 3179 626 3262 capitulum.
719 3177 868 3258 Cap.
958 3177 1188 3242 Sancti
1219 3197 1338 3259 per

137 3268 364 3332 fidem.
453 3267 570 3330 Re.
663 3265 876 3347 Igitur
903 3265 1336 3329 dissimulata.

139 3357 470 3440 Hymnus.
589 3353 986 3418 Sanctorum
1070 3354 1336 3416 meritis,

141 3461 186 3522 y
237 3445 338 3507 Hi
369 3450 524 3506 sunt
563 3461 750 3524 quos,
837 3458 886 3520 γ
930 3441 1032 3504 Te
1062 3461 1340 3506 summa.

141 3549 186 3618 y
237 3530 570 3596 Exultent
597 3529 777 3611 justi.
843 3529 928 3592 In
951 3548 1203 3610 evange.
1234 3537 1340 3593 an.

139 3619 466 3685 Ostendit
524 3626 794 3682 sanctus
855 3616 1164 3698 gamaliel
1227 3635 1344 3698 per

137 3710 362 3772 visum
387 3706 648 3769 luciano
669 3705 994 3768 sacerdoti
1017 3713 1149 3768 tres
1169 3703 1342 3768 cala-

136 3797 298 3861 thos
369 3814 646 3860 aureos:
693 3795 857 3857 rosis
902 3791 1219 3856 refertos:
1275 3801 1344 3856 et

140 3893 457 3967 quartum
519 3889 905 3963 argenteum
961 3901 1153 3944 croco
1206 3879 1344 3962 ple-

139 3993 352 4035 num:
407 3980 474 4034 et
523 3970 744 4033 dixit:
808 3969 875 4032 hi
929 3978 1084 4032 sunt
1137 3970 1342 4031 nostri

141 4060 386 4124 loculi:
451 4066 520 4122 et
581 4067 803 4120 nostre
862 4055 1152 4138 reliquie.
1235 4055 1344 4120 hic

141 4157 374 4213 autem
407 4146 806 4229 sanguineas
837 4145 1092 4209 habens
1125 4163 1346 4208 rosas:

451 4305 466 4336 ¹
502 4305 638 4354 deo:
677 4303 816 4354 ΚΝ.

450 4373 472 4402 ²
507 4371 620 4420 ‘et'
641 4371 742 4418 add
767 4388 780 4420 ε
815 4369 882 4419 Ν.

453 4439 475 4469 ⁸
505 4444 741 4487 etcetera:
775 4436 830 4486 S.

1923 349 2081 402 440

1416 453 1667 517 loculus
1716 463 1819 518 est
1860 453 2091 519 'sancti
2143 455 2447 538 stephani
2498 458 2611 540 qui

1413 541 1598 605 solus
1632 562 1721 604 ex
1769 542 1963 606 nobis
2008 546 2327 626 martyrio
2372 548 2615 610 meruit

1414 631 1731 694 coronari.
1807 640 1909 711 pff.
2002 632 2229 714 Magn.
2365 633 2616 698 Oratio.

1417 719 1689 848 Deus
1720 719 1832 799 qui
1854 738 1926 782 es
1947 730 2325 784 sanctorum
2346 729 2613 786 tuorum

1572 806 1889 887 splendor
1932 806 2295 873 mirabilis:
2363 811 2617 891 quique

1418 892 1739 956 hodierna
1769 894 1878 958 die
1915 894 2262 959 beatorum
2306 897 2617 980 stephani

1419 980 1797 1044 nichodemi
1829 983 2197 1064 gamalielis
2228 993 2431 1066 atque
2474 987 2616 1050 abi-

1420 1069 1614 1133 bonis
1644 1070 2001 1151 gloriosam
2038 1072 2485 1138 inventionem
2516 1093 2617 1136 re-

1419 1156 1695 1221 velasti:
1740 1158 1829 1220 da
1874 1159 2066 1223 nobis
2098 1160 2165 1223 in
2197 1169 2427 1225 eterna
2470 1160 2621 1226 leti-

1421 1245 1524 1308 cia
1553 1247 1640 1308 de
1672 1265 1899 1308 eorum
1944 1247 2263 1311 societate
2306 1249 2615 1330 gaudere.

1423 1351 1542 1414 per
1590 1333 1956 1398 dominum.
2049 1339 2112 1413 (Ι
2160 1337 2491 1400 Memoria
2540 1338 2623 1400 de

1423 1430 1639 1483 sancto
1683 1430 1883 1502 petro.
1974 1422 2111 1486 Αῆ.
2210 1423 2503 1488 Domine
2561 1425 2617 1487 si

1424 1516 1498 1571 tu
1553 1529 1641 1572 eS.
1733 1507 1869 1572 nisi
1906 1508 2163 1590 festum
2220 1511 2577 1593 differatur
2597 1535 2621 1576 .·

1424 1597 1582 1678 quia
1638 1595 1705 1659 si
1756 1598 2091 1679 contingat
2142 1598 2329 1662 istud
2365 1601 2621 1681 fistum

1424 1683 1693 1764 dzfflrri
1714 1705 1739 1747 :
1784 1693 1934 1747 tunc
1964 1685 2226 1749 dicatur
2248 1689 2619 1769 antiphona.

1427 1770 1647 1836 Solve.
1722 1771 1784 1835 A
1794 1771 1849 1834 d
1870 1782 2073 1837 matu.
2102 1773 2275 1839 Invi.
2358 1775 2622 1840 Adore-

1427 1879 1579 1923 mus
1618 1880 1841 1942 regem
1894 1880 2209 1943 magnum
2255 1861 2621 1929 dominum.

1428 1946 1565 2030 Qui
1619 1948 1687 2011 in
1735 1951 1983 2012 sanctis
2030 1949 2165 2013 suis
2209 1971 2474 2034 semper
2521 1962 2625 2016 est

1429 2035 1765 2100 mirabilis,
1818 2045 1918 2117 pi.
1983 2037 2244 2104 Venite.
2298 2039 2619 2121 Hymnus.

1433 2123 1839 2188 Sanctorum
1882 2125 2148 2191 meritis
2240 2149 2384 2192 cum
2415 2129 2628 2193 tribus

1430 2210 1725 2275 versibus
1796 2221 1873 2274 ut
1928 2212 2141 2295 prius.
2258 2215 2344 2278 In
2404 2217 2627 2298 primo

1429 2308 1735 2362 nocturno
1792 2309 1897 2364 an.
2000 2301 2299 2367 Luciano
2355 2326 2627 2369 venera-

1431 2386 1548 2450 bili
1639 2388 2029 2470 presbytero
2102 2391 2466 2472 quiescenti
2558 2395 2624 2456 in

1431 2483 1642 2539 strato
1672 2495 1792 2538 suo
1824 2476 1909 2540 de
1940 2477 2338 2544 revelatione
2368 2489 2627 2546 sancta-

1431 2583 1579 2626 rum
1600 2562 2020 2646 reliquiarum
2041 2568 2627 2650 prothomartyris⁴

1430 2649 1741 2732 stephani
1788 2653 1941 2715 talis
1991 2653 2309 2718 divinitus
2360 2667 2630 2721 ostensa

1433 2748 1536 2802 est
1566 2739 1751 2802 visio.
1825 2748 1928 2820 pff.
2018 2742 2266 2806 Beatus
2294 2745 2408 2808 vir.
2492 2745 2627 2810 An.

1437 2827 1618 2890 Dum
1676 2826 1895 2890 adhuc
1955 2847 2127 2910 pene
2182 2831 2487 2913 vigilaret
2534 2835 2633 2898 vir

1433 2915 1849 2978 venerandus
1895 2923 2214 2999 tanquam
2248 2920 2314 2982 in
2352 2941 2628 2986 excessu

1437 3002 1681 3066 mentis
1727 3011 1997 3085 repente
2027 3014 2130 3069 est
2164 3005 2452 3072 effectus,
2532 3019 2629 3090 pf.

1439 3089 1663 3173 Quare
1708 3090 2129 3156 fremuerunt.
2219 3094 2353 3159 Αῆ.
2443 3097 2633 3160 Vidit

1436 3179 1640 3261 igitur
1678 3179 1983 3242 assistere
2026 3179 2152 3244 sibi
2195 3182 2408 3247 virum
2454 3193 2633 3248 etate

1438 3285 1707 3330 senem:
1745 3274 2001 3331 statura
2021 3288 2407 3351 procerum:
2446 3273 2631 3336 vultu

1438 3353 1793 3419 decorem.⁸⁵
1865 3365 1967 3438 pff.
2038 3357 2209 3422 Cum
2243 3359 2630 3426 invocarem.

1440 3459 1490 3530 γ
1538 3442 1867 3506 Exultent
1889 3443 2070 3524 justi.
2351 3449 2563 3512 Lectio
2572 3451 2635 3532 j.

1440 3531 1799 3664 Sanctus
1832 3540 1898 3595 et
1929 3533 2323 3598 venerabilis
2364 3538 2636 3619 presby-

1568 3627 1669 3680 ter
1726 3617 2075 3686 lucianus:
2149 3623 2435 3704 qualiter
2510 3626 2636 3690 sibi

1443 3705 1761 3769 divinitus
1806 3716 2147 3772 ostensum
2196 3721 2297 3774 est
2341 3714 2427 3776 de
2460 3734 2639 3776 reve-

1445 3793 1695 3857 latione
1762 3805 2139 3861 sanctarum
2216 3800 2640 3882 reliquiarum

1445 3881 2003 3965 prothomartyris
2104 3887 2411 3968 stephani
2449 3910 2465 3951 :
2549 3891 2642 3954 ita

1447 3969 1708 4052 scripsit
1738 3971 1981 4037 dicens,
2076 3973 2205 4036 Die
2234 3995 2389 4036 vero
2421 3997 2643 4058 paras-

1448 4077 1610 4121 ceue
1647 4058 2006 4122 dormienti
2053 4061 2213 4123 mihi
2269 4062 2335 4124 in
2381 4063 2645 4128 cubicu-

1445 4145 1514 4209 lo
1564 4165 1717 4209 meo
1770 4145 1969 4213 hora⁶
2032 4149 2230 4212 tertia
2299 4153 2512 4214 noctis
2578 4153 2644 4215 in

1555 4307 1574 4336 ⁴
1609 4305 1988 4369 protomartyris
2012 4307 2237 4371 (passim)
2262 4327 2275 4359 ε
2312 4309 2379 4362 Ν.

1554 4373 1575 4401 ⁸
1608 4371 1844 4420 decorum
1870 4389 1882 4421 ε
1920 4372 1983 4421 R.

1556 4438 1577 4466 ⁰
1616 4436 1798 4490 ‘hora'
1824 4451 1923 4488 om.
1956 4455 1969 4488 ε
2008 4439 2147 4492 RN.
