<?xml version="1.0" encoding="UTF-8"?>
<!DOCTYPE html PUBLIC "-//W3C//DTD XHTML 1.0 Transitional//EN"
    "http://www.w3.org/TR/xhtml1/DTD/xhtml1-transitional.dtd">
<html xmlns="http://www.w3.org/1999/xhtml" xml:lang="en" lang="en">
 <head>
  <title>
</title>
<meta http-equiv="Content-Type" content="text/html;charset=utf-8" />
  <meta name='ocr-system' content='tesseract 3.04.00' />
  <meta name='ocr-capabilities' content='ocr_page ocr_carea ocr_par ocr_line ocrx_word'/>
</head>
<body>
  <div class='ocr_page' id='page_1' title='image "breviariumadusu03yorkgoog_0233.png"; bbox 0 0 3117 4959; ppageno 0'>
   <div class='ocr_carea' id='block_1_1' title="bbox 804 249 2671 317">
    <p class='ocr_par' dir='ltr' id='par_1_1' title="bbox 804 249 2671 317">
     <span class='ocr_line' id='line_1_1' title="bbox 804 249 2671 317; baseline 0.001 -12"><span class='ocrx_word' id='word_1_1' title='bbox 804 250 866 306; x_wconf 88' lang='lat' dir='ltr'><strong>S.</strong></span> <span class='ocrx_word' id='word_1_2' title='bbox 915 249 1284 306; x_wconf 80' lang='lat' dir='ltr'><em>MARTHE</em></span> <span class='ocrx_word' id='word_1_3' title='bbox 1342 252 1709 317; x_wconf 75' lang='lat' dir='ltr'><em>VIRGINIS</em></span> <span class='ocrx_word' id='word_1_4' title='bbox 1754 253 1876 307; x_wconf 87' lang='lat' dir='ltr'><strong>ET</strong></span> <span class='ocrx_word' id='word_1_5' title='bbox 1916 251 2289 308; x_wconf 78' lang='lat' dir='ltr'><em>HOSPJTE</em></span> <span class='ocrx_word' id='word_1_6' title='bbox 2334 251 2671 308; x_wconf 79' lang='lat' dir='ltr'><em>DOMINI.</em></span> 
     </span>
    </p>
   </div>
   <div class='ocr_carea' id='block_1_2' title="bbox 1015 359 1152 412">
    <p class='ocr_par' dir='ltr' id='par_1_2' title="bbox 1015 359 1152 412">
     <span class='ocr_line' id='line_1_2' title="bbox 1015 359 1152 412; baseline 0 0"><span class='ocrx_word' id='word_1_7' title='bbox 1015 359 1152 412; x_wconf 77' lang='lat'><strong>421</strong></span> 
     </span>
    </p>
   </div>
   <div class='ocr_carea' id='block_1_3' title="bbox 485 462 1717 4336">
    <p class='ocr_par' dir='ltr' id='par_1_3' title="bbox 485 462 1695 1565">
     <span class='ocr_line' id='line_1_3' title="bbox 486 462 1692 546; baseline 0.002 -20"><span class='ocrx_word' id='word_1_8' title='bbox 486 462 760 528; x_wconf 85' lang='lat' dir='ltr'><strong>fluvium</strong></span> <span class='ocrx_word' id='word_1_9' title='bbox 809 463 952 546; x_wconf 85' lang='lat' dir='ltr'><strong>ejus</strong></span> <span class='ocrx_word' id='word_1_10' title='bbox 995 466 1200 529; x_wconf 91' lang='lat' dir='ltr'><strong>verba</strong></span> <span class='ocrx_word' id='word_1_11' title='bbox 1243 465 1474 530; x_wconf 87' lang='lat' dir='ltr'><strong>audire</strong></span> <span class='ocrx_word' id='word_1_12' title='bbox 1517 465 1692 529; x_wconf 87' lang='lat' dir='ltr'><strong>desi-</strong></span> 
     </span>
     <span class='ocr_line' id='line_1_4' title="bbox 485 553 1695 634; baseline 0.002 -18"><span class='ocrx_word' id='word_1_13' title='bbox 485 553 726 616; x_wconf 89' lang='lat' dir='ltr'><strong>derans</strong></span> <span class='ocrx_word' id='word_1_14' title='bbox 761 573 776 618; x_wconf 91' lang='lat'><strong>:</strong></span> <span class='ocrx_word' id='word_1_15' title='bbox 823 554 1092 634; x_wconf 85' lang='lat' dir='ltr'><strong>navigio</strong></span> <span class='ocrx_word' id='word_1_16' title='bbox 1143 573 1419 618; x_wconf 89' lang='lat' dir='ltr'><strong>carens:</strong></span> <span class='ocrx_word' id='word_1_17' title='bbox 1463 563 1695 618; x_wconf 88' lang='lat' dir='ltr'><strong>natare</strong></span> 
     </span>
     <span class='ocr_line' id='line_1_5' title="bbox 491 642 1695 722; baseline 0.002 -18"><span class='ocrx_word' id='word_1_18' title='bbox 491 642 714 722; x_wconf 86' lang='lat' dir='ltr'>cepit:</span> <span class='ocrx_word' id='word_1_19' title='bbox 779 650 848 704; x_wconf 93' lang='lat' dir='ltr'><strong>et</strong></span> <span class='ocrx_word' id='word_1_20' title='bbox 907 643 1132 705; x_wconf 89' lang='lat' dir='ltr'><strong>subito</strong></span> <span class='ocrx_word' id='word_1_21' title='bbox 1191 662 1233 705; x_wconf 91' lang='lat' dir='ltr'><strong>a</strong></span> <span class='ocrx_word' id='word_1_22' title='bbox 1290 643 1354 706; x_wconf 89' lang='lat' dir='ltr'><strong>vi</strong></span> <span class='ocrx_word' id='word_1_23' title='bbox 1401 642 1695 706; x_wconf 90' lang='lat' dir='ltr'><strong>fluminis</strong></span> 
     </span>
     <span class='ocr_line' id='line_1_6' title="bbox 491 728 1692 813; baseline 0.002 -23"><span class='ocrx_word' id='word_1_24' title='bbox 491 728 868 792; x_wconf 83' lang='lat' dir='ltr'><strong>suffocatur.</strong></span> <span class='ocrx_word' id='word_1_25' title='bbox 991 729 1199 812; x_wconf 91' lang='lat' dir='ltr'><strong>Cujus</strong></span> <span class='ocrx_word' id='word_1_26' title='bbox 1258 749 1498 813; x_wconf 88' lang='lat' dir='ltr'><strong>corpus</strong></span> <span class='ocrx_word' id='word_1_27' title='bbox 1571 731 1692 793; x_wconf 89' lang='lat' dir='ltr'><strong>vix</strong></span> 
     </span>
     <span class='ocr_line' id='line_1_7' title="bbox 495 816 1693 900; baseline 0.003 -22"><span class='ocrx_word' id='word_1_28' title='bbox 495 816 787 881; x_wconf 89' lang='lat' dir='ltr'><strong>secunda</strong></span> <span class='ocrx_word' id='word_1_29' title='bbox 808 816 918 880; x_wconf 87' lang='lat' dir='ltr'><strong>die</strong></span> <span class='ocrx_word' id='word_1_30' title='bbox 943 816 1284 882; x_wconf 90' lang='lat' dir='ltr'><strong>inventum</strong></span> <span class='ocrx_word' id='word_1_31' title='bbox 1309 827 1467 881; x_wconf 91' lang='lat' dir='ltr'><strong>ante</strong></span> <span class='ocrx_word' id='word_1_32' title='bbox 1486 819 1693 900; x_wconf 88' lang='lat' dir='ltr'><strong>pedes</strong></span> 
     </span>
     <span class='ocr_line' id='line_1_8' title="bbox 495 905 1693 988; baseline 0.003 -21"><span class='ocrx_word' id='word_1_33' title='bbox 495 912 724 968; x_wconf 90' lang='lat' dir='ltr'><strong>sancte</strong></span> <span class='ocrx_word' id='word_1_34' title='bbox 759 905 1015 969; x_wconf 90' lang='lat' dir='ltr'><strong>marthe</strong></span> <span class='ocrx_word' id='word_1_35' title='bbox 1045 914 1474 988; x_wconf 86' lang='lat' dir='ltr'><strong>presentatur.</strong></span> <span class='ocrx_word' id='word_1_36' title='bbox 1566 906 1693 970; x_wconf 90' lang='lat' dir='ltr'><strong>Illa</strong></span> 
     </span>
     <span class='ocr_line' id='line_1_9' title="bbox 495 992 1693 1076; baseline 0.002 -20"><span class='ocrx_word' id='word_1_37' title='bbox 495 1011 653 1056; x_wconf 90' lang='lat' dir='ltr'><strong>vero</strong></span> <span class='ocrx_word' id='word_1_38' title='bbox 701 992 768 1055; x_wconf 90' lang='lat' dir='ltr'><strong>in</strong></span> <span class='ocrx_word' id='word_1_39' title='bbox 817 993 1095 1058; x_wconf 88' lang='lat' dir='ltr'><strong>modum</strong></span> <span class='ocrx_word' id='word_1_40' title='bbox 1125 995 1334 1058; x_wconf 90' lang='lat' dir='ltr'><strong>crucis</strong></span> <span class='ocrx_word' id='word_1_41' title='bbox 1364 993 1509 1057; x_wconf 92' lang='lat' dir='ltr'><strong>solo</strong></span> <span class='ocrx_word' id='word_1_42' title='bbox 1539 1014 1693 1076; x_wconf 93' lang='lat' dir='ltr'><strong>pro-</strong></span> 
     </span>
     <span class='ocr_line' id='line_1_10' title="bbox 495 1081 1693 1164; baseline 0.003 -22"><span class='ocrx_word' id='word_1_43' title='bbox 495 1088 706 1144; x_wconf 88' lang='lat' dir='ltr'><strong>strata</strong></span> <span class='ocrx_word' id='word_1_44' title='bbox 779 1081 1010 1146; x_wconf 85' lang='lat' dir='ltr'><strong>oravit.</strong></span> <span class='ocrx_word' id='word_1_45' title='bbox 1109 1081 1202 1145; x_wconf 91' lang='lat' dir='ltr'><strong>Et</strong></span> <span class='ocrx_word' id='word_1_46' title='bbox 1276 1082 1693 1164; x_wconf 89' lang='lat' dir='ltr'><strong>apprehensa</strong></span> 
     </span>
     <span class='ocr_line' id='line_1_11' title="bbox 497 1169 1691 1250; baseline 0.004 -20"><span class='ocrx_word' id='word_1_47' title='bbox 497 1187 698 1232; x_wconf 87' lang='lat' dir='ltr'><strong>manu</strong></span> <span class='ocrx_word' id='word_1_48' title='bbox 723 1170 942 1250; x_wconf 85' lang='lat' dir='ltr'><strong>pueri:</strong></span> <span class='ocrx_word' id='word_1_49' title='bbox 977 1190 1140 1233; x_wconf 88' lang='lat' dir='ltr'><strong>mox</strong></span> <span class='ocrx_word' id='word_1_50' title='bbox 1161 1169 1350 1234; x_wconf 89' lang='lat' dir='ltr'><strong>vivus</strong></span> <span class='ocrx_word' id='word_1_51' title='bbox 1373 1171 1691 1235; x_wconf 88' lang='lat' dir='ltr'><strong>surrexit:</strong></span> 
     </span>
     <span class='ocr_line' id='line_1_12' title="bbox 494 1257 1691 1340; baseline 0.002 -21"><span class='ocrx_word' id='word_1_52' title='bbox 494 1264 564 1319; x_wconf 90' lang='lat' dir='ltr'><strong>et</strong></span> <span class='ocrx_word' id='word_1_53' title='bbox 641 1276 900 1321; x_wconf 88' lang='lat' dir='ltr'><strong>sacrum</strong></span> <span class='ocrx_word' id='word_1_54' title='bbox 977 1257 1310 1340; x_wconf 89' lang='lat' dir='ltr'><strong>baptisma</strong></span> <span class='ocrx_word' id='word_1_55' title='bbox 1383 1259 1691 1340; x_wconf 84' lang='lat' dir='ltr'>suscepit.</span> 
     </span>
     <span class='ocr_line' id='line_1_13' title="bbox 494 1343 1690 1426; baseline 0.003 -21"><span class='ocrx_word' id='word_1_56' title='bbox 494 1343 719 1407; x_wconf 78' lang='lat' dir='ltr'><strong>Medic</strong></span> <span class='ocrx_word' id='word_1_57' title='bbox 776 1345 1064 1409; x_wconf 81' lang='lat' dir='ltr'><strong>lectiones</strong></span> <span class='ocrx_word' id='word_1_58' title='bbox 1121 1345 1200 1409; x_wconf 82' lang='lat' dir='ltr'><strong>de</strong></span> <span class='ocrx_word' id='word_1_59' title='bbox 1277 1347 1690 1426; x_wconf 83' lang='lat' dir='ltr'><em>martyribus.</em></span> 
     </span>
     <span class='ocr_line' id='line_1_14' title="bbox 496 1432 1691 1565; baseline 0.003 -71"><span class='ocrx_word' id='word_1_60' title='bbox 496 1433 649 1565; x_wconf 80' lang='lat' dir='ltr'><strong>In</strong></span> <span class='ocrx_word' id='word_1_61' title='bbox 711 1432 824 1496; x_wconf 86' lang='lat' dir='ltr'><strong>illo</strong></span> <span class='ocrx_word' id='word_1_62' title='bbox 902 1443 1202 1516; x_wconf 89' lang='lat' dir='ltr'><strong>tempore</strong></span> <span class='ocrx_word' id='word_1_63' title='bbox 1235 1454 1249 1496; x_wconf 93' lang='lat'><strong>:</strong></span> <span class='ocrx_word' id='word_1_64' title='bbox 1299 1433 1537 1517; x_wconf 82' lang='lat' dir='ltr'><em>[Lectio</em></span> <span class='ocrx_word' id='word_1_65' title='bbox 1570 1433 1691 1517; x_wconf 62' lang='lat' dir='ltr'><strong>iz&#39;g&#39;j.</strong></span> 
     </span>
    </p>

    <p class='ocr_par' dir='ltr' id='par_1_4' title="bbox 498 1519 1715 3803">
     <span class='ocr_line' id='line_1_15' title="bbox 609 1519 1693 1604; baseline 0.004 -22"><span class='ocrx_word' id='word_1_66' title='bbox 609 1519 965 1603; x_wconf 85' lang='lat' dir='ltr'>Regnabat</span> <span class='ocrx_word' id='word_1_67' title='bbox 1011 1523 1236 1586; x_wconf 89' lang='lat' dir='ltr'><strong>decius</strong></span> <span class='ocrx_word' id='word_1_68' title='bbox 1282 1523 1693 1604; x_wconf 87' lang='lat' dir='ltr'><strong>imperator:</strong></span> 
     </span>
     <span class='ocr_line' id='line_1_16' title="bbox 498 1609 1694 1674; baseline 0.003 -5"><span class='ocrx_word' id='word_1_69' title='bbox 498 1616 567 1670; x_wconf 91' lang='lat' dir='ltr'><strong>et</strong></span> <span class='ocrx_word' id='word_1_70' title='bbox 621 1609 965 1674; x_wconf 90' lang='lat' dir='ltr'><strong>descendit</strong></span> <span class='ocrx_word' id='word_1_71' title='bbox 1017 1611 1084 1672; x_wconf 90' lang='lat' dir='ltr'><strong>in</strong></span> <span class='ocrx_word' id='word_1_72' title='bbox 1134 1610 1471 1673; x_wconf 88' lang='lat' dir='ltr'><strong>civitatem</strong></span> <span class='ocrx_word' id='word_1_73' title='bbox 1532 1629 1694 1673; x_wconf 91' lang='lat' dir='ltr'><strong>con-</strong></span> 
     </span>
     <span class='ocr_line' id='line_1_17' title="bbox 499 1697 1697 1781; baseline 0.002 -23"><span class='ocrx_word' id='word_1_74' title='bbox 499 1697 1000 1781; x_wconf 89' lang='lat' dir='ltr'><strong>stantinopolim</strong></span> <span class='ocrx_word' id='word_1_75' title='bbox 1023 1707 1089 1760; x_wconf 90' lang='lat' dir='ltr'><strong>et</strong></span> <span class='ocrx_word' id='word_1_76' title='bbox 1110 1718 1330 1761; x_wconf 90' lang='lat' dir='ltr'><strong>rursus</strong></span> <span class='ocrx_word' id='word_1_77' title='bbox 1349 1697 1697 1761; x_wconf 78' lang='lat' dir='ltr'><strong>incartha-</strong></span> 
     </span>
     <span class='ocr_line' id='line_1_18' title="bbox 499 1783 1697 1869; baseline 0.002 -23"><span class='ocrx_word' id='word_1_78' title='bbox 499 1783 724 1866; x_wconf 89' lang='lat' dir='ltr'><strong>ginem</strong></span> <span class='ocrx_word' id='word_1_79' title='bbox 749 1795 818 1848; x_wconf 92' lang='lat' dir='ltr'><strong>et</strong></span> <span class='ocrx_word' id='word_1_80' title='bbox 840 1786 1155 1867; x_wconf 86' lang='lat' dir='ltr'>ephesum</span> <span class='ocrx_word' id='word_1_81' title='bbox 1183 1808 1196 1850; x_wconf 77' lang='grc' dir='ltr'>ε</span> <span class='ocrx_word' id='word_1_82' title='bbox 1222 1795 1288 1850; x_wconf 90' lang='lat' dir='ltr'><strong>et</strong></span> <span class='ocrx_word' id='word_1_83' title='bbox 1314 1793 1697 1869; x_wconf 83' lang='lat' dir='ltr'><strong>preceperat</strong></span> 
     </span>
     <span class='ocr_line' id='line_1_19' title="bbox 501 1873 1699 1956; baseline 0.003 -22"><span class='ocrx_word' id='word_1_84' title='bbox 501 1881 577 1934; x_wconf 91' lang='lat' dir='ltr'><strong>ut</strong></span> <span class='ocrx_word' id='word_1_85' title='bbox 607 1873 1324 1956; x_wconf 87' lang='lat' dir='ltr'><strong>comprehenderentur</strong></span> <span class='ocrx_word' id='word_1_86' title='bbox 1340 1873 1699 1938; x_wconf 89' lang='lat' dir='ltr'><strong>christiani.</strong></span> 
     </span>
     <span class='ocr_line' id='line_1_20' title="bbox 505 1959 1699 2026; baseline 0.001 -3"><span class='ocrx_word' id='word_1_87' title='bbox 505 1959 597 2024; x_wconf 93' lang='lat' dir='ltr'><strong>Et</strong></span> <span class='ocrx_word' id='word_1_88' title='bbox 628 1961 943 2026; x_wconf 87' lang='lat' dir='ltr'><strong>dixerunt</strong></span> <span class='ocrx_word' id='word_1_89' title='bbox 991 1963 1051 2025; x_wconf 91' lang='lat' dir='ltr'><strong>ei</strong></span> <span class='ocrx_word' id='word_1_90' title='bbox 1100 1963 1347 2026; x_wconf 89' lang='lat' dir='ltr'><strong>inimici</strong></span> <span class='ocrx_word' id='word_1_91' title='bbox 1399 1962 1699 2025; x_wconf 89' lang='lat' dir='ltr'><strong>veritatis</strong></span> 
     </span>
     <span class='ocr_line' id='line_1_21' title="bbox 504 2047 1698 2132; baseline 0.002 -21"><span class='ocrx_word' id='word_1_92' title='bbox 504 2047 610 2111; x_wconf 90' lang='lat' dir='ltr'><strong>Tu</strong></span> <span class='ocrx_word' id='word_1_93' title='bbox 671 2069 762 2113; x_wconf 86' lang='lat' dir='ltr'><strong>ex</strong></span> <span class='ocrx_word' id='word_1_94' title='bbox 836 2049 1204 2132; x_wconf 88' lang='lat' dir='ltr'><strong>longinquo</strong></span> <span class='ocrx_word' id='word_1_95' title='bbox 1275 2050 1533 2132; x_wconf 85' lang='lat' dir='ltr'><strong>colligis</strong></span> <span class='ocrx_word' id='word_1_96' title='bbox 1611 2049 1698 2113; x_wconf 90' lang='lat' dir='ltr'><strong>ad</strong></span> 
     </span>
     <span class='ocr_line' id='line_1_22' title="bbox 502 2136 1699 2205; baseline 0.001 -5"><span class='ocrx_word' id='word_1_97' title='bbox 502 2136 824 2200; x_wconf 88' lang='lat' dir='ltr'><strong>sacrificia</strong></span> <span class='ocrx_word' id='word_1_98' title='bbox 898 2137 1228 2202; x_wconf 90' lang='lat' dir='ltr'><strong>idolorum</strong></span> <span class='ocrx_word' id='word_1_99' title='bbox 1278 2159 1294 2205; x_wconf 76' lang='grc' dir='ltr'><strong><em>ε</em></strong></span> <span class='ocrx_word' id='word_1_100' title='bbox 1385 2147 1452 2201; x_wconf 91' lang='lat' dir='ltr'><strong>et</strong></span> <span class='ocrx_word' id='word_1_101' title='bbox 1545 2157 1699 2201; x_wconf 88' lang='lat' dir='ltr'><strong>ecce</strong></span> 
     </span>
     <span class='ocr_line' id='line_1_23' title="bbox 504 2224 1704 2307; baseline 0.003 -22"><span class='ocrx_word' id='word_1_102' title='bbox 504 2224 798 2306; x_wconf 85' lang='lat' dir='ltr'><strong>proximi</strong></span> <span class='ocrx_word' id='word_1_103' title='bbox 829 2227 927 2288; x_wconf 91' lang='lat' dir='ltr'><strong>tui</strong></span> <span class='ocrx_word' id='word_1_104' title='bbox 947 2225 1323 2307; x_wconf 89' lang='lat' dir='ltr'><strong>despiciunt</strong></span> <span class='ocrx_word' id='word_1_105' title='bbox 1341 2235 1426 2291; x_wconf 90' lang='lat' dir='ltr'><strong>te.</strong></span> <span class='ocrx_word' id='word_1_106' title='bbox 1475 2226 1704 2290; x_wconf 91' lang='lat' dir='ltr'><strong>Maxi-</strong></span> 
     </span>
     <span class='ocr_line' id='line_1_24' title="bbox 508 2312 1701 2396; baseline 0.002 -22"><span class='ocrx_word' id='word_1_107' title='bbox 508 2312 768 2376; x_wconf 87' lang='lat' dir='ltr'><strong>mianus</strong></span> <span class='ocrx_word' id='word_1_108' title='bbox 800 2312 972 2376; x_wconf 88' lang='lat' dir='ltr'><strong>filius</strong></span> <span class='ocrx_word' id='word_1_109' title='bbox 1001 2313 1272 2396; x_wconf 80' lang='lat' dir='ltr'><strong>prefecti</strong></span> <span class='ocrx_word' id='word_1_110' title='bbox 1305 2323 1373 2378; x_wconf 92' lang='lat' dir='ltr'><strong>et</strong></span> <span class='ocrx_word' id='word_1_111' title='bbox 1397 2335 1520 2377; x_wconf 90' lang='lat' dir='ltr'><strong>sex</strong></span> <span class='ocrx_word' id='word_1_112' title='bbox 1541 2313 1701 2378; x_wconf 89' lang='lat' dir='ltr'><strong>socii</strong></span> 
     </span>
     <span class='ocr_line' id='line_1_25' title="bbox 506 2397 1707 2484; baseline 0.002 -22"><span class='ocrx_word' id='word_1_113' title='bbox 506 2397 666 2480; x_wconf 79' lang='lat' dir='ltr'><strong>ejus,</strong></span> <span class='ocrx_word' id='word_1_114' title='bbox 757 2400 958 2483; x_wconf 84' lang='lat' dir='ltr'><strong>Quod</strong></span> <span class='ocrx_word' id='word_1_115' title='bbox 1016 2403 1292 2467; x_wconf 89' lang='lat' dir='ltr'><strong>audiens</strong></span> <span class='ocrx_word' id='word_1_116' title='bbox 1346 2403 1707 2484; x_wconf 89' lang='lat' dir='ltr'><strong>imperator</strong></span> 
     </span>
     <span class='ocr_line' id='line_1_26' title="bbox 501 2487 1705 2571; baseline 0.002 -22"><span class='ocrx_word' id='word_1_117' title='bbox 501 2487 699 2571; x_wconf 87' lang='lat' dir='ltr'><strong>jussit</strong></span> <span class='ocrx_word' id='word_1_118' title='bbox 761 2509 876 2552; x_wconf 91' lang='lat' dir='ltr'><strong>eos</strong></span> <span class='ocrx_word' id='word_1_119' title='bbox 937 2491 1177 2554; x_wconf 84' lang='lat' dir='ltr'><strong>adduci</strong></span> <span class='ocrx_word' id='word_1_120' title='bbox 1241 2490 1327 2554; x_wconf 91' lang='lat' dir='ltr'><strong>ad</strong></span> <span class='ocrx_word' id='word_1_121' title='bbox 1387 2511 1476 2555; x_wconf 89' lang='lat' dir='ltr'><strong>se.</strong></span> <span class='ocrx_word' id='word_1_122' title='bbox 1594 2488 1705 2552; x_wconf 87' lang='lat' dir='ltr'><strong>Illi</strong></span> 
     </span>
     <span class='ocr_line' id='line_1_27' title="bbox 505 2577 1704 2660; baseline 0.001 -21"><span class='ocrx_word' id='word_1_123' title='bbox 505 2596 739 2640; x_wconf 89' lang='lat' dir='ltr'><strong>aurum</strong></span> <span class='ocrx_word' id='word_1_124' title='bbox 800 2588 1138 2642; x_wconf 88' lang='lat' dir='ltr'><strong>sumentes</strong></span> <span class='ocrx_word' id='word_1_125' title='bbox 1192 2587 1260 2642; x_wconf 92' lang='lat' dir='ltr'><strong>et</strong></span> <span class='ocrx_word' id='word_1_126' title='bbox 1320 2577 1704 2660; x_wconf 88' lang='lat' dir='ltr'><strong>argentum¹</strong></span> 
     </span>
     <span class='ocr_line' id='line_1_28' title="bbox 507 2664 1709 2746; baseline 0.001 -19"><span class='ocrx_word' id='word_1_127' title='bbox 507 2664 893 2746; x_wconf 88' lang='lat' dir='ltr'><strong>parentibus</strong></span> <span class='ocrx_word' id='word_1_128' title='bbox 925 2667 1058 2730; x_wconf 87' lang='lat' dir='ltr'><strong>suis</strong></span> <span class='ocrx_word' id='word_1_129' title='bbox 1087 2666 1342 2731; x_wconf 88' lang='lat' dir='ltr'><strong>dabant</strong></span> <span class='ocrx_word' id='word_1_130' title='bbox 1384 2666 1659 2730; x_wconf 89' lang='lat' dir='ltr'><strong>medicis</strong></span> <span class='ocrx_word' id='word_1_131' title='bbox 1682 2666 1709 2704; x_wconf 86' lang='lat'><strong>¹</strong></span> 
     </span>
     <span class='ocr_line' id='line_1_29' title="bbox 508 2753 1709 2836; baseline 0 -20"><span class='ocrx_word' id='word_1_132' title='bbox 508 2753 765 2817; x_wconf 88' lang='lat' dir='ltr'><strong>occulte</strong></span> <span class='ocrx_word' id='word_1_133' title='bbox 796 2764 864 2817; x_wconf 90' lang='lat' dir='ltr'><strong>et</strong></span> <span class='ocrx_word' id='word_1_134' title='bbox 893 2763 1121 2836; x_wconf 90' lang='lat' dir='ltr'><strong>aperte</strong></span> <span class='ocrx_word' id='word_1_135' title='bbox 1167 2762 1237 2818; x_wconf 90' lang='lat' dir='ltr'><strong>et</strong></span> <span class='ocrx_word' id='word_1_136' title='bbox 1290 2753 1622 2836; x_wconf 88' lang='lat' dir='ltr'><strong>fugierunt</strong></span> <span class='ocrx_word' id='word_1_137' title='bbox 1666 2773 1709 2816; x_wconf 88' lang='lat' dir='ltr'><strong>a</strong></span> 
     </span>
     <span class='ocr_line' id='line_1_30' title="bbox 512 2839 1709 2924; baseline 0.001 -21"><span class='ocrx_word' id='word_1_138' title='bbox 512 2839 678 2904; x_wconf 86' lang='lat' dir='ltr'><strong>facie</strong></span> <span class='ocrx_word' id='word_1_139' title='bbox 728 2842 872 2924; x_wconf 90' lang='lat' dir='ltr'><strong>ejus</strong></span> <span class='ocrx_word' id='word_1_140' title='bbox 925 2843 992 2905; x_wconf 92' lang='lat' dir='ltr'><strong>in</strong></span> <span class='ocrx_word' id='word_1_141' title='bbox 1046 2843 1408 2924; x_wconf 82' lang='lat' dir='ltr'><strong>spelunca³</strong></span> <span class='ocrx_word' id='word_1_142' title='bbox 1459 2843 1709 2905; x_wconf 89' lang='lat' dir='ltr'><strong>montis</strong></span> 
     </span>
     <span class='ocr_line' id='line_1_31' title="bbox 511 2929 1709 3012; baseline 0 -19"><span class='ocrx_word' id='word_1_143' title='bbox 511 2929 674 2993; x_wconf 90' lang='lat' dir='ltr'><strong>celii.</strong></span> <span class='ocrx_word' id='word_1_144' title='bbox 786 2931 935 2994; x_wconf 91' lang='lat' dir='ltr'><strong>Deo</strong></span> <span class='ocrx_word' id='word_1_145' title='bbox 1007 2940 1234 2995; x_wconf 87' lang='lat' dir='ltr'><strong>autem</strong></span> <span class='ocrx_word' id='word_1_146' title='bbox 1312 2931 1709 3012; x_wconf 87' lang='lat' dir='ltr'><strong>disponente</strong></span> 
     </span>
     <span class='ocr_line' id='line_1_32' title="bbox 512 3017 1707 3083; baseline 0.001 -2"><span class='ocrx_word' id='word_1_147' title='bbox 512 3017 962 3082; x_wconf 90' lang='lat' dir='ltr'><strong>dormierunt:</strong></span> <span class='ocrx_word' id='word_1_148' title='bbox 1009 3027 1077 3083; x_wconf 91' lang='lat' dir='ltr'><strong>et</strong></span> <span class='ocrx_word' id='word_1_149' title='bbox 1127 3039 1260 3082; x_wconf 87' lang='lat' dir='ltr'><strong>non</strong></span> <span class='ocrx_word' id='word_1_150' title='bbox 1309 3027 1655 3082; x_wconf 90' lang='lat' dir='ltr'><strong>senserunt</strong></span> <span class='ocrx_word' id='word_1_151' title='bbox 1692 3039 1707 3082; x_wconf 92' lang='lat'><strong>:</strong></span> 
     </span>
     <span class='ocr_line' id='line_1_33' title="bbox 513 3107 1709 3190; baseline 0.003 -22"><span class='ocrx_word' id='word_1_152' title='bbox 513 3107 628 3170; x_wconf 88' lang='lat' dir='ltr'><strong>ubi</strong></span> <span class='ocrx_word' id='word_1_153' title='bbox 659 3107 915 3170; x_wconf 89' lang='lat' dir='ltr'><strong>animas</strong></span> <span class='ocrx_word' id='word_1_154' title='bbox 947 3127 1173 3170; x_wconf 91' lang='lat' dir='ltr'><strong>eorum</strong></span> <span class='ocrx_word' id='word_1_155' title='bbox 1194 3108 1504 3190; x_wconf 89' lang='lat' dir='ltr'><strong>deposuit</strong></span> <span class='ocrx_word' id='word_1_156' title='bbox 1522 3107 1709 3171; x_wconf 83' lang='lat' dir='ltr'><strong>deuS.</strong></span> 
     </span>
     <span class='ocr_line' id='line_1_34' title="bbox 515 3193 1709 3278; baseline 0 -20"><span class='ocrx_word' id='word_1_157' title='bbox 515 3193 670 3276; x_wconf 83' lang='lat' dir='ltr'><strong>Quo</strong></span> <span class='ocrx_word' id='word_1_158' title='bbox 700 3205 1043 3277; x_wconf 87' lang='lat' dir='ltr'><strong>comperto</strong></span> <span class='ocrx_word' id='word_1_159' title='bbox 1087 3196 1314 3261; x_wconf 91' lang='lat' dir='ltr'><strong>decius</strong></span> <span class='ocrx_word' id='word_1_160' title='bbox 1365 3196 1659 3278; x_wconf 88' lang='lat' dir='ltr'><strong>precepit</strong></span> <span class='ocrx_word' id='word_1_161' title='bbox 1692 3215 1709 3259; x_wconf 91' lang='lat'><strong>:</strong></span> 
     </span>
     <span class='ocr_line' id='line_1_35' title="bbox 513 3282 1711 3365; baseline 0.002 -21"><span class='ocrx_word' id='word_1_162' title='bbox 513 3292 588 3345; x_wconf 91' lang='lat' dir='ltr'><strong>ut</strong></span> <span class='ocrx_word' id='word_1_163' title='bbox 619 3282 950 3364; x_wconf 88' lang='lat' dir='ltr'><strong>lapidibus</strong></span> <span class='ocrx_word' id='word_1_164' title='bbox 980 3283 1365 3348; x_wconf 86' lang='lat' dir='ltr'><strong>obturarent</strong></span> <span class='ocrx_word' id='word_1_165' title='bbox 1385 3283 1408 3320; x_wconf 91' lang='lat'><strong>⁴</strong></span> <span class='ocrx_word' id='word_1_166' title='bbox 1451 3304 1526 3347; x_wconf 90' lang='lat' dir='ltr'><strong>os</strong></span> <span class='ocrx_word' id='word_1_167' title='bbox 1558 3303 1711 3365; x_wconf 90' lang='lat' dir='ltr'><strong>spe-</strong></span> 
     </span>
     <span class='ocr_line' id='line_1_36' title="bbox 514 3370 1711 3435; baseline 0.002 -3"><span class='ocrx_word' id='word_1_168' title='bbox 514 3370 748 3434; x_wconf 88' lang='lat' dir='ltr'><strong>lunce:</strong></span> <span class='ocrx_word' id='word_1_169' title='bbox 796 3379 864 3433; x_wconf 90' lang='lat' dir='ltr'><strong>et</strong></span> <span class='ocrx_word' id='word_1_170' title='bbox 897 3371 990 3434; x_wconf 90' lang='lat' dir='ltr'><strong>ita</strong></span> <span class='ocrx_word' id='word_1_171' title='bbox 1021 3370 1398 3435; x_wconf 87' lang='lat' dir='ltr'><strong>deficerent.</strong></span> <span class='ocrx_word' id='word_1_172' title='bbox 1487 3371 1711 3435; x_wconf 92' lang='lat' dir='ltr'><strong>Theo-</strong></span> 
     </span>
     <span class='ocr_line' id='line_1_37' title="bbox 513 3458 1711 3524; baseline 0 -2"><span class='ocrx_word' id='word_1_173' title='bbox 513 3459 716 3522; x_wconf 89' lang='lat' dir='ltr'><strong>dorus</strong></span> <span class='ocrx_word' id='word_1_174' title='bbox 745 3477 902 3520; x_wconf 91' lang='lat' dir='ltr'><strong>vero</strong></span> <span class='ocrx_word' id='word_1_175' title='bbox 933 3469 1001 3522; x_wconf 90' lang='lat' dir='ltr'><strong>et</strong></span> <span class='ocrx_word' id='word_1_176' title='bbox 1037 3458 1284 3524; x_wconf 89' lang='lat' dir='ltr'><strong>rufinus</strong></span> <span class='ocrx_word' id='word_1_177' title='bbox 1331 3459 1711 3523; x_wconf 87' lang='lat' dir='ltr'><strong>scribebant</strong></span> 
     </span>
     <span class='ocr_line' id='line_1_38' title="bbox 521 3546 1715 3629; baseline 0.002 -21"><span class='ocrx_word' id='word_1_178' title='bbox 521 3546 914 3626; x_wconf 87' lang='lat' dir='ltr'><strong>martyrium</strong></span> <span class='ocrx_word' id='word_1_179' title='bbox 1006 3566 1234 3611; x_wconf 90' lang='lat' dir='ltr'><strong>eorum</strong></span> <span class='ocrx_word' id='word_1_180' title='bbox 1310 3547 1376 3609; x_wconf 89' lang='lat' dir='ltr'><strong>in</strong></span> <span class='ocrx_word' id='word_1_181' title='bbox 1453 3547 1715 3629; x_wconf 87' lang='lat' dir='ltr'><strong>paginis</strong></span> 
     </span>
     <span class='ocr_line' id='line_1_39' title="bbox 515 3631 1713 3715; baseline 0.003 -21"><span class='ocrx_word' id='word_1_182' title='bbox 515 3631 889 3715; x_wconf 78' lang='lat' dir='ltr'><strong>plumbeis:</strong></span> <span class='ocrx_word' id='word_1_183' title='bbox 937 3641 1006 3696; x_wconf 93' lang='lat' dir='ltr'><strong>et</strong></span> <span class='ocrx_word' id='word_1_184' title='bbox 1050 3643 1408 3714; x_wconf 89' lang='lat' dir='ltr'><strong>posuerunt</strong></span> <span class='ocrx_word' id='word_1_185' title='bbox 1461 3644 1713 3698; x_wconf 90' lang='lat' dir='ltr'><strong>secrete</strong></span> 
     </span>
     <span class='ocr_line' id='line_1_40' title="bbox 518 3720 1713 3803; baseline 0.003 -19"><span class='ocrx_word' id='word_1_186' title='bbox 518 3723 587 3784; x_wconf 91' lang='lat' dir='ltr'><strong>in</strong></span> <span class='ocrx_word' id='word_1_187' title='bbox 617 3739 730 3783; x_wconf 90' lang='lat' dir='ltr'><strong>ore</strong></span> <span class='ocrx_word' id='word_1_188' title='bbox 761 3720 1090 3803; x_wconf 85' lang='lat' dir='ltr'><strong>spelunce.</strong></span> <span class='ocrx_word' id='word_1_189' title='bbox 1407 3722 1622 3785; x_wconf 86' lang='lat' dir='ltr'><strong>Lectio</strong></span> <span class='ocrx_word' id='word_1_190' title='bbox 1652 3743 1713 3788; x_wconf 89' lang='lat' dir='ltr'><strong>v.</strong></span> 
     </span>
    </p>

    <p class='ocr_par' dir='ltr' id='par_1_5' title="bbox 629 3809 1715 3874">
     <span class='ocr_line' id='line_1_41' title="bbox 629 3809 1715 3874; baseline 0.002 -2"><span class='ocrx_word' id='word_1_191' title='bbox 629 3829 672 3872; x_wconf 93' lang='lat' dir='ltr'><strong>n</strong></span> <span class='ocrx_word' id='word_1_192' title='bbox 704 3809 940 3874; x_wconf 90' lang='lat' dir='ltr'><strong>diebus</strong></span> <span class='ocrx_word' id='word_1_193' title='bbox 970 3819 1194 3874; x_wconf 87' lang='lat' dir='ltr'><strong>autem</strong></span> <span class='ocrx_word' id='word_1_194' title='bbox 1226 3810 1555 3874; x_wconf 88' lang='lat' dir='ltr'><strong>theodosii</strong></span> <span class='ocrx_word' id='word_1_195' title='bbox 1586 3811 1715 3874; x_wconf 87' lang='lat' dir='ltr'><strong>im-</strong></span> 
     </span>
    </p>

    <p class='ocr_par' dir='ltr' id='par_1_6' title="bbox 514 3899 1717 4336">
     <span class='ocr_line' id='line_1_42' title="bbox 623 3899 1717 3982; baseline 0 -20"><span class='ocrx_word' id='word_1_196' title='bbox 623 3899 944 3981; x_wconf 89' lang='lat' dir='ltr'><strong>peratoris</strong></span> <span class='ocrx_word' id='word_1_197' title='bbox 965 3919 982 3963; x_wconf 87' lang='lat'><strong>:</strong></span> <span class='ocrx_word' id='word_1_198' title='bbox 1005 3899 1284 3982; x_wconf 88' lang='lat' dir='ltr'><strong>contigit</strong></span> <span class='ocrx_word' id='word_1_199' title='bbox 1317 3919 1555 3982; x_wconf 90' lang='lat' dir='ltr'><strong>pueros</strong></span> <span class='ocrx_word' id='word_1_200' title='bbox 1576 3899 1717 3964; x_wconf 89' lang='lat' dir='ltr'><strong>vol-</strong></span> 
     </span>
     <span class='ocr_line' id='line_1_43' title="bbox 514 3986 1714 4071; baseline 0.002 -21"><span class='ocrx_word' id='word_1_201' title='bbox 514 4007 669 4051; x_wconf 89' lang='lat' dir='ltr'><strong>vere</strong></span> <span class='ocrx_word' id='word_1_202' title='bbox 729 3986 986 4070; x_wconf 91' lang='lat' dir='ltr'><strong>lapides</strong></span> <span class='ocrx_word' id='word_1_203' title='bbox 1045 4008 1135 4050; x_wconf 91' lang='lat' dir='ltr'><strong>ex</strong></span> <span class='ocrx_word' id='word_1_204' title='bbox 1211 4008 1324 4052; x_wconf 92' lang='lat' dir='ltr'><strong>ore</strong></span> <span class='ocrx_word' id='word_1_205' title='bbox 1383 3987 1714 4071; x_wconf 89' lang='lat' dir='ltr'><strong>spelunce.</strong></span> 
     </span>
     <span class='ocr_line' id='line_1_44' title="bbox 519 4076 1715 4159; baseline 0.001 -20"><span class='ocrx_word' id='word_1_206' title='bbox 519 4076 728 4139; x_wconf 90' lang='lat' dir='ltr'><strong>Dedit</strong></span> <span class='ocrx_word' id='word_1_207' title='bbox 760 4085 984 4140; x_wconf 87' lang='lat' dir='ltr'><strong>autem</strong></span> <span class='ocrx_word' id='word_1_208' title='bbox 1014 4077 1180 4140; x_wconf 91' lang='lat' dir='ltr'><strong>deus</strong></span> <span class='ocrx_word' id='word_1_209' title='bbox 1225 4076 1530 4159; x_wconf 89' lang='lat' dir='ltr'><strong>spiritum</strong></span> <span class='ocrx_word' id='word_1_210' title='bbox 1578 4078 1715 4140; x_wconf 91' lang='lat' dir='ltr'><strong>vite</strong></span> 
     </span>
     <span class='ocr_line' id='line_1_45' title="bbox 516 4163 1712 4247; baseline 0.003 -22"><span class='ocrx_word' id='word_1_211' title='bbox 516 4163 876 4229; x_wconf 89' lang='lat' dir='ltr'><strong>latentibus</strong></span> <span class='ocrx_word' id='word_1_212' title='bbox 909 4164 974 4228; x_wconf 90' lang='lat' dir='ltr'><strong>in</strong></span> <span class='ocrx_word' id='word_1_213' title='bbox 1007 4165 1322 4247; x_wconf 91' lang='lat' dir='ltr'><strong>spelunca</strong></span> <span class='ocrx_word' id='word_1_214' title='bbox 1351 4187 1366 4230; x_wconf 92' lang='lat'><strong>:</strong></span> <span class='ocrx_word' id='word_1_215' title='bbox 1399 4175 1468 4229; x_wconf 93' lang='lat' dir='ltr'><strong>et</strong></span> <span class='ocrx_word' id='word_1_216' title='bbox 1496 4166 1712 4229; x_wconf 90' lang='lat' dir='ltr'><strong>visum</strong></span> 
     </span>
     <span class='ocr_line' id='line_1_46' title="bbox 518 4253 1717 4336; baseline 0 -20"><span class='ocrx_word' id='word_1_217' title='bbox 518 4261 622 4316; x_wconf 90' lang='lat' dir='ltr'><strong>est</strong></span> <span class='ocrx_word' id='word_1_218' title='bbox 650 4253 744 4316; x_wconf 91' lang='lat' dir='ltr'><strong>eis</strong></span> <span class='ocrx_word' id='word_1_219' title='bbox 775 4262 1095 4336; x_wconf 89' lang='lat' dir='ltr'><strong>tanquam</strong></span> <span class='ocrx_word' id='word_1_220' title='bbox 1143 4275 1276 4318; x_wconf 89' lang='lat' dir='ltr'><strong>una</strong></span> <span class='ocrx_word' id='word_1_221' title='bbox 1322 4263 1517 4318; x_wconf 91' lang='lat' dir='ltr'><strong>nocte</strong></span> <span class='ocrx_word' id='word_1_222' title='bbox 1562 4253 1717 4318; x_wconf 88' lang='lat' dir='ltr'><strong>dor-</strong></span> 
     </span>
    </p>
   </div>
   <div class='ocr_carea' id='block_1_4' title="bbox 619 4387 1452 4508">
    <p class='ocr_par' dir='ltr' id='par_1_7' title="bbox 619 4387 1452 4508">
     <span class='ocr_line' id='line_1_47' title="bbox 619 4387 1174 4440; baseline 0.007 -5"><span class='ocrx_word' id='word_1_223' title='bbox 619 4387 636 4418; x_wconf 91' lang='lat'>¹</span> <span class='ocrx_word' id='word_1_224' title='bbox 679 4389 740 4436; x_wconf 80' lang='lat' dir='ltr'><strong>‘a</strong></span> <span class='ocrx_word' id='word_1_225' title='bbox 761 4387 774 4410; x_wconf 89' lang='lat'>’</span> <span class='ocrx_word' id='word_1_226' title='bbox 795 4387 934 4438; x_wconf 77' lang='lat' dir='ltr'><strong>add:</strong></span> <span class='ocrx_word' id='word_1_227' title='bbox 971 4389 1174 4440; x_wconf 89' lang='lat' dir='ltr'><strong>R.N.S.</strong></span> 
     </span>
     <span class='ocr_line' id='line_1_48' title="bbox 891 4456 1452 4508; baseline 0.005 -3"><span class='ocrx_word' id='word_1_228' title='bbox 891 4458 911 4488; x_wconf 88' lang='lat'><strong>⁴</strong></span> <span class='ocrx_word' id='word_1_229' title='bbox 943 4456 1288 4508; x_wconf 69' lang='lat' dir='ltr'><strong>obturantur:</strong></span> <span class='ocrx_word' id='word_1_230' title='bbox 1325 4457 1452 4508; x_wconf 89' lang='lat' dir='ltr'><strong>R.S.</strong></span> 
     </span>
    </p>
   </div>
   <div class='ocr_carea' id='block_1_5' title="bbox 1579 4385 2071 4439">
    <p class='ocr_par' dir='ltr' id='par_1_8' title="bbox 1579 4385 2071 4439">
     <span class='ocr_line' id='line_1_49' title="bbox 1579 4385 2071 4439; baseline -0.002 0"><span class='ocrx_word' id='word_1_231' title='bbox 1579 4391 1600 4421; x_wconf 78' lang='lat'><strong>²</strong></span> <span class='ocrx_word' id='word_1_232' title='bbox 1632 4385 1875 4439; x_wconf 85' lang='lat' dir='ltr'><strong>mendicis</strong></span> <span class='ocrx_word' id='word_1_233' title='bbox 1898 4403 1910 4437; x_wconf 92' lang='lat'><strong>:</strong></span> <span class='ocrx_word' id='word_1_234' title='bbox 1945 4387 2009 4438; x_wconf 93' lang='lat' dir='ltr'><strong>R.</strong></span> <span class='ocrx_word' id='word_1_235' title='bbox 2019 4387 2071 4438; x_wconf 93' lang='lat' dir='ltr'><strong>S.</strong></span> 
     </span>
    </p>
   </div>
   <div class='ocr_carea' id='block_1_6' title="bbox 2287 359 2446 414">
    <p class='ocr_par' dir='ltr' id='par_1_9' title="bbox 2287 359 2446 414">
     <span class='ocr_line' id='line_1_50' title="bbox 2287 359 2446 414; baseline 0 -1"><span class='ocrx_word' id='word_1_236' title='bbox 2287 359 2446 414; x_wconf 75' lang='lat'><strong>422</strong></span> 
     </span>
    </p>
   </div>
   <div class='ocr_carea' id='block_1_7' title="bbox 1796 465 3012 4156">
    <p class='ocr_par' dir='ltr' id='par_1_10' title="bbox 1796 465 3012 2708">
     <span class='ocr_line' id='line_1_51' title="bbox 1800 465 2981 547; baseline 0 -18"><span class='ocrx_word' id='word_1_237' title='bbox 1800 465 2123 532; x_wconf 89' lang='lat' dir='ltr'><strong>mientes:</strong></span> <span class='ocrx_word' id='word_1_238' title='bbox 2210 475 2279 531; x_wconf 89' lang='lat' dir='ltr'><strong>et</strong></span> <span class='ocrx_word' id='word_1_239' title='bbox 2356 485 2555 531; x_wconf 89' lang='lat' dir='ltr'><strong>mane</strong></span> <span class='ocrx_word' id='word_1_240' title='bbox 2628 475 2981 547; x_wconf 85' lang='lat' dir='ltr'><strong>surgentes.</strong></span> 
     </span>
     <span class='ocr_line' id='line_1_52' title="bbox 1802 553 2983 637; baseline -0.001 -19"><span class='ocrx_word' id='word_1_241' title='bbox 1802 553 2129 637; x_wconf 86' lang='lat' dir='ltr'><strong>Egressus</strong></span> <span class='ocrx_word' id='word_1_242' title='bbox 2206 555 2413 637; x_wconf 78' lang='lat' dir='ltr'><strong>igitur</strong></span> <span class='ocrx_word' id='word_1_243' title='bbox 2488 554 2787 617; x_wconf 88' lang='lat' dir='ltr'><strong>malchus</strong></span> <span class='ocrx_word' id='word_1_244' title='bbox 2841 576 2857 618; x_wconf 90' lang='lat'><strong>:</strong></span> <span class='ocrx_word' id='word_1_245' title='bbox 2918 563 2983 617; x_wconf 92' lang='lat' dir='ltr'><strong>ut</strong></span> 
     </span>
     <span class='ocr_line' id='line_1_53' title="bbox 1798 644 2987 726; baseline -0.001 -21"><span class='ocrx_word' id='word_1_246' title='bbox 1798 653 2051 706; x_wconf 89' lang='lat' dir='ltr'><strong>emeret</strong></span> <span class='ocrx_word' id='word_1_247' title='bbox 2123 663 2419 726; x_wconf 86' lang='lat' dir='ltr'><strong>panem:</strong></span> <span class='ocrx_word' id='word_1_248' title='bbox 2495 650 2565 706; x_wconf 92' lang='lat' dir='ltr'><strong>et</strong></span> <span class='ocrx_word' id='word_1_249' title='bbox 2638 644 2987 724; x_wconf 88' lang='lat' dir='ltr'><strong>appropin-</strong></span> 
     </span>
     <span class='ocr_line' id='line_1_54' title="bbox 1798 731 2987 814; baseline -0.003 -20"><span class='ocrx_word' id='word_1_250' title='bbox 1798 751 2013 812; x_wconf 87' lang='lat' dir='ltr'><strong>quans</strong></span> <span class='ocrx_word' id='word_1_251' title='bbox 2066 741 2256 814; x_wconf 90' lang='lat' dir='ltr'><strong>porte</strong></span> <span class='ocrx_word' id='word_1_252' title='bbox 2308 731 2597 793; x_wconf 89' lang='lat' dir='ltr'><strong>civitatis</strong></span> <span class='ocrx_word' id='word_1_253' title='bbox 2644 731 2819 794; x_wconf 87' lang='lat' dir='ltr'><strong>vidit</strong></span> <span class='ocrx_word' id='word_1_254' title='bbox 2864 733 2987 811; x_wconf 86' lang='lat' dir='ltr'><strong>sig-</strong></span> 
     </span>
     <span class='ocr_line' id='line_1_55' title="bbox 1798 816 2991 900; baseline -0.001 -19"><span class='ocrx_word' id='word_1_255' title='bbox 1798 839 1958 883; x_wconf 90' lang='lat' dir='ltr'><strong>num</strong></span> <span class='ocrx_word' id='word_1_256' title='bbox 2008 820 2219 882; x_wconf 88' lang='lat' dir='ltr'><strong>crucis</strong></span> <span class='ocrx_word' id='word_1_257' title='bbox 2270 819 2338 882; x_wconf 89' lang='lat' dir='ltr'><strong>in</strong></span> <span class='ocrx_word' id='word_1_258' title='bbox 2394 827 2589 900; x_wconf 90' lang='lat' dir='ltr'><strong>porta</strong></span> <span class='ocrx_word' id='word_1_259' title='bbox 2634 816 2890 881; x_wconf 88' lang='lat' dir='ltr'><strong>fixum:</strong></span> <span class='ocrx_word' id='word_1_260' title='bbox 2932 827 2991 880; x_wconf 91' lang='lat' dir='ltr'><strong>et</strong></span> 
     </span>
     <span class='ocr_line' id='line_1_56' title="bbox 1800 906 2988 986; baseline 0 -18"><span class='ocrx_word' id='word_1_261' title='bbox 1800 909 2074 970; x_wconf 89' lang='lat' dir='ltr'><strong>miratus</strong></span> <span class='ocrx_word' id='word_1_262' title='bbox 2104 917 2234 970; x_wconf 91' lang='lat' dir='ltr'><strong>est:</strong></span> <span class='ocrx_word' id='word_1_263' title='bbox 2264 917 2331 970; x_wconf 92' lang='lat' dir='ltr'><strong>et</strong></span> <span class='ocrx_word' id='word_1_264' title='bbox 2364 927 2445 970; x_wconf 89' lang='lat' dir='ltr'><strong>eo</strong></span> <span class='ocrx_word' id='word_1_265' title='bbox 2473 906 2743 969; x_wconf 87' lang='lat' dir='ltr'><strong>volente</strong></span> <span class='ocrx_word' id='word_1_266' title='bbox 2776 908 2988 986; x_wconf 86' lang='lat' dir='ltr'><strong>egredi</strong></span> 
     </span>
     <span class='ocr_line' id='line_1_57' title="bbox 1797 994 2991 1077; baseline -0.002 -19"><span class='ocrx_word' id='word_1_267' title='bbox 1797 994 1883 1059; x_wconf 91' lang='lat' dir='ltr'><strong>de</strong></span> <span class='ocrx_word' id='word_1_268' title='bbox 1913 994 2181 1058; x_wconf 86' lang='lat' dir='ltr'><strong>civitate</strong></span> <span class='ocrx_word' id='word_1_269' title='bbox 2212 994 2777 1077; x_wconf 83' lang='lat' dir='ltr'><strong>appropinquavit</strong></span> <span class='ocrx_word' id='word_1_270' title='bbox 2808 995 2991 1075; x_wconf 87' lang='lat' dir='ltr'><strong>juxta</strong></span> 
     </span>
     <span class='ocr_line' id='line_1_58' title="bbox 1796 1082 2991 1165; baseline -0.002 -19"><span class='ocrx_word' id='word_1_271' title='bbox 1796 1083 2159 1146; x_wconf 85' lang='lat' dir='ltr'><strong>vendentes</strong></span> <span class='ocrx_word' id='word_1_272' title='bbox 2178 1103 2386 1165; x_wconf 91' lang='lat' dir='ltr'><strong>panes</strong></span> <span class='ocrx_word' id='word_1_273' title='bbox 2408 1092 2478 1145; x_wconf 93' lang='lat' dir='ltr'><strong>et</strong></span> <span class='ocrx_word' id='word_1_274' title='bbox 2508 1090 2872 1164; x_wconf 87' lang='lat' dir='ltr'><strong>argenteos</strong></span> <span class='ocrx_word' id='word_1_275' title='bbox 2893 1082 2991 1145; x_wconf 87' lang='lat' dir='ltr'><strong>de-</strong></span> 
     </span>
     <span class='ocr_line' id='line_1_59' title="bbox 1802 1170 2995 1254; baseline -0.002 -20"><span class='ocrx_word' id='word_1_276' title='bbox 1802 1170 1904 1234; x_wconf 88' lang='lat' dir='ltr'><strong>dit</strong></span> <span class='ocrx_word' id='word_1_277' title='bbox 1923 1181 1998 1234; x_wconf 93' lang='lat' dir='ltr'><strong>ut</strong></span> <span class='ocrx_word' id='word_1_278' title='bbox 2018 1191 2225 1254; x_wconf 89' lang='lat' dir='ltr'><strong>panes</strong></span> <span class='ocrx_word' id='word_1_279' title='bbox 2246 1172 2583 1252; x_wconf 85' lang='lat' dir='ltr'><strong>reciperet.</strong></span> <span class='ocrx_word' id='word_1_280' title='bbox 2652 1171 2839 1251; x_wconf 90' lang='lat' dir='ltr'><strong>Ipsis</strong></span> <span class='ocrx_word' id='word_1_281' title='bbox 2857 1189 2995 1233; x_wconf 85' lang='lat' dir='ltr'><strong>vero</strong></span> 
     </span>
     <span class='ocr_line' id='line_1_60' title="bbox 1796 1258 2991 1340; baseline -0.002 -19"><span class='ocrx_word' id='word_1_282' title='bbox 1796 1268 2149 1340; x_wconf 89' lang='lat' dir='ltr'><strong>argenteos</strong></span> <span class='ocrx_word' id='word_1_283' title='bbox 2161 1258 2738 1324; x_wconf 87' lang='lat' dir='ltr'><strong>considerantibus</strong></span> <span class='ocrx_word' id='word_1_284' title='bbox 2752 1259 2991 1320; x_wconf 88' lang='lat' dir='ltr'><strong>interse</strong></span> 
     </span>
     <span class='ocr_line' id='line_1_61' title="bbox 1800 1345 2991 1410; baseline -0.002 0"><span class='ocrx_word' id='word_1_285' title='bbox 1800 1347 2133 1410; x_wconf 88' lang='lat' dir='ltr'><strong>dixerunt.</strong></span> <span class='ocrx_word' id='word_1_286' title='bbox 2199 1347 2335 1410; x_wconf 89' lang='lat' dir='ltr'><strong>Iste</strong></span> <span class='ocrx_word' id='word_1_287' title='bbox 2366 1345 2759 1409; x_wconf 89' lang='lat' dir='ltr'><strong>thesaurum</strong></span> <span class='ocrx_word' id='word_1_288' title='bbox 2794 1345 2991 1409; x_wconf 90' lang='lat' dir='ltr'><strong>occul·</strong></span> 
     </span>
     <span class='ocr_line' id='line_1_62' title="bbox 1796 1432 2991 1517; baseline -0.002 -20"><span class='ocrx_word' id='word_1_289' title='bbox 1796 1443 1869 1497; x_wconf 92' lang='lat' dir='ltr'><strong>tu</strong></span> <span class='ocrx_word' id='word_1_290' title='bbox 1878 1454 1943 1496; x_wconf 90' lang='lat' dir='ltr'><strong>m</strong></span> <span class='ocrx_word' id='word_1_291' title='bbox 1958 1434 2173 1498; x_wconf 90' lang='lat' dir='ltr'><strong>inveni</strong></span> <span class='ocrx_word' id='word_1_292' title='bbox 2180 1443 2221 1498; x_wconf 93' lang='lat' dir='ltr'><strong>t.</strong></span> <span class='ocrx_word' id='word_1_293' title='bbox 2246 1433 2506 1517; x_wconf 85' lang='lat' dir='ltr'><strong>Quibus</strong></span> <span class='ocrx_word' id='word_1_294' title='bbox 2519 1432 2627 1497; x_wconf 92' lang='lat' dir='ltr'><strong>ille</strong></span> <span class='ocrx_word' id='word_1_295' title='bbox 2640 1433 2991 1497; x_wconf 86' lang='lat' dir='ltr'><strong>formidans</strong></span> 
     </span>
     <span class='ocr_line' id='line_1_63' title="bbox 1800 1521 2991 1602; baseline -0.002 -18"><span class='ocrx_word' id='word_1_296' title='bbox 1800 1521 1907 1585; x_wconf 89' lang='lat' dir='ltr'><strong>ait.</strong></span> <span class='ocrx_word' id='word_1_297' title='bbox 1974 1521 2114 1587; x_wconf 90' lang='lat' dir='ltr'><strong>Oro</strong></span> <span class='ocrx_word' id='word_1_298' title='bbox 2142 1543 2262 1585; x_wconf 89' lang='lat' dir='ltr'><strong>vos</strong></span> <span class='ocrx_word' id='word_1_299' title='bbox 2292 1541 2445 1585; x_wconf 92' lang='lat' dir='ltr'><strong>ecce</strong></span> <span class='ocrx_word' id='word_1_300' title='bbox 2475 1522 2747 1592; x_wconf 87' lang='lat' dir='ltr'><strong>habetis</strong></span> <span class='ocrx_word' id='word_1_301' title='bbox 2780 1541 2991 1602; x_wconf 86' lang='lat' dir='ltr'><strong>argen-</strong></span> 
     </span>
     <span class='ocr_line' id='line_1_64' title="bbox 1796 1609 2991 1692; baseline -0.003 -18"><span class='ocrx_word' id='word_1_302' title='bbox 1796 1617 1943 1674; x_wconf 89' lang='lat' dir='ltr'><strong>teos</strong></span> <span class='ocrx_word' id='word_1_303' title='bbox 1989 1630 2005 1674; x_wconf 93' lang='lat'><strong>:</strong></span> <span class='ocrx_word' id='word_1_304' title='bbox 2080 1609 2237 1673; x_wconf 90' lang='lat' dir='ltr'><strong>nolo</strong></span> <span class='ocrx_word' id='word_1_305' title='bbox 2312 1629 2537 1692; x_wconf 87' lang='lat' dir='ltr'><strong>panes.</strong></span> <span class='ocrx_word' id='word_1_306' title='bbox 2645 1609 2991 1673; x_wconf 84' lang='lat' dir='ltr'><strong>Adductus</strong></span> 
     </span>
     <span class='ocr_line' id='line_1_65' title="bbox 1798 1699 2991 1781; baseline -0.002 -21"><span class='ocrx_word' id='word_1_307' title='bbox 1798 1716 1958 1761; x_wconf 89' lang='lat' dir='ltr'><strong>vero</strong></span> <span class='ocrx_word' id='word_1_308' title='bbox 1986 1717 2137 1760; x_wconf 88' lang='lat' dir='ltr'><strong>cum</strong></span> <span class='ocrx_word' id='word_1_309' title='bbox 2172 1699 2503 1780; x_wconf 87' lang='lat' dir='ltr'><strong>argenteis</strong></span> <span class='ocrx_word' id='word_1_310' title='bbox 2535 1707 2696 1762; x_wconf 89' lang='lat' dir='ltr'><strong>ante</strong></span> <span class='ocrx_word' id='word_1_311' title='bbox 2730 1717 2991 1781; x_wconf 86' lang='lat' dir='ltr'><strong>procon-</strong></span> 
     </span>
     <span class='ocr_line' id='line_1_66' title="bbox 1800 1785 2989 1868; baseline -0.002 -20"><span class='ocrx_word' id='word_1_312' title='bbox 1800 1785 2012 1849; x_wconf 91' lang='lat' dir='ltr'><strong>sulem</strong></span> <span class='ocrx_word' id='word_1_313' title='bbox 2081 1795 2149 1848; x_wconf 92' lang='lat' dir='ltr'><strong>et</strong></span> <span class='ocrx_word' id='word_1_314' title='bbox 2216 1787 2547 1850; x_wconf 89' lang='lat' dir='ltr'><strong>marinum</strong></span> <span class='ocrx_word' id='word_1_315' title='bbox 2616 1787 2989 1868; x_wconf 89' lang='lat' dir='ltr'><strong>episcopum</strong></span> 
     </span>
     <span class='ocr_line' id='line_1_67' title="bbox 1802 1873 3011 1939; baseline -0.004 0"><span class='ocrx_word' id='word_1_316' title='bbox 1802 1875 2119 1939; x_wconf 90' lang='lat' dir='ltr'><strong>dixerunt</strong></span> <span class='ocrx_word' id='word_1_317' title='bbox 2152 1873 2229 1938; x_wconf 89' lang='lat' dir='ltr'><strong>ei.</strong></span> <span class='ocrx_word' id='word_1_318' title='bbox 2312 1874 2447 1938; x_wconf 88' lang='lat' dir='ltr'><strong>Ubi</strong></span> <span class='ocrx_word' id='word_1_319' title='bbox 2480 1882 2584 1936; x_wconf 88' lang='lat' dir='ltr'><strong>est</strong></span> <span class='ocrx_word' id='word_1_320' title='bbox 2616 1875 3011 1937; x_wconf 73' lang='lat' dir='ltr'><strong>inventum:</strong></span> 
     </span>
     <span class='ocr_line' id='line_1_68' title="bbox 1802 1960 2991 2044; baseline -0.003 -20"><span class='ocrx_word' id='word_1_321' title='bbox 1802 1962 1982 2044; x_wconf 89' lang='lat' dir='ltr'><strong>quod</strong></span> <span class='ocrx_word' id='word_1_322' title='bbox 2018 1961 2345 2025; x_wconf 88' lang='lat' dir='ltr'><strong>invenisti.</strong></span> <span class='ocrx_word' id='word_1_323' title='bbox 2424 1961 2519 2026; x_wconf 91' lang='lat' dir='ltr'><strong>Et</strong></span> <span class='ocrx_word' id='word_1_324' title='bbox 2550 1960 2679 2026; x_wconf 90' lang='lat' dir='ltr'><strong>ille.</strong></span> <span class='ocrx_word' id='word_1_325' title='bbox 2774 1962 2991 2024; x_wconf 86' lang='lat' dir='ltr'><strong>Inven-</strong></span> 
     </span>
     <span class='ocr_line' id='line_1_69' title="bbox 1804 2050 3012 2115; baseline -0.003 -2"><span class='ocrx_word' id='word_1_326' title='bbox 1804 2059 1947 2113; x_wconf 88' lang='lat' dir='ltr'><strong>tum</strong></span> <span class='ocrx_word' id='word_1_327' title='bbox 2024 2069 2159 2112; x_wconf 92' lang='lat' dir='ltr'><strong>non</strong></span> <span class='ocrx_word' id='word_1_328' title='bbox 2236 2050 2475 2114; x_wconf 90' lang='lat' dir='ltr'><strong>inveni.</strong></span> <span class='ocrx_word' id='word_1_329' title='bbox 2577 2050 2722 2115; x_wconf 89' lang='lat' dir='ltr'><strong>Sed</strong></span> <span class='ocrx_word' id='word_1_330' title='bbox 2806 2059 3012 2111; x_wconf 70' lang='lat' dir='ltr'><strong>unum?</strong></span> 
     </span>
     <span class='ocr_line' id='line_1_70' title="bbox 1804 2133 2989 2219; baseline -0.003 -19"><span class='ocrx_word' id='word_1_331' title='bbox 1804 2137 2071 2219; x_wconf 89' lang='lat' dir='ltr'><strong>postulo</strong></span> <span class='ocrx_word' id='word_1_332' title='bbox 2106 2158 2123 2201; x_wconf 91' lang='lat'><strong>:</strong></span> <span class='ocrx_word' id='word_1_333' title='bbox 2167 2138 2371 2202; x_wconf 90' lang='lat' dir='ltr'><strong>dicite</strong></span> <span class='ocrx_word' id='word_1_334' title='bbox 2432 2137 2596 2200; x_wconf 89' lang='lat' dir='ltr'><strong>mihi</strong></span> <span class='ocrx_word' id='word_1_335' title='bbox 2632 2160 2649 2202; x_wconf 90' lang='lat'><strong>:</strong></span> <span class='ocrx_word' id='word_1_336' title='bbox 2696 2147 2773 2202; x_wconf 91' lang='lat' dir='ltr'><strong>et</strong></span> <span class='ocrx_word' id='word_1_337' title='bbox 2834 2133 2989 2219; x_wconf 88' lang='lat' dir='ltr'><strong>quod</strong></span> 
     </span>
     <span class='ocr_line' id='line_1_71' title="bbox 1806 2225 3012 2290; baseline -0.004 -3"><span class='ocrx_word' id='word_1_338' title='bbox 1806 2234 1908 2288; x_wconf 92' lang='lat' dir='ltr'><strong>est</strong></span> <span class='ocrx_word' id='word_1_339' title='bbox 1956 2225 2022 2287; x_wconf 89' lang='lat' dir='ltr'><strong>in</strong></span> <span class='ocrx_word' id='word_1_340' title='bbox 2075 2226 2277 2289; x_wconf 92' lang='lat' dir='ltr'><strong>corde</strong></span> <span class='ocrx_word' id='word_1_341' title='bbox 2326 2247 2477 2290; x_wconf 90' lang='lat' dir='ltr'><strong>meo</strong></span> <span class='ocrx_word' id='word_1_342' title='bbox 2526 2227 2755 2290; x_wconf 89' lang='lat' dir='ltr'><strong>dicam</strong></span> <span class='ocrx_word' id='word_1_343' title='bbox 2810 2225 3012 2290; x_wconf 77' lang='lat' dir='ltr'><strong>vobis.</strong></span> 
     </span>
     <span class='ocr_line' id='line_1_72' title="bbox 1810 2313 2991 2396; baseline -0.002 -20"><span class='ocrx_word' id='word_1_344' title='bbox 1810 2313 2087 2376; x_wconf 77' lang='lat' dir='ltr'><strong>Detius⁵</strong></span> <span class='ocrx_word' id='word_1_345' title='bbox 2119 2316 2478 2396; x_wconf 86' lang='lat' dir='ltr'><strong>imperator</strong></span> <span class='ocrx_word' id='word_1_346' title='bbox 2508 2315 2619 2378; x_wconf 89' lang='lat' dir='ltr'><strong>ubi</strong></span> <span class='ocrx_word' id='word_1_347' title='bbox 2652 2324 2763 2377; x_wconf 91' lang='lat' dir='ltr'><strong>est</strong></span> <span class='ocrx_word' id='word_1_348' title='bbox 2797 2314 2823 2376; x_wconf 84' lang='lat'>?</span> <span class='ocrx_word' id='word_1_349' title='bbox 2872 2313 2991 2375; x_wconf 83' lang='lat' dir='ltr'><strong>Ma·</strong></span> 
     </span>
     <span class='ocr_line' id='line_1_73' title="bbox 1808 2401 3012 2484; baseline -0.004 -21"><span class='ocrx_word' id='word_1_350' title='bbox 1808 2401 1986 2463; x_wconf 87' lang='lat' dir='ltr'><strong>rinus</strong></span> <span class='ocrx_word' id='word_1_351' title='bbox 2018 2403 2367 2484; x_wconf 89' lang='lat' dir='ltr'><strong>episcopus</strong></span> <span class='ocrx_word' id='word_1_352' title='bbox 2393 2403 2585 2467; x_wconf 90' lang='lat' dir='ltr'><strong>dixit.</strong></span> <span class='ocrx_word' id='word_1_353' title='bbox 2661 2402 2831 2466; x_wconf 88' lang='lat' dir='ltr'><strong>Fili:</strong></span> <span class='ocrx_word' id='word_1_354' title='bbox 2862 2405 3012 2464; x_wconf 63' lang='lat' dir='ltr'><strong>antess</strong></span> 
     </span>
     <span class='ocr_line' id='line_1_74' title="bbox 1810 2487 3010 2572; baseline -0.003 -20"><span class='ocrx_word' id='word_1_355' title='bbox 1810 2488 2056 2552; x_wconf 89' lang='lat' dir='ltr'><strong>multos</strong></span> <span class='ocrx_word' id='word_1_356' title='bbox 2088 2510 2299 2554; x_wconf 87' lang='lat' dir='ltr'><strong>annos</strong></span> <span class='ocrx_word' id='word_1_357' title='bbox 2330 2491 2457 2555; x_wconf 88' lang='lat' dir='ltr'><strong>fuit</strong></span> <span class='ocrx_word' id='word_1_358' title='bbox 2485 2492 2643 2572; x_wconf 90' lang='lat' dir='ltr'><strong>ipse.</strong></span> <span class='ocrx_word' id='word_1_359' title='bbox 2770 2491 2904 2553; x_wconf 68' lang='lat' dir='ltr'><strong>La.</strong></span> <span class='ocrx_word' id='word_1_360' title='bbox 2924 2487 3010 2568; x_wconf 69' lang='lat'><strong>292·</strong></span> 
     </span>
     <span class='ocr_line' id='line_1_75' title="bbox 1810 2574 3010 2708; baseline -0.003 -68"><span class='ocrx_word' id='word_1_361' title='bbox 1810 2579 2005 2708; x_wconf 87' lang='lat' dir='ltr'><em>M</em></span> <span class='ocrx_word' id='word_1_362' title='bbox 2012 2576 2241 2640; x_wconf 88' lang='lat' dir='ltr'><strong>alchus</strong></span> <span class='ocrx_word' id='word_1_363' title='bbox 2316 2579 2508 2643; x_wconf 88' lang='lat' dir='ltr'><strong>dixit.</strong></span> <span class='ocrx_word' id='word_1_364' title='bbox 2638 2574 3010 2660; x_wconf 77' lang='lat' dir='ltr'><strong>Sequimini</strong></span> 
     </span>
    </p>

    <p class='ocr_par' dir='ltr' id='par_1_11' title="bbox 1812 2665 3010 4156">
     <span class='ocr_line' id='line_1_76' title="bbox 2012 2665 2987 2732; baseline -0.001 -4"><span class='ocrx_word' id='word_1_365' title='bbox 2012 2685 2165 2732; x_wconf 87' lang='lat' dir='ltr'><strong>me:</strong></span> <span class='ocrx_word' id='word_1_366' title='bbox 2242 2675 2309 2730; x_wconf 90' lang='lat' dir='ltr'><strong>et</strong></span> <span class='ocrx_word' id='word_1_367' title='bbox 2370 2667 2767 2730; x_wconf 89' lang='lat' dir='ltr'><strong>monstrabo</strong></span> <span class='ocrx_word' id='word_1_368' title='bbox 2825 2665 2987 2728; x_wconf 88' lang='lat' dir='ltr'><strong>vobis</strong></span> 
     </span>
     <span class='ocr_line' id='line_1_77' title="bbox 1812 2753 2989 2836; baseline -0.003 -20"><span class='ocrx_word' id='word_1_369' title='bbox 1812 2753 2025 2816; x_wconf 90' lang='lat' dir='ltr'><strong>socios</strong></span> <span class='ocrx_word' id='word_1_370' title='bbox 2088 2773 2290 2818; x_wconf 63' lang='lat' dir='ltr'><strong>meos</strong></span> <span class='ocrx_word' id='word_1_371' title='bbox 2386 2755 2478 2817; x_wconf 90' lang='lat' dir='ltr'><strong>Et</strong></span> <span class='ocrx_word' id='word_1_372' title='bbox 2529 2754 2732 2836; x_wconf 79' lang='lat' dir='ltr'><strong>duxit</strong></span> <span class='ocrx_word' id='word_1_373' title='bbox 2788 2773 2899 2817; x_wconf 90' lang='lat' dir='ltr'><strong>eos</strong></span> <span class='ocrx_word' id='word_1_374' title='bbox 2938 2753 2989 2813; x_wconf 87' lang='lat' dir='ltr'><strong>in</strong></span> 
     </span>
     <span class='ocr_line' id='line_1_78' title="bbox 1816 2842 3010 2906; baseline -0.002 -4"><span class='ocrx_word' id='word_1_375' title='bbox 1816 2850 2115 2904; x_wconf 87' lang='lat' dir='ltr'><strong>montem</strong></span> <span class='ocrx_word' id='word_1_376' title='bbox 2176 2842 2377 2906; x_wconf 89' lang='lat' dir='ltr'><strong>celii:</strong></span> <span class='ocrx_word' id='word_1_377' title='bbox 2447 2843 2559 2906; x_wconf 90' lang='lat' dir='ltr'><strong>ubi</strong></span> <span class='ocrx_word' id='word_1_378' title='bbox 2621 2844 3010 2906; x_wconf 81' lang='lat' dir='ltr'><strong>invenerunt÷</strong></span> 
     </span>
     <span class='ocr_line' id='line_1_79' title="bbox 1812 2929 3010 3013; baseline -0.001 -22"><span class='ocrx_word' id='word_1_379' title='bbox 1812 2929 2025 2992; x_wconf 92' lang='lat' dir='ltr'><strong>socios</strong></span> <span class='ocrx_word' id='word_1_380' title='bbox 2080 2951 2277 2994; x_wconf 89' lang='lat' dir='ltr'><strong>suos:</strong></span> <span class='ocrx_word' id='word_1_381' title='bbox 2323 2940 2392 2994; x_wconf 90' lang='lat' dir='ltr'><strong>et</strong></span> <span class='ocrx_word' id='word_1_382' title='bbox 2440 2931 2743 2994; x_wconf 88' lang='lat' dir='ltr'><strong>tabulam</strong></span> <span class='ocrx_word' id='word_1_383' title='bbox 2796 2929 3010 3013; x_wconf 90' lang='lat' dir='ltr'><strong>plum-·</strong></span> 
     </span>
     <span class='ocr_line' id='line_1_80' title="bbox 1814 3017 2991 3100; baseline -0.003 -20"><span class='ocrx_word' id='word_1_384' title='bbox 1814 3017 2010 3080; x_wconf 89' lang='lat' dir='ltr'><strong>bearn</strong></span> <span class='ocrx_word' id='word_1_385' title='bbox 2034 3017 2125 3080; x_wconf 91' lang='lat' dir='ltr'><strong>sic</strong></span> <span class='ocrx_word' id='word_1_386' title='bbox 2145 3019 2491 3100; x_wconf 87' lang='lat' dir='ltr'><strong>scriptam:</strong></span> <span class='ocrx_word' id='word_1_387' title='bbox 2516 3019 2991 3083; x_wconf 84' lang='lat' dir='ltr'><strong>Maximianus:</strong></span> 
     </span>
     <span class='ocr_line' id='line_1_81' title="bbox 1818 3105 2991 3184; baseline 0 -18"><span class='ocrx_word' id='word_1_388' title='bbox 1818 3105 2158 3170; x_wconf 89' lang='lat' dir='ltr'><strong>malchus:</strong></span> <span class='ocrx_word' id='word_1_389' title='bbox 2224 3108 2698 3170; x_wconf 87' lang='lat' dir='ltr'><strong>martinianus:</strong></span> <span class='ocrx_word' id='word_1_390' title='bbox 2775 3106 2991 3184; x_wconf 87' lang='lat' dir='ltr'><strong>diony-</strong></span> 
     </span>
     <span class='ocr_line' id='line_1_82' title="bbox 1818 3193 2991 3276; baseline -0.001 -21"><span class='ocrx_word' id='word_1_391' title='bbox 1818 3194 1991 3256; x_wconf 90' lang='lat' dir='ltr'><strong>sius:</strong></span> <span class='ocrx_word' id='word_1_392' title='bbox 2020 3193 2351 3273; x_wconf 91' lang='lat' dir='ltr'><strong>johannes</strong></span> <span class='ocrx_word' id='word_1_393' title='bbox 2379 3217 2394 3258; x_wconf 91' lang='lat'><strong>:</strong></span> <span class='ocrx_word' id='word_1_394' title='bbox 2426 3195 2785 3276; x_wconf 88' lang='lat' dir='ltr'><strong>seraphion</strong></span> <span class='ocrx_word' id='word_1_395' title='bbox 2814 3215 2829 3257; x_wconf 94' lang='lat'><strong>:</strong></span> <span class='ocrx_word' id='word_1_396' title='bbox 2858 3211 2991 3257; x_wconf 90' lang='lat' dir='ltr'><strong>con-</strong></span> 
     </span>
     <span class='ocr_line' id='line_1_83' title="bbox 1816 3281 2993 3347; baseline -0.002 -4"><span class='ocrx_word' id='word_1_397' title='bbox 1816 3281 2167 3345; x_wconf 77' lang='lat' dir='ltr'><strong>stantinus,</strong></span> <span class='ocrx_word' id='word_1_398' title='bbox 2242 3282 2395 3345; x_wconf 92' lang='lat' dir='ltr'><strong>Hoc</strong></span> <span class='ocrx_word' id='word_1_399' title='bbox 2428 3284 2707 3347; x_wconf 90' lang='lat' dir='ltr'><strong>audiens</strong></span> <span class='ocrx_word' id='word_1_400' title='bbox 2738 3281 2993 3346; x_wconf 89' lang='lat' dir='ltr'><strong>theodo-</strong></span> 
     </span>
     <span class='ocr_line' id='line_1_84' title="bbox 1814 3365 3008 3451; baseline 0 -21"><span class='ocrx_word' id='word_1_401' title='bbox 1814 3365 2351 3451; x_wconf 67' lang='lat' dir='ltr'><strong>sius‘imperator</strong></span> <span class='ocrx_word' id='word_1_402' title='bbox 2397 3372 2515 3434; x_wconf 89' lang='lat' dir='ltr'><strong>ivit</strong></span> <span class='ocrx_word' id='word_1_403' title='bbox 2560 3391 2719 3434; x_wconf 87' lang='lat' dir='ltr'><strong>cum</strong></span> <span class='ocrx_word' id='word_1_404' title='bbox 2772 3385 3008 3450; x_wconf 72' lang='lat' dir='ltr'><strong>magna</strong></span> 
     </span>
     <span class='ocr_line' id='line_1_85' title="bbox 1814 3453 2989 3539; baseline -0.003 -20"><span class='ocrx_word' id='word_1_405' title='bbox 1814 3456 2243 3521; x_wconf 86' lang='lat' dir='ltr'><strong>festinatione</strong></span> <span class='ocrx_word' id='word_1_406' title='bbox 2303 3459 2391 3521; x_wconf 93' lang='lat' dir='ltr'><strong>de</strong></span> <span class='ocrx_word' id='word_1_407' title='bbox 2450 3453 3008 3539; x_wconf 89' lang='lat' dir='ltr'><strong>constantinopoli</strong></span> 
     </span>
     <span class='ocr_line' id='line_1_86' title="bbox 1817 3543 3006 3628; baseline -0.003 -20"><span class='ocrx_word' id='word_1_408' title='bbox 1817 3544 1883 3608; x_wconf 89' lang='lat' dir='ltr'><strong>in</strong></span> <span class='ocrx_word' id='word_1_409' title='bbox 1938 3546 2275 3628; x_wconf 87' lang='lat' dir='ltr'><strong>ephesum.</strong></span> <span class='ocrx_word' id='word_1_410' title='bbox 2368 3547 2459 3611; x_wconf 88' lang='lat' dir='ltr'><strong>Et</strong></span> <span class='ocrx_word' id='word_1_411' title='bbox 2504 3549 2727 3610; x_wconf 88' lang='lat' dir='ltr'><strong>omnis</strong></span> <span class='ocrx_word' id='word_1_412' title='bbox 2788 3543 3006 3610; x_wconf 77' lang='lat' dir='ltr'><strong>civitas}</strong></span> 
     </span>
     <span class='ocr_line' id='line_1_87' title="bbox 1815 3634 2987 3716; baseline -0.003 -18"><span class='ocrx_word' id='word_1_413' title='bbox 1815 3653 1968 3698; x_wconf 89' lang='lat' dir='ltr'><strong>cum</strong></span> <span class='ocrx_word' id='word_1_414' title='bbox 2002 3634 2397 3716; x_wconf 88' lang='lat' dir='ltr'><strong>imperatore</strong></span> <span class='ocrx_word' id='word_1_415' title='bbox 2444 3637 2647 3699; x_wconf 91' lang='lat' dir='ltr'><strong>simul</strong></span> <span class='ocrx_word' id='word_1_416' title='bbox 2696 3634 2987 3699; x_wconf 76' lang='lat' dir='ltr'><strong>ascende·-</strong></span> 
     </span>
     <span class='ocr_line' id='line_1_88' title="bbox 1818 3723 2987 3806; baseline -0.003 -21"><span class='ocrx_word' id='word_1_417' title='bbox 1818 3731 1969 3786; x_wconf 88' lang='lat' dir='ltr'><strong>rant</strong></span> <span class='ocrx_word' id='word_1_418' title='bbox 2028 3723 2115 3785; x_wconf 94' lang='lat' dir='ltr'><strong>ad</strong></span> <span class='ocrx_word' id='word_1_419' title='bbox 2174 3733 2441 3786; x_wconf 90' lang='lat' dir='ltr'><strong>sanctos</strong></span> <span class='ocrx_word' id='word_1_420' title='bbox 2504 3734 2875 3806; x_wconf 89' lang='lat' dir='ltr'><strong>martyres:</strong></span> <span class='ocrx_word' id='word_1_421' title='bbox 2936 3725 2987 3782; x_wconf 85' lang='lat' dir='ltr'><strong>et</strong></span> 
     </span>
     <span class='ocr_line' id='line_1_89' title="bbox 1818 3811 3006 3893; baseline -0.002 -21"><span class='ocrx_word' id='word_1_422' title='bbox 1818 3811 2064 3891; x_wconf 88' lang='lat' dir='ltr'><strong>egressi</strong></span> <span class='ocrx_word' id='word_1_423' title='bbox 2126 3821 2483 3893; x_wconf 89' lang='lat' dir='ltr'><strong>martyres·</strong></span> <span class='ocrx_word' id='word_1_424' title='bbox 2526 3813 2597 3876; x_wconf 86' lang='lat' dir='ltr'><strong>in</strong></span> <span class='ocrx_word' id='word_1_425' title='bbox 2672 3821 3006 3876; x_wconf 67' lang='lat' dir='ltr'><strong>occursum</strong></span> 
     </span>
     <span class='ocr_line' id='line_1_90' title="bbox 1818 3895 2981 3981; baseline -0.003 -21"><span class='ocrx_word' id='word_1_426' title='bbox 1818 3897 2275 3980; x_wconf 89' lang='lat' dir='ltr'><strong>imperatoris:</strong></span> <span class='ocrx_word' id='word_1_427' title='bbox 2324 3899 2871 3981; x_wconf 88' lang='lat' dir='ltr'><strong>resplenduerunt</strong></span> <span class='ocrx_word' id='word_1_428' title='bbox 2908 3895 2981 3959; x_wconf 82' lang='lat' dir='ltr'><strong>sa-</strong></span> 
     </span>
     <span class='ocr_line' id='line_1_91' title="bbox 1816 3983 2980 4053; baseline -0.003 -4"><span class='ocrx_word' id='word_1_429' title='bbox 1816 3986 1951 4050; x_wconf 90' lang='lat' dir='ltr'><strong>cies</strong></span> <span class='ocrx_word' id='word_1_430' title='bbox 2010 4006 2237 4049; x_wconf 88' lang='lat' dir='ltr'><strong>eorum</strong></span> <span class='ocrx_word' id='word_1_431' title='bbox 2300 3988 2470 4051; x_wconf 88' lang='lat' dir='ltr'><strong>sicut</strong></span> <span class='ocrx_word' id='word_1_432' title='bbox 2532 3987 2652 4053; x_wconf 82' lang='lat' dir='ltr'><strong>sol.</strong></span> <span class='ocrx_word' id='word_1_433' title='bbox 2764 3983 2980 4053; x_wconf 85' lang='lat' dir='ltr'><strong>Cecidit</strong></span> 
     </span>
     <span class='ocr_line' id='line_1_92' title="bbox 1817 4075 2977 4156; baseline -0.003 -19"><span class='ocrx_word' id='word_1_434' title='bbox 1817 4093 1975 4138; x_wconf 90' lang='lat' dir='ltr'><strong>vero</strong></span> <span class='ocrx_word' id='word_1_435' title='bbox 2007 4075 2365 4156; x_wconf 88' lang='lat' dir='ltr'><strong>imperator</strong></span> <span class='ocrx_word' id='word_1_436' title='bbox 2416 4086 2577 4140; x_wconf 85' lang='lat' dir='ltr'><strong>ante</strong></span> <span class='ocrx_word' id='word_1_437' title='bbox 2628 4097 2747 4140; x_wconf 92' lang='lat' dir='ltr'><strong>eos</strong></span> <span class='ocrx_word' id='word_1_438' title='bbox 2776 4078 2977 4141; x_wconf 80' lang='lat' dir='ltr'><strong>dicens.</strong></span> 
     </span>
    </p>
   </div>
   <div class='ocr_carea' id='block_1_8' title="bbox 1818 4161 3004 4318">
    <p class='ocr_par' dir='ltr' id='par_1_12' title="bbox 1818 4161 3004 4318">
     <span class='ocr_line' id='line_1_93' title="bbox 1821 4161 3004 4264; baseline -0.004 -37"><span class='ocrx_word' id='word_1_439' title='bbox 1821 4161 1933 4227; x_wconf 90' lang='lat' dir='ltr'><strong>Sic</strong></span> <span class='ocrx_word' id='word_1_440' title='bbox 1964 4182 2083 4225; x_wconf 90' lang='lat' dir='ltr'><strong>vos</strong></span> <span class='ocrx_word' id='word_1_441' title='bbox 2114 4163 2313 4228; x_wconf 88' lang='lat' dir='ltr'><strong>video</strong></span> <span class='ocrx_word' id='word_1_442' title='bbox 2341 4173 2501 4229; x_wconf 90' lang='lat' dir='ltr'><strong>ante</strong></span> <span class='ocrx_word' id='word_1_443' title='bbox 2524 4185 2667 4228; x_wconf 90' lang='lat' dir='ltr'><strong>me:</strong></span> <span class='ocrx_word' id='word_1_444' title='bbox 2700 4174 2975 4245; x_wconf 86' lang='lat' dir='ltr'><strong>tanquam</strong></span> <span class='ocrx_word' id='word_1_445' title='bbox 3001 4179 3004 4264; x_wconf 45' lang='lat' dir='ltr'><em>A</em></span> 
     </span>
     <span class='ocr_line' id='line_1_94' title="bbox 1818 4250 3004 4318; baseline -0.003 -4"><span class='ocrx_word' id='word_1_446' title='bbox 1818 4251 1873 4314; x_wconf 93' lang='lat' dir='ltr'><strong>si</strong></span> <span class='ocrx_word' id='word_1_447' title='bbox 1918 4250 2213 4316; x_wconf 88' lang='lat' dir='ltr'><strong>viderem</strong></span> <span class='ocrx_word' id='word_1_448' title='bbox 2266 4252 2607 4318; x_wconf 89' lang='lat' dir='ltr'><strong>Christum</strong></span> <span class='ocrx_word' id='word_1_449' title='bbox 2656 4252 2974 4317; x_wconf 87' lang='lat' dir='ltr'><strong>dominum.</strong></span> <span class='ocrx_word' id='word_1_450' title='bbox 3002 4267 3004 4270; x_wconf 52' lang='lat'><em>⁴</em></span> 
     </span>
    </p>
   </div>
   <div class='ocr_carea' id='block_1_9' title="bbox 2098 4389 2845 4508">
    <p class='ocr_par' dir='ltr' id='par_1_13' title="bbox 2098 4389 2845 4508">
     <span class='ocr_line' id='line_1_95' title="bbox 2308 4389 2845 4454; baseline 0.002 -16"><span class='ocrx_word' id='word_1_451' title='bbox 2308 4389 2333 4420; x_wconf 82' lang='lat'>⁸</span> <span class='ocrx_word' id='word_1_452' title='bbox 2364 4389 2657 4454; x_wconf 84' lang='lat' dir='ltr'><strong>speluncam</strong></span> <span class='ocrx_word' id='word_1_453' title='bbox 2682 4406 2695 4439; x_wconf 94' lang='lat'><strong>:</strong></span> <span class='ocrx_word' id='word_1_454' title='bbox 2730 4389 2845 4439; x_wconf 75' lang='lat' dir='ltr'><strong>Rs.</strong></span> 
     </span>
     <span class='ocr_line' id='line_1_96' title="bbox 2098 4455 2621 4508; baseline 0.004 -2"><span class='ocrx_word' id='word_1_455' title='bbox 2098 4457 2118 4486; x_wconf 78' lang='lat'>³</span> <span class='ocrx_word' id='word_1_456' title='bbox 2152 4455 2376 4506; x_wconf 78' lang='lat' dir='ltr'><strong>Decius:</strong></span> <span class='ocrx_word' id='word_1_457' title='bbox 2414 4455 2621 4508; x_wconf 71' lang='lat' dir='ltr'><strong>RN.S.</strong></span> 
     </span>
    </p>
   </div>
  </div>
 </body>
</html>
