3117 4959
1086 250 1447 308 RUBRICA
1498 249 1621 304 DE
1665 246 1983 302 DEDICA
1994 246 2049 302 T
2041 246 2269 303 IONE.

938 360 1127 423 ‚783

438 466 563 525 Sed
630 462 691 524 in
758 461 1036 523 secundis
1116 460 1376 539 vesperis
1446 458 1638 520 sancti

438 544 766 620 antiphone
830 541 1064 618 proprie
1128 543 1223 601 vel
1287 558 1636 601 communes

442 640 581 681 cum
658 619 901 698 psalmis
977 617 1274 679 ferialibus
1340 618 1636 679 dicuntur.

445 697 492 748 (l
523 699 750 759 Diebus
784 717 925 757 vero
962 698 1307 757 vacantibus
1340 716 1531 773 usque
1558 696 1638 755 ad

446 777 608 839 diem
637 788 976 836 octavarum
1002 777 1403 853 apostolorum
1432 777 1532 835 fiat
1560 776 1638 835 de

442 855 729 931 apostolis
776 874 911 914 cum
960 854 1244 913 memoria
1279 855 1357 914 de
1396 853 1637 913 dedica-

444 933 610 994 tione
656 932 797 1011 quia
842 934 953 993 iste
996 945 1206 993 octave
1248 930 1640 993 dedicationis

442 1014 661 1073 cedent
687 1012 909 1071 octavis
933 1012 1353 1088 apostolorum.
1414 1019 1459 1069 (ί
1496 1010 1640 1071 Die-

445 1093 558 1151 bus
584 1102 782 1149 autem
812 1089 1161 1149 vacantibus
1187 1110 1225 1149 a
1250 1091 1405 1150 festo
1422 1108 1640 1149 novem

446 1168 767 1230 lectionum
809 1169 885 1227 ab
934 1179 1147 1228 octavo
1191 1168 1289 1229 die
1340 1169 1640 1245 apostolo-

445 1267 577 1307 rum
602 1247 885 1324 usquead
912 1258 1189 1307 octavum
1218 1246 1377 1306 diem
1398 1246 1639 1306 dedica-

444 1325 627 1387 tionis
653 1327 756 1385 fiat
796 1326 1093 1386 servitium
1139 1326 1217 1386 de
1260 1325 1641 1385 dedicatione

446 1424 589 1465 cum
641 1403 927 1483 regimine
992 1402 1157 1463 chori
1223 1402 1363 1480 quia
1430 1416 1641 1464 octave

444 1484 696 1545 omnino
748 1494 887 1543 sunt
940 1481 1233 1559 precipue.
1318 1481 1381 1543 Si
1424 1484 1640 1542 festum

447 1562 622 1622 trium
662 1561 985 1621 lectionum
1023 1560 1174 1620 infra
1214 1560 1354 1620 istas
1400 1572 1641 1621 octavas

446 1640 708 1701 evenerit
734 1642 809 1700 de
837 1658 912 1699 eo
938 1650 1169 1699 tantum
1208 1638 1493 1699 memoria
1518 1642 1638 1699 fiat.

448 1728 495 1779 (1
532 1721 764 1780 Octavo
808 1737 948 1777 vero
992 1718 1090 1778 die
1136 1719 1539 1793 apostolorum
1581 1728 1642 1778 et

444 1796 576 1857 aliis
603 1797 764 1857 sestis
792 1814 1007 1857 novem
1033 1796 1353 1856 lectionum
1376 1807 1511 1873 post
1538 1816 1639 1856 oc-

446 1888 610 1936 tavas
636 1877 1039 1951 apostolorum
1060 1873 1210 1934 infra
1234 1874 1374 1934 istas
1402 1886 1641 1935 octavas

448 1953 929 2031 contingentibus
956 1955 1099 2013 fiant
1126 1953 1321 2015 medie
1354 1954 1641 2013 lectiones

448 2034 528 2093 de
580 2031 959 2093 dedicatione
1022 2051 1161 2092 cum
1226 2033 1510 2092 memoria
1562 2033 1642 2092 de

447 2111 678 2172 eadem.
765 2112 843 2170 Et
894 2110 957 2169 in
1052 2109 1212 2170 rimis
1264 2111 1523 2188 vesperis
1565 2112 1643 2171 de

448 2200 653 2249 sancte
682 2186 976 2249 Everilide
1030 2190 1115 2249 sic
1168 2188 1447 2249 dicuntur
1492 2190 1642 2249 anti-

448 2270 651 2345 phone
679 2278 737 2327 et
774 2267 983 2344 psalmi
1012 2268 1088 2328 de
1159 2267 1492 2328 edicatione
1536 2270 1644 2328 sed

450 2346 515 2406 in
562 2345 838 2406 secundis
881 2346 1139 2421 vesperis
1186 2348 1453 2423 ejusdem
1496 2346 1646 2406 anti·

448 2426 650 2503 phone
716 2426 795 2484 de
860 2424 1134 2485 laudibus
1201 2444 1337 2484 cum
1403 2426 1646 2503 psalmis

451 2503 747 2563 ferialibus
774 2502 1061 2563 dicuntur.
1137 2513 1181 2563 «Ι
1217 2504 1477 2579 Quando
1505 2524 1646 2565 vero

450 2586 664 2643 festum
694 2581 882 2641 sancti
910 2584 1115 2643 thome
1142 2582 1407 2660 martyris
1449 2583 1644 2644 differ-

451 2674 547 2723 tur
568 2680 607 2722 a
633 2658 935 2721 dominica
962 2662 1023 2721 in
1050 2663 1374 2722 secundam
1402 2661 1608 2723 feriam
1635 2685 1648 2722 ε

2250 355 2400 410 784

1735 456 1934 517 medie
1961 456 2246 517 lectiones
2267 458 2346 517 de
2367 454 2760 517 dedioetione
2775 457 2936 518 fient:

1732 554 1871 594 cum
1901 535 2186 596 memoria
2201 539 2278 596 de
2305 537 2520 595 eadem
2545 547 2612 595 et
2637 535 2722 595 de
2739 548 2939 597 sancto

1735 614 2024 674 Gribaldo
2051 614 2188 695 [sic]
2215 637 2228 673 ε
2276 626 2338 675 et
2378 625 2523 674 tunc
2551 616 2635 675 ad
2659 634 2937 691 vesperas

1733 692 2061 769 antiphone
2087 704 2148 753 et
2165 692 2376 770 psalmi
2397 694 2476 754 de
2497 704 2715 753 sancto
2737 694 2940 754 thoma

1736 782 1909 831 erunt
1935 790 2125 848 usque
2149 774 2229 833 ad
2257 770 2585 847 capitulum
2613 774 2790 849 quod
2835 774 2940 833 erit

1735 849 1815 909 de
1845 860 2047 910 sancte
2077 849 2390 911 Everilide.
2450 858 2495 908 (ί
2531 852 2776 911 Octavo
2801 870 2939 912 vero

1736 926 1836 987 die
1865 928 2258 989 dedicationis
2286 941 2478 989 totum
2517 930 2836 989 servicium
2866 932 2942 992 de

1737 1005 1880 1083 ipsis
1907 1008 2131 1067 octavis
2171 1010 2272 1069 fiet
2313 1008 2424 1067 nisi
2460 1010 2682 1068 festum
2713 1021 2942 1085 septem

1737 1084 1979 1145 fratrum
2019 1084 2242 1147 ibidem
2291 1086 2554 1147 evenerit
2597 1089 2680 1148 de
2725 1088 2943 1166 quibus

1738 1162 1936 1223 medie
1964 1164 2250 1225 lectiones
2276 1166 2432 1226 fient.
2521 1168 2604 1225 Et
2631 1166 2750 1227 nisi
2780 1169 2851 1227 E.
2883 1166 2940 1226 ii.

1737 1240 1816 1301 iii.
1849 1241 1946 1301 iiii.
1977 1245 2072 1303 vel
2099 1265 2152 1303 v.
2197 1243 2368 1305 fuerit
2407 1244 2718 1305 dominica
2748 1268 2764 1305 :
2807 1248 2948 1323 quia

1737 1330 1882 1380 tunc
1907 1320 2304 1400 anticipentur
2316 1334 2526 1383 octave
2544 1323 2947 1385 dedicationis

1738 1410 1979 1476 propter
2003 1420 2182 1461 unam
2210 1402 2576 1463 dominioem
2615 1403 2948 1463 dominica·

1739 1476 1871 1537 liter
1922 1478 2238 1541 dicendam
2293 1481 2373 1541 de
2443 1480 2710 1559 hystoria
2775 1484 2948 1541 Deus

1735 1564 2009 1623 omnium.
2095 1568 2140 1618 (Ι
2175 1559 2236 1620 Si
2265 1561 2480 1619 festum
2507 1571 2720 1621 sancte
2749 1562 2950 1623 Everi-

1737 1641 1875 1701 lidis
1904 1640 1965 1699 in
1991 1637 2294 1700 dominioe.
2336 1638 2598 1699 evenerit
2639 1639 2952 1700 differatur

1738 1720 1802 1778 in
1843 1716 2205 1779 crastinum:
2247 1730 2309 1777 et
2335 1718 2400 1776 in
2427 1718 2740 1777 dominica
2781 1720 2951 1779 vide-

1736 1798 1878 1859 licet
1905 1809 2118 1857 octavo
2159 1796 2258 1856 die
2299 1796 2699 1857 dedicationis
2737 1798 2952 1876 incipi-

1737 1887 1870 1937 atur
1895 1878 1973 1935 ad
2002 1874 2322 1952 capitulum
2368 1876 2446 1935 de
2489 1888 2700 1935 sancta
2745 1878 2952 1937 Everi-

1737 1956 1859 2015 lide
1904 1974 2042 2014 cum
2083 1953 2370 2013 memoria
2414 1955 2493 2013 de
2535 1954 2764 2015 octavis
2811 1970 2954 2016 tunc

1739 2033 2012 2094 versiculi
2065 2032 2344 2093 dicuntur
2397 2032 2524 2093 sine
2590 2036 2840 2093 alleluia
2893 2048 2952 2096 et

1740 2112 2026 2173 memoria
2051 2112 2130 2171 de
2155 2110 2522 2189 martyribus,
2583 2121 2627 2171 «Ι
2669 2113 2792 2173 Die
2807 2132 2950 2173 vero

1743 2192 1882 2251 lune
1909 2190 2141 2251 dicatur
2168 2191 2247 2250 de
2273 2201 2478 2249 sancte
2506 2190 2792 2252 Everilde
2821 2194 2952 2253 sine

1745 2269 1956 2329 mediis
2007 2268 2360 2329 lectionibus
2425 2270 2506 2329 de
2569 2271 2946 2347 martyribus

1747 2351 1841 2409 De
1893 2350 2056 2407 nulla
2107 2359 2306 2407 autem
2373 2350 2956 2409 commemoratione

1743 2426 1976 2487 dicatur
2001 2426 2150 2486 infra
2177 2426 2316 2486 istas
2343 2438 2598 2486 octavas
2675 2428 2953 2506 Exequie

1746 2506 2162 2565 defunctorum
2212 2524 2336 2565 non
2380 2505 2661 2565 dicuntur
2691 2528 2706 2568 :
2747 2526 2952 2585 neque

1746 2584 2018 2662 suffragia
2044 2594 2343 2645 consueta.
2428 2587 2646 2645 Amen.

568 2892 744 2950 Μία.
788 2890 867 2948 In
892 2889 1125 2947 servitio
1152 2890 1258 2947 ‘In
1295 2890 1833 2949 Commemoratione
1859 2892 2240 2967 apostolorum
2270 2890 2436 2965 petri
2457 2896 2513 2947 et
2522 2892 2746 2966 pauli,'
2755 2892 2954 2967 fianta

438 2971 645 3047 prima
670 2969 895 3028 lectione
920 2987 1095 3043 quam
1123 2970 1189 3026 in
1232 2969 1346 3027 Vol.
1361 2969 1559 3043 primo
1585 2970 1678 3028 col.
1701 2971 1898 3045 698-9
1916 2970 2186 3040 invenies,
2216 2970 2384 3027 addit
2401 2970 2480 3026 R.
2493 2970 2634 3043 fuse
2661 2970 2952 3049 deser-epta

448 3068 549 3107 sex
606 3050 987 3125 Responsoria
1006 3070 1027 3105 .·
1064 3066 1211 3123 quae
1252 3048 1479 3105 totidem
1521 3048 1706 3106 verbis
1746 3050 1812 3107 in
1863 3052 1878 3080 ‘
1905 3049 2216 3107 Communi
2263 3048 2670 3123 Apostolorum
2695 3052 2711 3077 ²
2767 3052 2954 3111 locun

448 3128 662 3185 habent
685 3128 839 3205 (Vol.
872 3128 935 3185 ii.
964 3126 1061 3187 col.
1094 3142 1149 3200 3,
1178 3124 1257 3205 4).
1329 3126 1584 3202 Insuper
1607 3133 1796 3185 autem
1822 3128 1900 3186 R.
1932 3128 2070 3186 haec
2092 3127 2214 3185 tria
2239 3126 2411 3185 addit
2431 3146 2578 3202 quae
2601 3138 2954 3205 sequuntur,

447 3208 663 3280 saliat,

449 3385 833 3460 Responsoria
882 3383 953 3441 de
992 3381 1255 3459 apostole}
1300 3384 1365 3441 in
1404 3388 1646 3457 tempore

435 3464 721 3541 paschali.
767 3462 1038 3521 Primum
1059 3462 1161 3520 Re.
1192 3459 1458 3520 Virtute¹
1482 3480 1641 3537 mag-

449 3562 529 3602 na
559 3540 891 3600 reddebant
929 3538 1199 3629 apostoli.
1282 3538 1642 3599 Testimoni-

448 3640 551 3680 um
577 3616 1015 3679 resurrectioms
1042 3616 1270 3677 domini
1298 3617 1481 3677 nostri
1500 3620 1646 3694 Jesu

450 3698 671 3761 Christi
717 3694 951 3756 alleluia
976 3695 1224 3756 alleluia.
1310 3698 1363 3773 Ῡ
1404 3696 1646 3771 Repleti

450 3776 693 3855 quidem
746 3774 951 3865 spiritu
992 3786 1199 3834 sancto
1252 3774 1647 3850 loquebantur

450 3877 586 3917 cum
616 3856 849 3916 fiducia.
888 3852 1338 3913 Testimonium.
1370 3855 1432 3929 ᾔ.
1466 3855 1638 3931 Res-p.

451 3937 629 3996 Ibant
640 3934 667 3971 ²
684 3934 1009 4012 gaudentes
1026 3944 1400 4009 aconspectu
1413 3931 1644 3992 consilii

449 4012 733 4093 quoniam
760 4010 922 4090 digni
950 4011 1135 4072 habiti
1160 4022 1298 4071 sunt
1325 4029 1432 4090 pro
1453 4009 1645 4071 nomi-

448 4113 527 4155 ne
553 4095 698 4170 Jesu
727 4090 1145 4152 contumeliam
1184 4089 1309 4168 pati
1338 4092 1485 4164 all’a,
1513 4091 1648 4149 all'a

551 4224 565 4255 ¹
603 4220 683 4272 Cf.
722 4236 870 4285 supra
892 4218 1038 4285 i.415
1062 4227 1113 4271 et
1136 4218 1187 4270 ii.
1207 4218 1321 4269 266.

546 4288 568 4319 ²
601 4286 686 4338 Cf.
720 4286 770 4337 ii.
810 4284 923 4347 267.

1741 3382 1888 3440 all’a.
1974 3382 2027 3457 Ϋ
2069 3384 2254 3443 Erant
2277 3383 2604 3459 gaudentes
2630 3396 2698 3445 et
2724 3388 2954 3449 alacres

1743 3459 1998 3538 apostoli
2027 3461 2259 3523 domini
2283 3460 2497 3538 gratias
2538 3476 2794 3541 agentes
2838 3469 2953 3527 deo

1748 3554 1808 3599 et
1865 3538 2034 3616 patri.
2156 3540 2596 3602 Testimonium
2669 3540 2724 3622 [Ρ
2741 3542 2952 3635 Ibant]

1745 3620 1836 3694 iij.
1859 3620 2031 3695 Resp.
2076 3618 2338 3680 Candidi
2351 3618 2377 3656 ⁸
2395 3619 2533 3681 facti
2553 3633 2696 3681 sunt
2716 3642 2954 3684 nazarei

1747 3700 1876 3773 ejus
1903 3696 2138 3757 alleluia
2165 3699 2542 3775 splendorem
2591 3701 2716 3760 deo
2764 3703 2952 3763 dede-

1745 3788 1897 3835 runt.
1983 3778 2062 3836 Et
2115 3776 2267 3836 sicut
2318 3778 2412 3837 lac
2465 3780 2770 3856 coagulati
2817 3792 2952 3841 sunt

1743 3856 1875 3914 all’a
1919 3855 2068 3914 all'a.
2172 3857 2223 3931 7
2294 3858 2368 3914 In
2421 3874 2666 3916 omnem
2735 3870 2950 3919 terram

1745 3932 1924 3993 exivit
1951 3952 2131 3993 sonus
2159 3952 2364 3993 eorum
2405 3946 2465 3995 et
2505 3934 2569 3994 in
2609 3936 2764 3999 fines
2793 3938 2950 4001 orbis

1747 4022 1896 4073 terre
1921 4013 2100 4073 verba
2127 4030 2347 4073 eorum.
2434 4016 2528 4074 Et.

1841 4220 1862 4250 ⁸
1896 4218 1974 4270 Cf.
2015 4236 2166 4285 supra
2188 4220 2220 4270 i.
2259 4232 2358 4285 433
2382 4220 2513 4273 etii.
2548 4222 2664 4275 268.

2973 4677 3063 4893 l
