3117 4959
318 257 375 312 S.
412 256 660 312 PRJMI
689 256 814 311 ET
842 255 1295 311 FELICIANI.
1370 257 1431 311 S.
1484 257 1894 312 BARNABE
1940 257 2367 316 APOSTOLJ.

620 364 771 420 807

126 471 407 534 dabantur
472 481 719 551 verpere
791 469 979 548 infra
1038 479 1297 532 octavas

125 559 301 620 etiam
344 558 411 618 in
457 559 566 620 die
603 557 905 620 sabbati:
950 558 1087 619 nisi
1125 558 1302 640 quod

128 645 211 708 ibi
244 645 543 708 dicuntur
584 665 797 707 omnes
839 645 1185 724 antiphone
1216 646 1296 708 de

124 733 403 794 laudibus
444 742 634 813 super
670 732 962 813 psalmos
997 732 1291 813 feriales.

124 820 197 883 In
216 819 479 901 primi-5¹
512 840 662 883 vero
690 820 966 901 vesperis
992 821 1101 882 die
1127 837 1291 882 octa-

125 928 191 969 vo
208 907 498 969 dicantur
514 917 707 988 super
709 908 1001 988 psalmos
1016 909 1293 989 feriales

132 995 447 1077 antiphone
474 995 709 1059 Claudi
736 996 893 1058 recti
913 1015 1055 1057 cum
1074 997 1293 1059 ceteris·

122 1082 503 1163 sequentibus.
557 1083 703 1163 Cap.
770 1082 945 1145 Ecce
964 1084 1289 1146 sacerdos,

122 1170 297 1248 Hym.
387 1171 521 1232 Iste
553 1170 906 1233 confessor.
998 1179 1061 1233 et
1085 1180 1291 1233 cetera

120 1259 203 1319 ad
234 1267 557 1338 utrasque.
578 1269 871 1342 vesperas
899 1267 1123 1338 preter
1160 1259 1291 1321 Re—

120 1346 487 1425 sponsorium
517 1345 691 1408 sicut
716 1345 787 1408 in
816 1345 937 1408 die.

126 1437 180 1510 (s
224 1432 599 1496 Sanctorum
664 1443 1031 1513 martyrum
1076 1434 1294 1513 primi

122 1529 177 1580 et
186 1519 485 1598 feliciani.
991 1520 1209 1583 Lectio
1218 1522 1280 1602 j.

122 1609 391 1740 Sancti
422 1609 627 1690 igitur
672 1617 995 1689 martyres
1044 1607 1289 1672 Christi

226 1696 461 1776 primus
502 1705 571 1758 et
604 1694 947 1758 felicianus
989 1715 1291 1776 compre-

124 1781 285 1844 hensi
313 1793 459 1845 sunt
507 1803 548 1845 a
598 1783 959 1846 militibus:
1006 1793 1075 1845 et
1105 1785 1287 1846 ducti

125 1871 194 1930 ad
235 1871 657 1951 imperatores
702 1869 1191 1933 dioclitianum²
1220 1881 1289 1933 et

126 1959 597 2021 maximianum.
694 1958 797 2019 Illi
824 1967 1049 2021 autem
1075 1958 1289 2036 jusse—

127 2055 251 2106 runt
296 2065 405 2107 eos
436 2044 611 2108 ferro
658 2047 913 2108 vinctos
960 2046 1026 2107 in
1073 2065 1289 2109 carce-

126 2151 237 2192 rem
266 2133 545 2197 recludi:
594 2132 709 2194 ubi
752 2133 845 2196 eis
892 2153 1055 2196 mox
1101 2134 1289 2196 affuit

127 2219 365 2299 angelus
422 2221 572 2283 dei:
630 2229 698 2283 et
746 2220 1032 2283 absolvit
1080 2241 1195 2284 eos
1248 2242 1289 2284 a

125 2306 365 2370 vinculis
407 2309 653 2389 quibus
698 2309 1033 2371 constricti
1082 2317 1286 2371 erant.

128 2393 259 2457 Post
314 2394 567 2477 aliquos
648 2395 789 2458 dies
861 2396 1288 2476 imperatores

122 2480 419 2560 jusserunt
448 2504 567 2547 eos
590 2483 867 2546 extendi
896 2505 911 2548 :
957 2483 1064 2546 et³
1087 2484 1288 2565 virgis

129 2570 408 2634 mactari:
462 2578 667 2652 atque
732 2572 990 2634 vinctos
1048 2572 1285 2633 iterum

129 2654 472 2720 incarcerari
496 2680 510 2722 :
558 2659 786 2739 ibique
805 2658 892 2720 ab
914 2658 1155 2740 angelo
1177 2659 1285 2736 dei

128 2746 386 2822 quotidie
415 2755 573 2809 sunt
608 2745 975 2809 confortati.
1041 2746 1183 2809 Lec.
1218 2746 1285 2828 ij.

126 2834 348 2958 Post
399 2834 691 2898 multum
751 2852 906 2896 vero
966 2835 1285 2915 temporis

252 2939 461 3000 preses
515 2929 862 3003 promotus
916 2920 1111 3001 jussit
1170 2941 1286 2984 eos

129 3004 197 3066 ab
215 3007 511 3072 invicem⁴
540 3009 872 3090 separari:
904 3019 971 3070 et
1000 3008 1174 3071 dixit
1198 3009 1283 3071 ad

126 3103 387 3158 sanctum
473 3096 873 3159 felicianum.
998 3097 1285 3160 Consule

126 3184 406 3246 senectuti
454 3193 615 3246 tue:
680 3193 749 3246 et
796 3184 1091 3247 sacrifica
1137 3185 1281 3247 diis.

124 3265 336 3332 Beatus
402 3272 746 3336 felicianus
820 3272 1046 3334 dixit:
1127 3282 1285 3334 sunt

124 3357 252 3417 anni
320 3360 589 3440 triginta
626 3379 641 3421 :
732 3360 912 3440 quod
1001 3359 1282 3441 cognovi

125 3444 429 3509 veritatem
468 3448 576 3510 dei
610 3467 624 3509 :
670 3448 783 3526 qui
816 3468 925 3511 me
956 3448 1041 3509 de
1074 3448 1285 3510 mani-

127 3526 230 3592 bus
298 3541 403 3596 tue
476 3534 889 3598 crudelitatis
964 3534 1282 3598 liberavit.

128 3615 393 3684 Audiens
428 3623 554 3686 hec
601 3642 861 3703 preses:
903 3622 1099 3702 jussit
1130 3643 1283 3685 eum

128 3703 447 3782 plumbatis
520 3730 750 3772 cesum
826 3710 913 3772 ad
988 3711 1282 3790 stipitem

128 3789 325 3871 ligari:
385 3808 587 3878 atque
648 3798 713 3860 in
778 3798 1081 3860 manibus
1141 3799 1287 3878 ejus

128 3897 191 3941 ac
241 3883 504 3962 pedibus
559 3882 782 3948 clavos
841 3895 1073 3948 acutos
1125 3884 1283 3966 figi:

128 3965 319 4050 sicque
348 3972 411 4034 in
441 3973 555 4036 illo
602 3972 783 4053 ligno
832 3993 949 4056 per
996 3973 1283 4035 triduum

128 4050 277 4118 fixus
332 4062 613 4123 mansit:
678 4080 810 4123 non
874 4060 1285 4123 manducans

130 4157 312 4225 neque
341 4147 583 4211 bibenS.
935 4147 1152 4211 Lectio
1188 4148 1285 4229 iij.

390 4325 403 4354 ¹
439 4326 729 4389 Imprimis:
762 4325 825 4376 R.

388 4392 406 4419 ⁸
443 4391 671 4442 ‘et'om.
704 4411 717 4442 z
756 4392 890 4441 RN.

1911 366 2070 422 308

1397 472 1660 602 Post
1691 470 1814 534 hec
1841 469 2038 551 jussit
2070 491 2293 553 preses
2325 470 2598 534 beatum

1552 559 1840 640 primum
1890 560 2015 621 sibi
2071 559 2478 639 presentari:
2532 567 2601 620 et

1398 648 1691 728 precepit
1747 647 1812 708 in
1874 666 1987 709 ore
2045 647 2190 728 ejus
2249 645 2598 728 plumbum

1399 732 1658 796 buliens
1690 733 1876 796 fundi
1922 744 2230 816 presente
2275 732 2598 795 feliciano,

1399 822 1646 884 Beatus
1676 841 1832 884 vero
1864 823 2114 903 primus
2138 821 2324 902 quasi
2353 841 2596 901 aquam

1396 907 1889 989 frigidissimam
1952 918 2169 972 totum
2245 907 2595 989 plumbum

1396 996 1580 1060 bibit.
1659 997 1851 1061 Tunc
1875 1015 2095 1076 preses
2121 997 2318 1077 jussit
2349 996 2596 1058 dimitti

1397 1085 1481 1146 ad
1532 1104 1648 1146 eos
1703 1084 1871 1147 duos
1925 1084 2166 1147 leones,
2259 1082 2391 1164 Qui
2443 1103 2594 1146 cum

1396 1171 1649 1234 dimissi
1683 1170 1997 1234 fuissent:
2043 1171 2129 1234 ad
2173 1172 2378 1253 pedes
2407 1191 2597 1233 sanc-

1396 1267 1614 1322 torum
1647 1280 1719 1322 se
1749 1259 2010 1322 volvere
2056 1268 2388 1341 ceperunt.
2478 1259 2595 1321 Vi-

1394 1347 1561 1408 dens
1622 1357 1848 1410 autem
1925 1366 2149 1428 preses
2217 1347 2397 1428 quod
2460 1365 2593 1408 non

1396 1444 1621 1516 posset
1683 1455 1796 1496 eos
1870 1453 2232 1515 superare:
2309 1441 2378 1496 et
2436 1435 2595 1515 quia

1396 1521 1590 1584 multi
1629 1520 2049 1585 crediderunt
2079 1541 2200 1603 per
2227 1541 2342 1584 eos
2373 1521 2439 1582 in
2472 1522 2594 1583 do-

1394 1611 1578 1671 mino
1638 1609 1797 1690 Jesu
1860 1608 2176 1672 Christo:
2239 1607 2592 1689 plusquam

1395 1696 1576 1759 mille
1624 1697 1970 1778 quingenti
2016 1697 2134 1758 viri
2180 1715 2332 1758 cum
2379 1697 2590 1758 omni-

1393 1784 1517 1846 bus
1581 1785 1755 1847 suis:
1804 1784 2000 1864 jussit
2061 1803 2175 1846 eos
2237 1781 2590 1864 capitalem

1392 1873 1614 1934 subire
1644 1872 2060 1934 sententiam.
2155 1872 2278 1934 Per
2307 1889 2590 1952 quorum

1394 1960 1631 2022 merita
1689 1959 1774 2022 ad
1839 1961 2056 2040 ipsum
2129 1958 2591 2040 perveniamus

1394 2048 1505 2127 qui
1582 2048 1744 2110 vivit
1803 2055 1871 2109 et
1931 2055 2164 2128 regnat
2224 2047 2290 2108 in
2353 2045 2591 2110 secula.

1399 2133 1618 2198 Cetera
1663 2135 1744 2197 de
1791 2134 2115 2196 communi
2148 2132 2589 2214 plurimorum

1392 2233 1776 2302 martyrum.
1889 2221 2178 2284 Secundo
2235 2221 2342 2283 die
2401 2221 2588 2301 infra

1392 2319 1650 2371 octavas
1723 2309 1933 2372 sancti
2015 2308 2289 2372 wilelmi
2313 2308 2338 2345 ⁵
2413 2309 2588 2370 lectio

1393 2396 1665 2459 Mortuo
1726 2398 1924 2478 igitur
1997 2405 2228 2459 sancto
2301 2394 2587 2458 wilelmo

1391 2504 1580 2564 quere
1599 2485 1668 2546 in
1690 2484 2276 2546 commemoratione
2289 2482 2582 2566 q‘usdem.

1403 2572 1616 2634 Tertio
1644 2571 1751 2635 die
1779 2573 1966 2653 infra
1999 2581 2256 2634 octavas
2298 2570 2587 2634 Adoles-

1389 2660 1654 2722 centula
1700 2661 1899 2740 igitur
1950 2659 2238 2741 quedam
2287 2678 2472 2739 quere
2515 2661 2586 2720 in

1387 2747 1975 2810 commemoratione
1999 2745 2291 2828 ejusdem.

1392 2838 1456 2911 π
1521 2835 1756 2898 Sancti
1828 2834 2106 2896 barnabe
2160 2831 2429 2914 apostoli
2498 2831 2594 2893 ad

1389 2932 1680 3002 vesperas
1707 2921 1772 2983 si
1797 2931 1978 2983 extra
2023 2929 2281 2982 octavas
2314 2919 2589 3001 corporis

1394 3009 1649 3076 Christi
1687 3007 2022 3089 contigerit
2040 3029 2064 3069 .·
2108 3017 2171 3070 et
2195 3008 2292 3090 fit
2315 3007 2396 3069 de
2421 3015 2586 3068 octa-

1387 3099 1493 3160 vis
1519 3096 1734 3159 sancti
1760 3096 2048 3158 wilelmi.
2123 3097 2254 3158 Aa.
2345 3093 2584 3157 Claudi

1388 3186 1568 3248 recti.
1701 3205 1844 3246 cum
1926 3181 2327 3263 sequentibus
2397 3191 2591 3262 super

1372 3271 1668 3353 psalmos
1683 3272 1972 3351 feriales.
2339 3269 2592 3342 Oratio.

1387 3361 1840 3491 Ecclesiam
1909 3368 2094 3421 tuam
2172 3356 2441 3420 domine
2518 3358 2584 3418 in

1536 3447 1717 3511 omni
1791 3447 2226 3529 prosperitate
2285 3445 2584 3507 custodi:

1388 3544 1457 3598 et
1532 3537 1708 3598 beati
1787 3534 2080 3598 barnabe
2142 3534 2424 3615 apostoli
2486 3533 2582 3595 tui

1390 3622 1729 3686 suffultam
1792 3623 2218 3705 patrociniis:
2286 3621 2584 3702 supernis

1389 3712 1662 3792 dignam
1709 3711 1954 3773 exhibe
1993 3710 2251 3792 gaudiis
2300 3729 2420 3790 per
2465 3709 2585 3768 do-

1390 3800 1660 3861 minum.
2298 3795 2511 3858 Lectio
2520 3795 2581 3876 j.

1387 3886 1884 4018 Redemptor
1929 3894 1997 3948 et
2041 3885 2331 3947 salvator
2361 3893 2586 3945 noster

1533 3975 1842 4037 dominus
1886 3973 2079 4054 Jesus
2124 3970 2424 4035 Christus
2470 3989 2586 4030 an-

1387 4070 1660 4143 tequam
1703 4061 1787 4123 de
1835 4061 2099 4123 interitu
2147 4057 2424 4120 sathane
2471 4057 2586 4118 tri-

1388 4149 1720 4232 umphans
1811 4149 2021 4211 victor
2113 4155 2181 4208 et
2272 4143 2586 4207 exultans

1204 4328 1225 4359 ²
1256 4325 1652 4376 dioclecianum:
1689 4325 1814 4375 R.S.
1887 4322 2274 4374 diocletianum:
2311 4320 2376 4370 N.

1330 4396 1349 4426 ⁴
1380 4393 1661 4444 abinvicem
1687 4411 1699 4442 :
1737 4391 1796 4441 R.

2032 4393 2051 4422 ⁸
2085 4389 2318 4438 willemi:
2354 4387 2424 4438 N.
