3117 4959
1167 260 1233 316 S.
1280 258 1732 313 LAMBERTI
1771 255 2173 312 EPISCOPI.

935 367 1093 422 565

411 475 701 542 oratione
724 473 825 538 ad
842 474 1053 538 horas.
1119 473 1347 556 hesta
1376 493 1616 553 quesu-

416 585 565 628 mus
594 563 865 628 domine
896 561 1221 644 precibus,

401 651 486 731 '([
537 650 772 715 Sancti
848 650 1155 713 lamberti
1222 647 1490 730 episcopi
1554 656 1622 710 et

416 741 751 820 martyris.
1328 735 1542 800 Lectio
1552 736 1616 818 j.

428 827 825 964 Gloriosus
859 825 1059 906 igitur
1080 845 1201 888 rex
1224 823 1616 888 childericus

550 914 997 978 venerandum
1056 914 1271 975 virum
1333 911 1620 974 lamber-

419 1013 565 1066 tum
608 1001 881 1066 ecclesie
926 999 1341 1082 trajectensis
1372 999 1618 1062 consti-

420 1091 550 1154 tuit
610 1091 1013 1172 episcopum.
1152 1088 1433 1169 Cunque
1494 1107 1618 1150 rex

422 1178 754 1260 predictus
786 1179 873 1240 ab
904 1176 1124 1258 impiis
1155 1175 1385 1239 fuisset
1418 1176 1618 1238 inter-

422 1265 673 1328 fectus:
750 1275 1018 1328 sanctus
1096 1263 1458 1327 lambertus
1533 1262 1620 1325 de

420 1354 581 1416 sede
662 1351 1021 1434 episcopali
1094 1353 1347 1433 absque
1424 1349 1621 1432 culpa

423 1440 787 1523 expulsus:
834 1453 901 1504 et
947 1440 1377 1504 faramundus
1408 1439 1475 1502 in
1510 1459 1608 1502 ca·

422 1530 660 1592 thedra
735 1529 910 1592 illius
1002 1539 1106 1594 est
1203 1528 1619 1592 constitutus

427 1616 738 1699 Expletis
800 1626 1023 1679 autem
1072 1625 1328 1698 septem
1384 1617 1624 1678 annis:

424 1706 511 1767 de
564 1705 723 1768 sede
753 1704 1155 1788 episcopali¹
1192 1703 1624 1766 faramundus

428 1801 529 1855 est
552 1793 895 1874 depositus
918 1813 933 1857 ε
964 1802 1032 1855 et
1054 1801 1321 1856 sanctus
1342 1790 1624 1854 lamber-

425 1889 533 1946 tus
578 1901 730 1943 cum
783 1900 1026 1963 magno
1075 1880 1327 1944 honore
1359 1881 1442 1942 ad
1476 1899 1626 1960 pro-

426 1969 639 2050 priam
671 1970 899 2032 sedem
950 1989 993 2032 a
1045 1969 1342 2050 principe
1396 1967 1626 2050 pipino

428 2065 531 2118 est
562 2066 924 2121 revocatus,
1314 2055 1526 2119 Lectio
1557 2055 1629 2135 ij.

442 2145 683 2278 Cum
745 2163 903 2225 ergo
973 2143 1285 2206 dominus
1357 2151 1630 2224 propter

570 2251 770 2312 opera
822 2251 943 2294 sua
1002 2241 1234 2294 sancto
1303 2230 1630 2293 lamberto

430 2319 703 2402 dignam
780 2319 1085 2382 redderet
1180 2319 1553 2381 mercedem
1615 2339 1630 2382 :

432 2411 924 2470 insurrexerunt
948 2409 1084 2471 duo
1116 2406 1385 2488 pessimi
1417 2406 1630 2469 homi-

433 2515 550 2558 nes
581 2495 892 2558 adversus
912 2515 1097 2560 eum:
1129 2515 1433 2578 quosque
1464 2514 1628 2577 pon-

431 2583 627 2648 tificis
659 2584 851 2647 amici
883 2583 1367 2648 interfecerunt.
1450 2582 1628 2646 Cun-

432 2691 564 2755 que
594 2672 773 2734 dodo
802 2673 917 2754 qui
971 2682 1114 2738 erat
1150 2672 1405 2754 pippini
1449 2671 1627 2751 prin-

432 2761 597 2843 cipis
628 2761 1033 2824 domesticus
1073 2761 1365 2826 audisset
1398 2777 1630 2821 necem

436 2849 895 2932 proximorum
956 2869 1223 2914 suorum
1270 2869 1285 2914 :
1358 2845 1633 2927 collegit

436 2938 931 3002 multitudinem
986 2937 1488 3000 fortissimorum
1538 2934 1634 2996 vi-

436 3045 699 3089 rorum:
747 3025 833 3088 ad
888 3023 1413 3089 interficiendum
1476 3023 1633 3085 bea-

437 3121 583 3176 tum
628 3114 1030 3195 episcopum.
1122 3113 1292 3177 Cum
1325 3131 1486 3193 ergo
1517 3112 1636 3173 ad-

438 3202 772 3266 venissent
786 3201 897 3266 ubi
918 3202 1265 3283 episcopus
1285 3201 1634 3265 manebat:

440 3289 739 3352 nonnulli
777 3290 861 3351 de
910 3291 1053 3370 ipso
1106 3291 1405 3352 exercitu
1450 3289 1634 3350 vide-

441 3386 592 3440 runt
642 3387 869 3441 sancte
900 3377 1111 3439 crucis
1141 3377 1405 3457 signum
1438 3395 1638 3458 super

440 3466 715 3529 domum
748 3465 857 3527 ubi
888 3465 1237 3546 episcopus
1284 3465 1597 3530 manebat
1624 3485 1637 3527 :

443 3562 715 3634 eratque
808 3551 1041 3615 clarior
1136 3555 1273 3616 auri
1366 3552 1638 3617 metallo

443 3640 753 3721 fulgente.
1294 3642 1508 3706 Lectio
1539 3641 1638 3723 iij.

338 3785 341 3788 ,
441 3729 789 3864 Ingressi
808 3738 965 3792 sunt
988 3751 1145 3812 ergo
1165 3729 1500 3793 carnifices
1519 3731 1640 3793 do-

534 3837 716 3881 mum
736 3819 1057 3900 episcopi:
1087 3828 1155 3882 et
1174 3818 1642 3882 interfecerunt

444 3927 676 3970 omnes
726 3927 896 3988 quos
944 3909 1349 3971 invenerunt.
1446 3907 1640 3970 Unus

446 4007 671 4060 autem
690 4017 781 4058 ex
803 3996 961 4078 ipsis
982 3995 1217 4058 feriens
1235 3994 1457 4076 jacula
1476 3995 1500 4031 ²
1530 4015 1642 4057 su·-

446 4105 563 4167 per
593 4093 843 4148 tectum
876 4084 1195 4149 cubiculi:
1229 4085 1339 4146 ubi
1372 4093 1642 4146 sanctus

448 4174 811 4236 lambertus
858 4173 1131 4237 orabat:
1201 4174 1267 4234 in
1330 4173 1462 4235 ictu
1524 4170 1642 4234 teli

438 4260 759 4343 jaculavit
784 4282 934 4324 eum
952 4283 965 4325 :
987 4261 1233 4343 quique
1253 4260 1429 4324 bono
1447 4279 1641 4324 cursu

552 4439 565 4468 ι
606 4435 928 4501 ‘ipse‘add2
962 4437 1121 4486 W.N.

1393 4439 1413 4467 ²
1439 4435 1608 4502 jaculo
1634 4455 1644 4485 :
1679 4435 1746 4485 N.

2225 363 2386 418 366

1717 480 2187 535 consummato
2249 469 2542 533 reddidit
2601 467 2933 550 spiritum.

1721 560 1883 623 Post
1935 558 2058 623 hec
2109 578 2270 622 vero
2318 557 2492 620 infra
2543 557 2934 620 cubiculum

1717 648 1832 711 ubi
1893 655 2166 711 sanctus
2229 647 2586 728 episcopus
2667 645 2934 708 felicem

1717 734 1893 798 fudit
1965 754 2328 798 cruorem:
2406 733 2775 796 luminaria
2847 753 2939 794 ex

1717 823 1941 887 divina
1973 842 2254 886 accensa
2281 822 2590 904 potentia
2637 820 2942 902 resplen-

1716 911 1972 974 debant
2046 910 2285 974 clarius
2318 931 2340 974 ε
2415 911 2511 973 ita
2573 918 2654 971 ut
2717 909 2940 971 omnis

1716 1000 1960 1063 domus
2050 999 2164 1062 illa
2238 1007 2384 1061 tota
2472 996 2940 1078 resplenderet

1715 1088 1908 1168 quasi
1959 1087 2182 1150 radius
2235 1086 2446 1149 solis:
2506 1086 2598 1148 ad
2660 1084 2942 1146 laudem

1719 1175 1927 1256 ipsius
1986 1175 2240 1238 sancti:
2315 1183 2385 1236 et
2445 1173 2716 1237 domini
2783 1172 2940 1254 Jesu

1723 1263 2018 1328 Christi:
2062 1261 2177 1345 qui
2226 1262 2392 1324 vivit
2441 1271 2514 1324 et
2565 1269 2826 1342 regnat
2875 1262 2938 1322 in

1719 1351 1943 1414 secula
2019 1350 2406 1415 seculorum.
2553 1349 2796 1414 Cetera
2869 1348 2942 1410 de

1720 1438 2050 1501 communi
2087 1439 2286 1501 unius
2325 1437 2670 1516 martyris.

1725 1532 1789 1604 ff
1820 1527 1867 1588 I
1863 1549 1906 1590 n
1930 1526 2170 1608 vigilia
2188 1527 2406 1588 sancti
2427 1524 2712 1586 matthei
2715 1525 2745 1562 ²
2761 1533 2940 1605 apos-

1727 1614 1848 1678 toli
1871 1625 1935 1677 et
1961 1615 2364 1695 evangeliste.

1815 1703 2153 1765 Matutine
2201 1711 2265 1764 et
2305 1700 2459 1776 hore
2499 1699 2834 1762 dicantur
2871 1699 2948 1761 de

1707 1791 1918 1872 feria.

1729 1884 1793 1957 ([
1839 1879 1926 1942 In
1957 1877 2196 1960 vigilia
2222 1878 2436 1939 sancti
2462 1875 2768 1939 matthei.

1813 1967 1938 2031 Aa'
1961 1977 2252 2048 vesperas
2280 1973 2388 2028 an'.
2477 1965 2625 2027 Vos
2672 1965 2798 2046 qui
2849 1985 2946 2026 re-

1727 2055 2029 2136 liquistis,
2105 2063 2168 2116 et
2195 2063 2389 2116 cetere
2413 2053 2770 2134 antiphone
2795 2073 2944 2114 cun:

1713 2143 1997 2225 psalmis
2012 2141 2373 2222 ferialibus
2385 2150 2614 2222 preter
2633 2140 2946 2222 quintam

1727 2230 2150 2312 antiphonam
2173 2252 2198 2291 .·
2225 2249 2346 2309 que
2369 2229 2512 2290 erit.
2577 2229 2764 2291 Ecce
2798 2231 2950 2309 eg‘o.

1735 2318 1884 2401 Cap.
1935 2317 2326 2398 Unicuique.
2413 2316 2528 2378 Re.
2577 2316 2952 2398 Quattuor.

1729 2408 1928 2538 M
1931 2405 2160 2469 atthee
2191 2413 2422 2467 sancte
2447 2404 2551 2466 bi-
2577 2403 2952 2486 [Hymnus.

1931 2512 2019 2556 no
2050 2492 2306 2574 pollens
2341 2511 2658 2556 munere:
2689 2493 2954 2556 sedulis

1727 2583 1960 2664 Jesum
2015 2581 2366 2662 interpella
2415 2582 2824 2662 questibuse
2871 2592 2951 2644 ut

1731 2691 1852 2732 nos
1907 2671 1974 2732 in
2037 2669 2270 2732 mundi
2321 2669 2652 2751 gubernet
2729 2669 2954 2733 turbi-

1731 2759 1978 2822 nibus:
2041 2778 2127 2820 ne
2191 2767 2344 2839 post
2391 2767 2660 2820 eternus
2705 2759 2958 2820 sorbe-

1732 2857 1801 2910 at
1866 2847 2190 2909 interituS.
2309 2844 2626 2924 Hymnus
2685 2845 2960 2908 Annue

1734 2935 2014 2999 Christe.
2106 2952 2154 3019 γ
2203 2933 2279 2995 In
2335 2953 2608 2995 omnem
2671 2943 2958 2997 terram.

1732 3024 1817 3086 In
1875 3043 2134 3104 evange.
2183 3031 2290 3084 ati.
2386 3021 2565 3085 Ecce
2613 3043 2765 3103 eg0.
2850 3031 2960 3105 pf.

1737 3110 2149 3192 Magnificat.
2690 3109 2960 3174 Oratio.

1735 3201 1931 3332 Da
1979 3200 2170 3263 nobis
2220 3218 2584 3282 quesumus
2635 3199 2962 3281 omnipo-

1894 3297 2038 3350 tens
2081 3289 2285 3351 deus:
2333 3298 2407 3351 ut
2455 3288 2636 3350 beati
2689 3288 2958 3350 mathei

1734 3375 2020 3456 apostoli
2042 3376 2138 3439 tui
2165 3386 2234 3439 et
2252 3375 2666 3456 evangeliste
2689 3397 2706 3438 :
2737 3395 2956 3458 quam

1737 3465 2154 3546 prevenimus
2215 3465 2597 3526 veneranda
2651 3463 2956 3526 solenni-

1735 3563 1839 3616 tas
1869 3573 1884 3617 :
1915 3562 1984 3614 et
2012 3552 2437 3615 devotionem
2471 3551 2666 3613 nobis
2699 3561 2958 3634 augeat

1737 3651 1804 3704 et
1853 3640 2136 3703 salutem
2186 3661 2304 3721 per
2363 3640 2738 3702 dominum.
2835 3639 2964 3702 Ad

1740 3737 1942 3792 matu.
2033 3729 2338 3790 Invitato.
2437 3727 2703 3808 Regem
2745 3747 2960 3791 evan-

1739 3817 2147 3899 gelistarum.
2243 3815 2466 3880 Cetera
2510 3816 2592 3878 de
2617 3814 2964 3879 communi

1740 3905 1939 3969 unius
1965 3903 2370 3986 evangeliste.
2655 3903 2955 3986 Loetioj.

1752 3993 2154 4129 Gloriosus
2183 3991 2527 4074 apostolus
2559 4001 2628 4054 et
2661 4012 2955 4076 evange-

1874 4083 2028 4145 lista
2083 4081 2330 4145 Christi
2389 4079 2736 4144 mattheus
2801 4093 2954 4164 post

1741 4171 2197 4234 ascensionem
2295 4168 2552 4232 domini
2649 4171 2954 4252 pervenit

1742 4259 2131 4342 ethiopiam.
2256 4257 2608 4339 Erantque
2669 4260 2760 4322 ibi
2819 4261 2948 4322 duo

2083 4437 2104 4468 ⁸
2141 4433 2369 4491 ‘Mathei
2391 4433 2404 4454 '
2429 4433 2624 4499 passim
2651 4453 2667 4488 z
2693 4435 2822 4486 RS.

3014 4509 3064 4926 4
