3117 4959
853 281 915 336 S.
972 277 1460 338 CUTHBERTI
1503 278 1902 336 EPISCOPI.

653 385 788 443 331

141 491 520 558 sanctissimi
569 494 772 575 patris
819 494 1149 558 cuthberti
1192 494 1320 558 sra-

107 593 264 655 ,tres
322 581 678 644 charissimi
754 581 1320 646 lindisfarnensis¹

149 670 506 732 monasterii
537 668 955 751 sepulchrum
988 671 1130 751 ejus
1163 691 1320 752 ape-

149 759 374 820 rientes
427 758 816 821 invenerunt
884 779 1123 841 corpus
1177 759 1320 840 ejus

148 845 317 926 quasi
361 845 576 909 adhuc
634 846 882 908 viveret
935 846 1268 929 integrum
1305 869 1319 911 ε

149 933 339 994 multo
391 933 743 996 dormienti
793 955 996 1016 quam
1058 943 1321 998 mortuo

144 1020 436 1084 similius-z
483 1022 602 1085 sed
635 1031 706 1084 et
733 1023 1130 1085 vestimenta
1173 1022 1321 1104 qui-

145 1109 254 1171 bus
281 1109 578 1172 indutum
613 1129 850 1191 corpus
879 1119 1060 1174 erat:
1104 1111 1319 1192 prisca

145 1197 414 1259 novitate
461 1196 890 1279 apparebant.
983 1196 1183 1279 Quod
1225 1199 1320 1261 vi-

144 1285 357 1347 dentes
401 1283 674 1349 fratres:
723 1285 1110 1348 festinantes
1142 1294 1320 1349 retu-

145 1372 338 1434 lerunt
367 1372 650 1436 antistiti
683 1393 804 1435 suo
836 1374 1157 1436 eadberto
1189 1393 1318 1455 que

145 1461 505 1523 invenerant
539 1471 610 1524 et
639 1461 958 1524 viderant.
1047 1461 1318 1524 Attule-

145 1557 278 1610 runt
308 1569 575 1630 quoque
627 1550 689 1611 ei
738 1557 806 1612 et
837 1557 1094 1630 partem
1127 1549 1320 1613 indu-

145 1645 492 1700 mentorum
518 1657 533 1701 :
585 1657 714 1718 que
746 1657 984 1718 corpus
1011 1646 1318 1700 sanctum

141 1724 505 1788 ambierant.
1000 1724 1218 1788 Lectio
1247 1725 1318 1806 ij.

141 1813 230 1942 l
237 1831 348 1892 pse
395 1821 623 1875 autem
678 1812 960 1877 dilectus
1002 1813 1130 1876 deo
1161 1814 1318 1875 ead-

237 1900 451 1963 bertus
481 1900 764 1963 antistes
811 1900 1141 1964 cuthberti
1175 1921 1319 1963 suc-

142 2007 371 2051 cessor:
417 1989 634 2051 sancti
695 1989 900 2070 patris
960 1989 1319 2051 vestimen-

141 2083 337 2137 torum
384 2096 662 2138 munera
705 2085 1045 2158 gratanter
1076 2077 1320 2158 accipi-

143 2182 282 2227 ens:
326 2174 394 2226 et
439 2164 758 2228 miracula
806 2163 1086 2226 libenter
1135 2165 1320 2228 audi-

143 2271 278 2314 ens:
322 2251 463 2333 ipsa
508 2252 904 2316 indumenta
934 2253 1101 2314 miro
1133 2273 1322 2316 oscu-

142 2338 379 2402 labatur
407 2339 673 2403 affectu.
751 2341 1077 2422 Dixitque
1109 2339 1323 2403 fratri-

143 2426 290 2491 bus:
333 2427 474 2490 Vos
507 2447 670 2509 ergo
711 2448 885 2491 nova
932 2429 1322 2491 indumenta

142 2525 352 2578 sancto
401 2517 664 2598 corpori
705 2515 1022 2578 exhibete
1067 2537 1188 2598 pro
1216 2516 1320 2579 his

139 2621 256 2683 que
299 2605 382 2667 ad
434 2623 543 2666 me
596 2604 950 2668 attulistis:
997 2613 1064 2668 et
1095 2605 1190 2667 sic
1221 2624 1321 2667 re-

145 2691 348 2769 ponite
383 2692 448 2754 in
483 2691 754 2755 archam
788 2712 988 2774 quam
1022 2693 1320 2774 parastis

144 2779 276 2908 A
288 2778 484 2859 djecit
515 2799 784 2861 quoque
802 2780 1028 2843 dicens
1053 2801 1067 2844 :
1096 2779 1199 2862 [L.
1223 2780 1319 2861 iij.

291 2867 440 2930 Scio
489 2879 719 2930 autem
767 2867 1128 2932 certissime
1165 2869 1321 2950 quia

149 2971 261 3015 non
289 2954 394 3017 diu
429 2954 802 3018 remanebit
846 2975 1094 3018 vacuus
1138 2955 1322 3019 locus

149 3039 252 3104 ille.
319 3043 408 3105 Et
437 3063 642 3124 quam
675 3044 910 3106 beatus
941 3053 1040 3106 est
1069 3065 1084 3108 ε
1117 3043 1218 3106 cui
1253 3044 1320 3106 in

147 3147 216 3190 eo
252 3129 629 3194 facultatem
678 3131 1058 3212 quiescendi
1102 3132 1319 3194 domi-

149 3235 254 3278 nus
291 3228 581 3298 prestare
627 3219 1022 3300 dignabitur.
1119 3221 1174 3282 F
1176 3241 1318 3284 ece-

147 3313 276 3366 runt
299 3316 520 3369 autem
549 3307 779 3370 fratres
806 3317 878 3369 ut
896 3307 1219 3386 jusserat:
1251 3317 1319 3371 et

147 3389 201 3452 in
223 3391 402 3457 theca
421 3414 662 3475 corpus
685 3395 1092 3458 reconditum
1120 3415 1319 3476 supra

145 3480 575 3557 pavimentum
651 3484 1006 3546 sanctuarii
1083 3503 1318 3564 posue-

146 3577 292 3630 runt.
353 3568 494 3634 Nec
520 3570 736 3633 multo
761 3579 912 3651 post
945 3571 1084 3652 ipse
1115 3571 1319 3634 dilec-

146 3661 236 3716 tus
289 3657 642 3720 eadbertus
691 3659 926 3720 morbo
979 3668 1316 3740 correptus

145 3744 359 3805 acerbo
417 3746 729 3827 migravit
789 3745 874 3808 ad
951 3745 1314 3810 dominum.

147 3826 224 3892 Et
292 3843 648 3912 posuerunt
725 3853 961 3915 corpus
1036 3833 1180 3914 ejus
1247 3834 1314 3896 in

144 3919 467 3998 sepulchro
498 3922 858 4003 supradicti
892 3921 1096 4002 patris
1127 3921 1314 3984 cuth-

145 4002 309 4069 berti.
398 4008 476 4071 In
509 4029 644 4090 quo
680 4010 881 4072 etiam
929 4008 1077 4071 loco
1123 4010 1316 4091 signa

143 4095 476 4160 sanitatum
526 4097 774 4160 meritis
819 4096 1166 4160 amborum
1215 4096 1318 4160 fu-

145 4178 252 4244 isse
271 4184 628 4247 reseruntur
647 4185 802 4267 quia
819 4185 956 4248 vita
975 4186 1316 4267 utriusque

231 4340 244 4370 ¹
275 4341 650 4394 lindiffarnensis
673 4363 685 4394 :
711 4345 774 4393 R.
816 4344 1236 4396 lindisfernensis:
1261 4346 1314 4396 S.

231 4406 250 4436 ²
279 4409 626 4460 mortalitatis:
662 4412 716 4460 S.

233 4473 252 4500 ³
285 4473 581 4540 kynegilsum
610 4496 622 4526 =
663 4478 726 4526 R.

1934 387 2091 444 582

1419 494 1548 556 deo
1601 494 1807 574 digna
1860 495 2131 558 inventa
2184 502 2327 558 est:
2368 493 2473 558 cui
2520 503 2624 558 est

1417 581 1631 644 honor
1662 592 1729 645 et
1759 581 1972 664 gloria
2005 584 2073 644 in
2104 582 2326 645 secula
2370 584 2625 646 seculo·-

1422 691 1569 732 rum
1630 689 1843 733 amen.
1932 669 2158 732 Medic
2211 669 2498 733 lectiones
2546 671 2627 734 de

1421 768 1638 820 sancto
1669 758 1896 821 birine.
2253 758 2467 821 Lectio
2498 758 2621 840 iiij.

1419 849 1755 980 Beatus
1787 844 2113 927 siquidem
2156 845 2495 908 confessor
2524 847 2621 908 bi-

1569 935 1749 996 rinus
1773 953 1955 996 rome
1975 953 2062 996 ex
2084 933 2289 996 nobili
2314 935 2625 1015 prosapia

1422 1029 1637 1084 ortus:
1660 1022 1767 1103 pie
1788 1029 1855 1084 et
1878 1021 2181 1103 religiose
2201 1021 2625 1084 moralitatis²

1422 1118 1815 1172 ornamenta
1888 1109 2224 1190 querebat.
2360 1108 2624 1172 Perlato

1422 1197 1625 1277 igitur
1672 1217 1931 1259 rumore
1979 1198 2151 1260 tanti
2193 1197 2312 1260 viri
2359 1217 2622 1260 summo

1422 1284 1719 1366 pontifici
1780 1284 2099 1348 honorio:
2162 1285 2477 1347 invitatur
2537 1286 2623 1348 ab

1393 1366 1659 1436 'eodem
1690 1393 1704 1435 :
1737 1381 1804 1435 et
1825 1374 1971 1455 jam
2005 1372 2177 1434 illius
2207 1381 2625 1454 presentatur

1422 1459 1807 1522 obtutibus:
1862 1461 1973 1542 qui
2026 1480 2177 1523 eum
2234 1460 2319 1523 ad
2373 1461 2623 1540 episco-

1424 1557 1621 1630 patus
1652 1549 1879 1611 evexit
1911 1547 2199 1611 officium
2252 1549 2577 1612 mandans
2607 1569 2622 1611 :

1425 1645 1498 1699 ut
1530 1635 1931 1700 britanniam
1978 1635 2132 1698 fidei
2172 1636 2447 1698 verbum
2479 1656 2625 1717 pre-

1423 1724 1759 1787 dicaturus
1790 1724 2017 1787 adiret.
2069 1722 2383 1804 Injuncto
2402 1725 2625 1807 itaque

1422 1831 1623 1896 opere
1684 1821 1991 1893 suscepto
2018 1833 2033 1876 :
2081 1812 2315 1876 beatus
2378 1811 2625 1875 birinus

1423 1899 1490 1962 in
1523 1899 1919 1962 britanniam
1953 1901 2283 1981 pervenit:
2328 1909 2395 1962 et
2426 1900 2627 1981 gewi-

1423 2007 1646 2051 sorum
1710 1996 1924 2050 totam
1986 1997 2227 2050 terram
2291 2007 2623 2068 paganam

1425 2075 1843 2158 ingrediens:
1890 2075 2353 2157 kynegillum⁸
2400 2095 2624 2157 regem

1425 2163 1687 2226 illorum
1718 2163 1803 2226 de
1825 2183 1999 2244 aqua
2022 2163 2309 2227 lavachri
2329 2183 2369 2226 a
2392 2173 2626 2227 sancto

1425 2271 1581 2333 rege
1655 2250 1949 2314 oswaldo
2038 2251 2435 2332 disponente
2515 2252 2623 2314 dei

1424 2340 1637 2420 gratia
1657 2347 2037 2420 susceptum
2060 2339 2143 2402 ad
2161 2338 2363 2402 fidem
2380 2338 2625 2403 Christi

1424 2428 1760 2491 convertit.
2316 2427 2535 2490 Lectio
2566 2447 2625 2491 v.

1423 2517 1858 2647 Baptisato
1891 2524 2113 2579 autem
2149 2535 2301 2597 rege
2334 2515 2629 2597 baptisa-

1569 2613 1677 2666 tur
1706 2612 1774 2666 et
1807 2603 1948 2684 ejus
1995 2603 2246 2665 familia
2294 2603 2627 2666 universa-

1424 2711 1556 2772 que
1605 2692 1961 2774 provincia.
2058 2691 2625 2772 Donaveruntque

1425 2780 1773 2842 memorati
1795 2799 1982 2859 reges
2003 2778 2201 2841 beato
2225 2778 2439 2840 birino
2472 2779 2627 2840 civi-

1424 2874 1673 2931 tatem:
1705 2886 1837 2946 que
1866 2866 2280 2929 dorcacester
2300 2865 2321 2902 ⁴
2353 2874 2628 2928 vocatur

1425 2955 1510 3018 ad
1543 2954 1960 3018 faciendum⁶
2002 2952 2161 3014 inibi
2196 2952 2421 3015 sedem
2455 2953 2625 3034 epis-

1425 3041 1747 3124 copalem.
1840 3040 2254 3106 Sublimatus
2304 3041 2504 3121 igitur
2558 3041 2625 3104 in

1424 3130 1582 3192 sede
1615 3129 1849 3192 beatus
1880 3130 2157 3192 antistes
2198 3138 2389 3210 parat
2419 3127 2628 3191 eccle-

1423 3218 1554 3280 sias
1582 3241 1595 3280 :
1628 3217 1783 3280 fana
1816 3236 1968 3279 cum
1998 3215 2413 3279 simulachris
2445 3237 2625 3280 ever-

1424 3306 1506 3368 tit
1535 3327 1549 3369 :
1628 3305 1955 3368 ordinavit
2008 3304 2279 3367 clericos
2315 3325 2330 3368 ε
2406 3305 2625 3368 vivere

1423 3393 1629 3456 verbo
1658 3393 1854 3456 docet
1887 3400 1956 3455 et
1992 3391 2324 3474 exemplo,
2418 3393 2628 3456 Dedi-

1423 3482 1589 3544 catis
1633 3501 1790 3544 vero
1839 3500 2042 3562 quam
2084 3480 2385 3562 pluribus
2417 3479 2629 3544 eccle-

1421 3570 1574 3633 siis:
1607 3568 1965 3650 multisque
1995 3569 2260 3651 populis
2292 3569 2378 3632 ad
2411 3568 2624 3632 domi-

1422 3676 1583 3719 num
1641 3657 1983 3722 advocatis
2039 3657 2329 3721 humane
2388 3677 2625 3721 conce-

1420 3745 1587 3807 dens
1637 3755 1871 3808 nature
1924 3746 2233 3826 migravit
2279 3745 2365 3807 ad
2412 3745 2627 3806 domi-

1419 3854 1506 3896 nu
1515 3854 1599 3896 m.
2290 3831 2507 3893 Lectio
2536 3832 2625 3913 ψ’.

1418 3920 1819 4054 Sepultus
1850 3940 2005 3984 vero
2052 3919 2117 3981 in
2160 3919 2429 3982 civitate
2461 3937 2625 3998 pon-

1552 4009 1844 4072 tificatus
1893 4028 2009 4088 per
2056 4006 2327 4087 longum
2360 4014 2626 4085 tempus

1423 4098 1758 4178 requievit.
1832 4097 1924 4158 Et
1956 4103 2106 4175 post
2138 4092 2383 4155 multos
2414 4112 2624 4155 annos

1421 4185 1594 4249 edde
1625 4186 2085 4267 episcopatum
2117 4189 2385 4262 regente
2408 4179 2433 4217 ⁶
2461 4203 2475 4243 :
2508 4179 2623 4261 qui

1723 4347 1743 4376 ⁴
1775 4343 2063 4392 dorcaster:
2102 4341 2243 4391 ΚΝ.

1721 4412 1741 4440 ⁸
1776 4407 2094 4458 faciendam:
2131 4405 2183 4456 S.

1727 4478 1747 4506 ⁸
1782 4485 2073 4539 regentem:
2110 4472 2169 4524 S.
