3117 4959
862 197 923 252 S.
985 194 1422 251 VINCENTII
1461 195 1715 252 MART
1718 198 1915 254 YRIS.

666 306 787 360 151

129 410 399 495 gravius
431 412 571 495 ipse
588 411 895 494 puniaris,
989 411 1145 474 Non
1176 429 1329 474 eum

128 503 395 563 vincere
414 509 725 583 poterunt
740 498 1094 581 supplicia:
1127 518 1326 580 quem

129 588 403 652 celestia
451 589 757 650 muniunt
807 587 1109 669 presidia.
1212 586 1329 648 Re.

129 676 425 740 Sanctus
452 676 825 738 vincentius
873 675 1113 739 Christi
1160 694 1331 736 mar-

127 773 241 844 tyr
254 765 640 847 providente
652 783 936 844 superna
947 762 1299 826 clementia
1314 781 1331 824 :

130 852 245 933 qui
318 852 444 914 sibi
522 871 675 913 eum
753 850 1138 933 previdebat
1211 869 1332 912 vas

129 940 479 1002 electionis
581 937 891 1000 futurum.
1047 936 1332 1000 Gemina

130 1027 411 1090 scientia
450 1026 900 1089 efficacissime
945 1025 1195 1088 claruit.
1286 1040 1335 1108 7

132 1113 509 1179 Sanctitate
557 1133 823 1196 quoque
872 1112 1145 1195 insignis
1192 1112 1333 1175 dia-

128 1203 307 1264 conii
350 1221 499 1265 arce
545 1211 851 1284 suscepta
894 1202 1069 1264 vices
1114 1199 1336 1282 ponti-

129 1289 276 1353 ficis
387 1288 741 1370 diligenter
858 1287 1331 1369 exequebatur.

132 1377 423 1441 Gemina
454 1378 745 1440 scientia.
877 1375 1090 1439 Lectio
1121 1375 1329 1439 tertia.

145 1467 501 1598 Cernens
546 1484 705 1546 ergo
752 1463 1069 1526 dacianus
1110 1482 1335 1544 preses

264 1553 599 1614 ministros
708 1571 864 1614 suos
970 1559 1331 1631 martyrem

132 1640 480 1722 puniendo
520 1639 843 1703 deficere:
890 1639 1089 1719 virgis
1120 1657 1235 1700 eos
1266 1647 1333 1700 et

132 1727 421 1790 fustibus
486 1727 677 1808 jubet
738 1727 925 1789 cedi:
998 1725 1331 1809 quosque¹

134 1816 341 1878 etiam
395 1814 667 1879 mandat
714 1814 943 1876 occidi.
1036 1813 1335 1878 Subinde

136 1902 247 1965 alii
275 1912 343 1965 et
368 1902 478 1966 alii
497 1903 581 1965 ad
604 1901 1045 1983 torquendum
1072 1919 1333 1964 servum

134 1992 247 2054 dei
327 1991 760 2053 accedentes:
838 2009 996 2051 mox
1060 1989 1127 2050 in
1190 1989 1335 2068 ipso

134 2078 492 2142 conamine
566 2077 924 2141 deficiunt:
1000 2086 1068 2139 et
1133 2095 1333 2156 quem

130 2166 399 2229 vincere
463 2166 950 2228 exardescunt:
1019 2163 1335 2226 invictum

133 2254 651 2336 obstupescunt:
681 2272 885 2333 seque
906 2252 995 2314 nil
1020 2249 1336 2333 proficere

133 2342 595 2424 ingemiscunt.
634 2337 643 2346 ’
688 2341 802 2403 Re.
880 2339 1183 2402 Valerius
1215 2339 1337 2419 igi-

131 2438 245 2493 tur
305 2429 655 2510 episcopus
705 2437 775 2491 et
826 2426 1023 2491 levita
1071 2427 1337 2488 vincen-

130 2519 269 2581 tius
300 2537 419 2599 spe
438 2516 692 2579 fruendi
722 2515 993 2578 victoria
1024 2514 1336 2576 divinitus

134 2605 429 2668 subnixi.
522 2605 601 2668 In
634 2603 1046 2668 confessione
1068 2601 1337 2664 deitatis

137 2693 444 2756 alacriter
492 2699 927 2755 cucurrerunt.
1019 2706 1066 2774 7
1111 2689 1335 2752 Tanto

138 2800 412 2863 nanque
487 2779 807 2842 feliciores
860 2796 932 2840 se
994 2797 1135 2840 esse
1198 2797 1335 2838 cre-

139 2869 397 2932 debant
456 2877 709 2949 quanto
768 2866 1019 2928 acriora
1070 2864 1335 2945 tyranni

136 2955 465 3039 supplicia
512 2955 619 3035 pia
665 2953 1168 3035 longanimitate
1198 2971 1336 3014 cer-

136 3053 397 3107 tassent
420 3043 733 3106 evincere.
804 3040 833 3103 1
842 3060 881 3102 n
907 3038 1333 3102 confessione.

137 3131 387 3195 Gloria.
486 3130 565 3192 In
596 3127 1049 3192 confessione?
1122 3127 1336 3189 Prosa

137 3219 376 3284 Salute
450 3237 765 3299 corporea
838 3215 1109 3277 omnino
1184 3221 1339 3296 post

134 3305 389 3370 habita.
465 3322 512 3391 7
559 3304 795 3367 Mundi
818 3323 1085 3384 quoque
1107 3301 1334 3383 gloria.

137 3412 186 3480 7
234 3396 470 3458 Mente
521 3392 743 3456 libera.
833 3408 882 3475 7
929 3389 1337 3456 Conculcan-

138 3483 229 3546 do
260 3493 537 3546 terrena.
630 3496 677 3565 7
724 3479 944 3542 Minas
979 3487 1049 3540 et
1079 3477 1336 3539 blandi-

137 3571 297 3634 cias,
409 3586 456 3655 7
548 3569 901 3634 Carcerum
980 3565 1332 3628 custodias·

138 3675 187 3743 7
242 3657 545 3738 Flagella
605 3655 813 3718 fustes
881 3660 949 3716 et
1021 3651 1335 3714 convicia.

137 3764 186 3832 7
235 3747 376 3828 Ipsi
408 3744 564 3808 facti
610 3743 841 3806 hostia.
932 3757 979 3826 7
1030 3741 1154 3802 Pro
1190 3759 1335 3820 per-

136 3835 342 3899 henni
405 3833 631 3914 gloria.
739 3846 786 3915 7
854 3829 1112 3892 Dantes
1172 3827 1337 3890 satis

134 3923 310 3987 vilia.
433 3937 480 4006 7
548 3919 869 3982 Ementes
928 3923 1141 3978 morte
1199 3915 1335 3977 vite

134 4010 411 4094 premia.
524 4024 571 4093 7
644 4005 867 4085 Hujus
922 4004 1058 4066 vite
1117 4002 1337 4065 stadia

134 4098 443 4162 alacriter
458 4099 899 4158 cucurrerunt.
965 4090 1049 4154 In
1070 4089 1337 4152 secundo

135 4196 447 4250 nocturno
518 4191 623 4247 αὴ.
759 4181 981 4244 Tanto
1070 4196 1335 4259 nanque

272 4317 645 4383 ¹e<.··sqne:G.

1959 307 2098 363 152

1433 408 1756 475 feliciores
1858 433 1932 476 se
2033 433 2178 476 esse
2271 413 2630 480 credebant

1432 507 1687 578 quanto
1717 500 1968 563 acriora
2012 501 2277 582 tyranni
2308 504 2631 586 supplicia

1431 587 1543 667 pia
1651 586 2156 669 longanimitate
2265 600 2629 655 certassent

1432 675 1748 738 evincere.
1821 683 1922 756 pf.
2018 676 2190 740 Cum
2238 676 2627 743 invocarem.

1429 762 1567 824 Ar‘i.
1701 763 1938 826 Levita
2010 765 2379 827 vincentius
2452 765 2632 829 dixit

1431 849 1633 912 beato
1706 849 2000 914 valerio:
2075 852 2131 914 si
2185 851 2382 933 jubes
2441 864 2632 935 pater

1432 945 1698 1000 sancte:
1737 939 2064 1021 responsis
2089 938 2376 1021 judicem
2398 961 2632 1022 aggre-

1432 1025 1592 1087 diar.
1688 1033 1788 1107 pf.
1879 1025 2120 1090 Verba.
2227 1027 2360 1090 Aa.
2473 1029 2628 1110 Jam

1432 1112 1553 1174 tibi
1605 1111 1698 1174 fili
1756 1111 2138 1177 charissime
2189 1114 2394 1178 divini
2443 1115 2626 1179 verbi

1435 1218 1660 1263 curam
1705 1201 2205 1265 commiseram:
2253 1221 2430 1266 nunc
2465 1222 2630 1285 quo-

1433 1307 1565 1369 que
1621 1307 1742 1370 pro
1794 1287 1926 1350 fide
1985 1309 2122 1370 qua
2179 1298 2476 1353 astamus
2529 1310 2630 1353 re-

1435 1395 1680 1456 sponsa
1704 1377 2066 1439 committo,
2143 1385 2246 1456 pf.
2336 1376 2630 1442 Domine

1431 1463 1598 1525 deus
1617 1471 1854 1526 noster.
1941 1479 1988 1548 7
2035 1463 2319 1527 Posuisti
2341 1465 2630 1530 domine.

1460 1551 1728 1680 Tunc
1763 1559 2030 1613 sanctus
2061 1551 2204 1612 vin·
2237 1549 2476 1633 [Lectio
2506 1552 2629 1635 iiij.

1600 1637 1856 1700 centius
1912 1637 2091 1700 dixit
2142 1636 2228 1700 ad
2283 1639 2628 1720 presidem.

1435 1722 1497 1787 O
1531 1723 1847 1787 daciane:
1893 1745 2045 1788 ecce
2079 1727 2222 1806 jam
2254 1726 2340 1790 de
2371 1729 2632 1810 appari-

1434 1811 1688 1874 toribus
1735 1813 1866 1874 tuis
1913 1813 2250 1876 vindicor:
2308 1814 2628 1880 ultionem

1434 1900 1638 1962 etiam
1689 1899 1849 1962 mihi
1892 1900 1957 1962 in
2007 1920 2182 1982 pena
2227 1902 2370 1983 ipse
2399 1901 2628 1969 fecisti.

1435 1987 1691 2050 Videns
1750 1987 1876 2049 ista
1935 1987 2294 2053 dacianus:
2370 1999 2630 2054 contre*

1436 2075 1605 2137 muit
1655 2083 1916 2138 mente:
1961 2084 2030 2138 et
2061 2076 2144 2138 ad
2191 2097 2348 2140 suos
2396 2077 2632 2141 insano

1436 2161 1839 2225 exclamavit
1899 2161 2135 2226 furore.
2251 2164 2432 2246 Quid
2491 2167 2632 2247 agi-

1438 2269 1624 2313 mus:
1672 2249 1836 2312 alios
1861 2251 1926 2312 in
1959 2250 2367 2314 consessione
2400 2254 2630 2317 mortis

1437 2357 1555 2399 sue
1587 2336 1766 2418 loqui
1799 2338 2210 2420 coegimus³z
2257 2339 2410 2404 huic
2433 2341 2633 2404 silen-

1436 2426 1646 2488 tium:
1717 2445 1802 2487 ne
1883 2426 2352 2490 contumeliam
2437 2429 2632 2492 nobis

1438 2511 1790 2593 loquatur:
1843 2513 2166 2595 imperare
2213 2535 2347 2578 non
2400 2535 2634 2598 possu-

1438 2619 1603 2663 mus,
1723 2600 1836 2663 Re.
1951 2601 2188 2665 Levita
2261 2603 2632 2666 vincentius

1435 2687 1613 2750 dixit
1673 2687 1758 2749 ad
1820 2687 2090 2751 beatum
2148 2689 2508 2755 valerium:
2575 2691 2631 2755 si

1429 2772 1626 2855 jubes
1649 2784 1838 2856 pater
1855 2786 2083 2840 sancte
2107 2779 2437 2860 responsis
2455 2778 2634 2861 judi-

1436 2883 1582 2926 cem
1657 2861 2055 2944 aggrediar:
2124 2864 2267 2943 jam
2341 2866 2462 2928 tibi
2538 2866 2632 2930 fili

1436 2949 1768 3012 carissime
1850 2950 2053 3013 divini
2142 2952 2326 3016 verbi
2406 2973 2632 3016 curam

1435 3037 1914 3105 commiseram.
1995 3037 2191 3102 Nunc
2214 3059 2484 3122 quoque
2512 3061 2634 3122 pro

1437 3123 1570 3187 fide
1601 3143 1734 3206 qua
1767 3132 2062 3188 astamus
2109 3147 2424 3208 responsa
2455 3147 2635 3190 com-

1438 3212 1651 3275 mitt0.
1771 3228 1820 3296 7
1893 3211 2046 3275 Tibi
2115 3215 2293 3277 enim
2368 3215 2635 3296 gemina

1438 3299 1714 3362 scientia
1744 3299 2020 3381 pollenti
2047 3320 2126 3364 ac
2147 3303 2414 3383 superni
2447 3322 2636 3366 amo-

1439 3387 1525 3449 ris
1588 3388 1742 3468 igne
1802 3387 2077 3450 ferventi
2153 3390 2414 3453 celestis
2472 3390 2632 3466 olim

1437 3475 1737 3537 doctrine
1812 3475 2246 3540 ministerium
2315 3478 2631 3559 delegavi.

1440 3562 1654 3625 Nune.
2326 3566 2542 3628 Lectio
2572 3588 2632 3630 v.

1436 3650 1647 3780 Ad
1680 3646 1802 3712 hec
1832 3650 2198 3714 vincentius
2223 3651 2438 3734 inquit
2467 3654 2634 3716 Tor-

1604 3757 1734 3819 que
1823 3738 2122 3802 diutius:
2201 3739 2632 3804 confitentem

1437 3843 1559 3887 nec
1592 3844 1632 3886 a
1677 3844 1850 3906 pena
1899 3845 2051 3888 mea
2095 3845 2355 3892 cesses:
2403 3837 2476 3891 ut
2524 3847 2636 3891 me

1434 3912 1888 3994 gloriosiorem
1938 3913 2004 3975 in
2058 3914 2366 3978 omnibus
2415 3915 2635 3980 facias,

1437 4000 1818 4081 Torquetur
1889 4010 2158 4065 sanctus
2227 4003 2638 4068 vincentius:

1432 4089 1736 4152 tunditur
1758 4109 1772 4151 :
1836 4085 2242 4171 flagellatur:
2302 4091 2602 4155 exuritur
2624 4113 2641 4156 :

1437 4185 1505 4240 et
1554 4175 1864 4240 distentis
1923 4176 2239 4240 membris
2300 4179 2638 4245 crescebat

1757 4311 1778 4341 ⁸
1809 4309 2070 4375 cogimus:
2104 4309 2186 4360 W.

868 4379 889 4409 ²
918 4378 1159 4430 ‘deitatis
1197 4385 1245 4428 et
1266 4393 1367 4428 non
1391 4377 1541 4427 ultra’
1566 4376 1697 4426 add:
1735 4375 1794 4426 G.
