<?xml version="1.0" encoding="UTF-8"?>
<!DOCTYPE html PUBLIC "-//W3C//DTD XHTML 1.0 Transitional//EN"
    "http://www.w3.org/TR/xhtml1/DTD/xhtml1-transitional.dtd">
<html xmlns="http://www.w3.org/1999/xhtml" xml:lang="en" lang="en">
 <head>
  <title>
</title>
<meta http-equiv="Content-Type" content="text/html;charset=utf-8" />
  <meta name='ocr-system' content='tesseract 3.04.00' />
  <meta name='ocr-capabilities' content='ocr_page ocr_carea ocr_par ocr_line ocrx_word'/>
</head>
<body>
  <div class='ocr_page' id='page_1' title='image "breviariumadusu03yorkgoog_0403.png"; bbox 0 0 3117 4959; ppageno 0'>
   <div class='ocr_carea' id='block_1_1' title="bbox 1458 157 1876 214">
    <p class='ocr_par' dir='ltr' id='par_1_1' title="bbox 1458 157 1876 214">
     <span class='ocr_line' id='line_1_1' title="bbox 1458 157 1876 214; baseline -0.005 0"><span class='ocrx_word' id='word_1_1' title='bbox 1458 160 1568 214; x_wconf 73' lang='lat' dir='ltr'><strong>IN</strong></span> <span class='ocrx_word' id='word_1_2' title='bbox 1603 157 1876 212; x_wconf 80' lang='lat' dir='ltr'><em>FESTO</em></span> 
     </span>
    </p>
   </div>
   <div class='ocr_carea' id='block_1_2' title="bbox 418 269 1640 3924">
    <p class='ocr_par' dir='ltr' id='par_1_2' title="bbox 951 269 1107 322">
     <span class='ocr_line' id='line_1_2' title="bbox 951 269 1107 322; baseline 0.013 -2"><span class='ocrx_word' id='word_1_3' title='bbox 951 269 1107 322; x_wconf 72' lang='lat'><strong>755</strong></span> 
     </span>
    </p>

    <p class='ocr_par' dir='ltr' id='par_1_3' title="bbox 418 383 1624 964">
     <span class='ocr_line' id='line_1_3' title="bbox 418 383 1620 460; baseline 0.001 -17"><span class='ocrx_word' id='word_1_4' title='bbox 418 384 593 446; x_wconf 90' lang='lat' dir='ltr'><strong>nobis</strong></span> <span class='ocrx_word' id='word_1_5' title='bbox 640 401 966 460; x_wconf 81' lang='lat' dir='ltr'><strong>quesumus</strong></span> <span class='ocrx_word' id='word_1_6' title='bbox 1009 383 1074 443; x_wconf 89' lang='lat' dir='ltr'><strong>in</strong></span> <span class='ocrx_word' id='word_1_7' title='bbox 1118 395 1323 445; x_wconf 85' lang='lat' dir='ltr'><strong>eterna</strong></span> <span class='ocrx_word' id='word_1_8' title='bbox 1340 403 1347 414; x_wconf 69' lang='lat'><strong>⁴</strong></span> <span class='ocrx_word' id='word_1_9' title='bbox 1366 383 1620 444; x_wconf 88' lang='lat' dir='ltr'><strong>beatitu-</strong></span> 
     </span>
     <span class='ocr_line' id='line_1_4' title="bbox 418 463 1615 540; baseline 0.001 -17"><span class='ocrx_word' id='word_1_10' title='bbox 418 463 561 523; x_wconf 85' lang='lat' dir='ltr'><strong>dine</strong></span> <span class='ocrx_word' id='word_1_11' title='bbox 613 463 691 523; x_wconf 92' lang='lat' dir='ltr'><strong>de</strong></span> <span class='ocrx_word' id='word_1_12' title='bbox 744 481 951 523; x_wconf 90' lang='lat' dir='ltr'><strong>eorum</strong></span> <span class='ocrx_word' id='word_1_13' title='bbox 1004 463 1291 524; x_wconf 87' lang='lat' dir='ltr'><strong>societate</strong></span> <span class='ocrx_word' id='word_1_14' title='bbox 1342 465 1615 540; x_wconf 81' lang='lat' dir='ltr'><strong>gaudere.</strong></span> 
     </span>
     <span class='ocr_line' id='line_1_5' title="bbox 422 541 1622 603; baseline -0.001 -2"><span class='ocrx_word' id='word_1_15' title='bbox 422 545 551 602; x_wconf 87' lang='lat' dir='ltr'><strong>Per.</strong></span> <span class='ocrx_word' id='word_1_16' title='bbox 632 543 745 600; x_wconf 86' lang='lat' dir='ltr'><strong>Ad</strong></span> <span class='ocrx_word' id='word_1_17' title='bbox 762 549 961 600; x_wconf 82' lang='lat' dir='ltr'><strong>matut.</strong></span> <span class='ocrx_word' id='word_1_18' title='bbox 1052 543 1231 600; x_wconf 78' lang='lat' dir='ltr'><strong>Inm‘t.</strong></span> <span class='ocrx_word' id='word_1_19' title='bbox 1316 541 1622 603; x_wconf 84' lang='lat' dir='ltr'><strong>Christum</strong></span> 
     </span>
     <span class='ocr_line' id='line_1_6' title="bbox 418 619 1622 699; baseline 0.002 -20"><span class='ocrx_word' id='word_1_20' title='bbox 418 639 619 697; x_wconf 90' lang='lat' dir='ltr'><strong>regem</strong></span> <span class='ocrx_word' id='word_1_21' title='bbox 674 639 877 698; x_wconf 89' lang='lat' dir='ltr'><strong>regum</strong></span> <span class='ocrx_word' id='word_1_22' title='bbox 922 619 1104 680; x_wconf 90' lang='lat' dir='ltr'><strong>hodie</strong></span> <span class='ocrx_word' id='word_1_23' title='bbox 1136 623 1622 699; x_wconf 78' lang='lat' dir='ltr'><strong>transfiguratum</strong></span> 
     </span>
     <span class='ocr_line' id='line_1_7' title="bbox 420 699 1624 777; baseline 0.002 -20"><span class='ocrx_word' id='word_1_24' title='bbox 420 699 638 759; x_wconf 88' lang='lat' dir='ltr'><strong>Venite</strong></span> <span class='ocrx_word' id='word_1_25' title='bbox 664 700 979 760; x_wconf 84' lang='lat' dir='ltr'><strong>adoremus</strong></span> <span class='ocrx_word' id='word_1_26' title='bbox 1006 699 1337 759; x_wconf 90' lang='lat' dir='ltr'><strong>dominum.</strong></span> <span class='ocrx_word' id='word_1_27' title='bbox 1380 701 1475 777; x_wconf 57' lang='lat' dir='ltr'><strong>pi</strong></span> <span class='ocrx_word' id='word_1_28' title='bbox 1506 703 1624 760; x_wconf 90' lang='lat' dir='ltr'><strong>Ve-</strong></span> 
     </span>
     <span class='ocr_line' id='line_1_8' title="bbox 420 777 1619 855; baseline 0 -19"><span class='ocrx_word' id='word_1_29' title='bbox 420 777 561 837; x_wconf 87' lang='lat' dir='ltr'><strong>nite.</strong></span> <span class='ocrx_word' id='word_1_30' title='bbox 1354 779 1619 855; x_wconf 78' lang='lat' dir='ltr'><strong>hymnus.</strong></span> 
     </span>
     <span class='ocr_line' id='line_1_9' title="bbox 432 856 1624 964; baseline 0.002 -48"><span class='ocrx_word' id='word_1_31' title='bbox 432 859 525 964; x_wconf 82' lang='lat' dir='ltr'><em>O</em></span> <span class='ocrx_word' id='word_1_32' title='bbox 552 866 709 916; x_wconf 87' lang='lat' dir='ltr'><strong>sator</strong></span> <span class='ocrx_word' id='word_1_33' title='bbox 734 875 927 916; x_wconf 87' lang='lat' dir='ltr'><strong>rerum</strong></span> <span class='ocrx_word' id='word_1_34' title='bbox 954 867 1253 933; x_wconf 84' lang='lat' dir='ltr'><strong>reparator</strong></span> <span class='ocrx_word' id='word_1_35' title='bbox 1272 857 1367 918; x_wconf 86' lang='lat' dir='ltr'><strong>evi</strong></span> <span class='ocrx_word' id='word_1_36' title='bbox 1387 856 1624 919; x_wconf 89' lang='lat' dir='ltr'><strong>Christe</strong></span> 
     </span>
    </p>

    <p class='ocr_par' dir='ltr' id='par_1_4' title="bbox 422 935 1636 3320">
     <span class='ocr_line' id='line_1_10' title="bbox 552 935 1620 1012; baseline 0.003 -19"><span class='ocrx_word' id='word_1_37' title='bbox 552 953 657 994; x_wconf 88' lang='lat' dir='ltr'><strong>rex</strong></span> <span class='ocrx_word' id='word_1_38' title='bbox 674 953 877 1012; x_wconf 87' lang='lat' dir='ltr'><strong>regum</strong></span> <span class='ocrx_word' id='word_1_39' title='bbox 905 937 1227 997; x_wconf 87' lang='lat' dir='ltr'><strong>metuende</strong></span> <span class='ocrx_word' id='word_1_40' title='bbox 1254 955 1467 996; x_wconf 88' lang='lat' dir='ltr'><strong>censor</strong></span> <span class='ocrx_word' id='word_1_41' title='bbox 1492 938 1572 996; x_wconf 90' lang='lat' dir='ltr'><strong>ad</strong></span> <span class='ocrx_word' id='word_1_42' title='bbox 1603 935 1620 972; x_wconf 87' lang='lat'>¹</span> 
     </span>
     <span class='ocr_line' id='line_1_11' title="bbox 422 1013 1622 1090; baseline 0.003 -17"><span class='ocrx_word' id='word_1_43' title='bbox 422 1032 629 1090; x_wconf 86' lang='lat' dir='ltr'><strong>preces</strong></span> <span class='ocrx_word' id='word_1_44' title='bbox 652 1025 887 1073; x_wconf 86' lang='lat' dir='ltr'><strong>nostras</strong></span> <span class='ocrx_word' id='word_1_45' title='bbox 930 1013 1267 1090; x_wconf 86' lang='lat' dir='ltr'><strong>pariterque</strong></span> <span class='ocrx_word' id='word_1_46' title='bbox 1292 1015 1502 1077; x_wconf 87' lang='lat' dir='ltr'><strong>laudes</strong></span> <span class='ocrx_word' id='word_1_47' title='bbox 1529 1035 1622 1076; x_wconf 81' lang='lat' dir='ltr'><strong>as·</strong></span> 
     </span>
     <span class='ocr_line' id='line_1_12' title="bbox 422 1091 1627 1170; baseline 0.004 -20"><span class='ocrx_word' id='word_1_48' title='bbox 422 1091 555 1170; x_wconf 88' lang='lat' dir='ltr'><strong>pice</strong></span> <span class='ocrx_word' id='word_1_49' title='bbox 582 1091 777 1168; x_wconf 84' lang='lat' dir='ltr'><strong>gratis.</strong></span> <span class='ocrx_word' id='word_1_50' title='bbox 840 1091 1060 1152; x_wconf 88' lang='lat' dir='ltr'><strong>Noctis</strong></span> <span class='ocrx_word' id='word_1_51' title='bbox 1088 1091 1325 1153; x_wconf 87' lang='lat' dir='ltr'><strong>incursu</strong></span> <span class='ocrx_word' id='word_1_52' title='bbox 1349 1093 1459 1155; x_wconf 87' lang='lat' dir='ltr'><strong>tibi</strong></span> <span class='ocrx_word' id='word_1_53' title='bbox 1482 1104 1627 1155; x_wconf 83' lang='lat' dir='ltr'><strong>vota</strong></span> 
     </span>
     <span class='ocr_line' id='line_1_13' title="bbox 422 1169 1624 1248; baseline 0.004 -20"><span class='ocrx_word' id='word_1_54' title='bbox 422 1171 665 1231; x_wconf 89' lang='lat' dir='ltr'><strong>laudum</strong></span> <span class='ocrx_word' id='word_1_55' title='bbox 696 1169 1009 1247; x_wconf 85' lang='lat' dir='ltr'><strong>pangimus</strong></span> <span class='ocrx_word' id='word_1_56' title='bbox 1048 1187 1247 1248; x_wconf 87' lang='lat' dir='ltr'><strong>presta</strong></span> <span class='ocrx_word' id='word_1_57' title='bbox 1272 1171 1381 1233; x_wconf 93' lang='lat' dir='ltr'><strong>tibi</strong></span> <span class='ocrx_word' id='word_1_58' title='bbox 1410 1173 1529 1233; x_wconf 90' lang='lat' dir='ltr'><strong>sint</strong></span> <span class='ocrx_word' id='word_1_59' title='bbox 1556 1183 1624 1233; x_wconf 91' lang='lat' dir='ltr'><strong>ut</strong></span> 
     </span>
     <span class='ocr_line' id='line_1_14' title="bbox 422 1252 1624 1329; baseline 0.002 -21"><span class='ocrx_word' id='word_1_60' title='bbox 422 1261 567 1326; x_wconf 89' lang='lat' dir='ltr'><strong>apta</strong></span> <span class='ocrx_word' id='word_1_61' title='bbox 592 1268 824 1326; x_wconf 86' lang='lat' dir='ltr'><strong>nosque</strong></span> <span class='ocrx_word' id='word_1_62' title='bbox 850 1262 1151 1311; x_wconf 86' lang='lat' dir='ltr'><strong>concentu</strong></span> <span class='ocrx_word' id='word_1_63' title='bbox 1180 1252 1383 1312; x_wconf 78' lang='lat' dir='ltr'><strong>refove</strong></span> <span class='ocrx_word' id='word_1_64' title='bbox 1410 1271 1624 1329; x_wconf 92' lang='lat' dir='ltr'><strong>peren-</strong></span> 
     </span>
     <span class='ocr_line' id='line_1_15' title="bbox 425 1327 1625 1409; baseline 0.002 -21"><span class='ocrx_word' id='word_1_65' title='bbox 425 1327 519 1388; x_wconf 87' lang='lat' dir='ltr'><strong>nis</strong></span> <span class='ocrx_word' id='word_1_66' title='bbox 572 1327 811 1388; x_wconf 87' lang='lat' dir='ltr'><strong>luminis</strong></span> <span class='ocrx_word' id='word_1_67' title='bbox 862 1339 1082 1389; x_wconf 86' lang='lat' dir='ltr'><strong>auctor.</strong></span> <span class='ocrx_word' id='word_1_68' title='bbox 1166 1332 1340 1391; x_wconf 85' lang='lat' dir='ltr'><strong>Inter</strong></span> <span class='ocrx_word' id='word_1_69' title='bbox 1388 1331 1625 1409; x_wconf 83' lang='lat' dir='ltr'><strong>helyam</strong></span> 
     </span>
     <span class='ocr_line' id='line_1_16' title="bbox 424 1407 1626 1485; baseline 0.002 -19"><span class='ocrx_word' id='word_1_70' title='bbox 424 1425 793 1485; x_wconf 86' lang='lat' dir='ltr'><strong>moysenque</strong></span> <span class='ocrx_word' id='word_1_71' title='bbox 810 1407 835 1444; x_wconf 82' lang='lat'>²</span> <span class='ocrx_word' id='word_1_72' title='bbox 863 1419 1027 1468; x_wconf 86' lang='lat' dir='ltr'><strong>vates</strong></span> <span class='ocrx_word' id='word_1_73' title='bbox 1069 1419 1135 1468; x_wconf 90' lang='lat' dir='ltr'><strong>ut</strong></span> <span class='ocrx_word' id='word_1_74' title='bbox 1172 1410 1347 1485; x_wconf 84' lang='lat' dir='ltr'><strong>jubar</strong></span> <span class='ocrx_word' id='word_1_75' title='bbox 1372 1410 1513 1470; x_wconf 86' lang='lat' dir='ltr'><strong>solis</strong></span> <span class='ocrx_word' id='word_1_76' title='bbox 1540 1411 1626 1468; x_wconf 86' lang='lat' dir='ltr'><strong>fa-</strong></span> 
     </span>
     <span class='ocr_line' id='line_1_17' title="bbox 424 1485 1628 1563; baseline 0.002 -17"><span class='ocrx_word' id='word_1_77' title='bbox 424 1485 517 1546; x_wconf 93' lang='lat' dir='ltr'><strong>cie</strong></span> <span class='ocrx_word' id='word_1_78' title='bbox 556 1487 849 1563; x_wconf 83' lang='lat' dir='ltr'><strong>refulgens</strong></span> <span class='ocrx_word' id='word_1_79' title='bbox 890 1485 1149 1547; x_wconf 75' lang='lat' dir='ltr'><strong>oendida</strong></span> <span class='ocrx_word' id='word_1_80' title='bbox 1192 1500 1357 1550; x_wconf 86' lang='lat' dir='ltr'><strong>veste</strong></span> <span class='ocrx_word' id='word_1_81' title='bbox 1404 1487 1628 1549; x_wconf 84' lang='lat' dir='ltr'><strong>nimis⁸</strong></span> 
     </span>
     <span class='ocr_line' id='line_1_18' title="bbox 424 1563 1630 1629; baseline 0.002 -5"><span class='ocrx_word' id='word_1_82' title='bbox 424 1563 609 1624; x_wconf 87' lang='lat' dir='ltr'><strong>instar</strong></span> <span class='ocrx_word' id='word_1_83' title='bbox 660 1565 833 1625; x_wconf 86' lang='lat' dir='ltr'><strong>albe:</strong></span> <span class='ocrx_word' id='word_1_84' title='bbox 888 1576 953 1625; x_wconf 92' lang='lat' dir='ltr'><strong>tu</strong></span> <span class='ocrx_word' id='word_1_85' title='bbox 1006 1565 1279 1627; x_wconf 89' lang='lat' dir='ltr'><strong>micuisti.</strong></span> <span class='ocrx_word' id='word_1_86' title='bbox 1380 1569 1473 1628; x_wconf 88' lang='lat' dir='ltr'><strong>Tu</strong></span> <span class='ocrx_word' id='word_1_87' title='bbox 1526 1567 1630 1629; x_wconf 89' lang='lat' dir='ltr'><strong>dei</strong></span> 
     </span>
     <span class='ocr_line' id='line_1_19' title="bbox 426 1642 1628 1723; baseline 0.005 -22"><span class='ocrx_word' id='word_1_88' title='bbox 426 1642 605 1720; x_wconf 84' lang='lat' dir='ltr'><strong>patris</strong></span> <span class='ocrx_word' id='word_1_89' title='bbox 660 1654 825 1720; x_wconf 89' lang='lat' dir='ltr'><strong>patre</strong></span> <span class='ocrx_word' id='word_1_90' title='bbox 880 1655 1031 1704; x_wconf 92' lang='lat' dir='ltr'><strong>teste</strong></span> <span class='ocrx_word' id='word_1_91' title='bbox 1083 1647 1281 1723; x_wconf 87' lang='lat' dir='ltr'><strong>proles</strong></span> <span class='ocrx_word' id='word_1_92' title='bbox 1338 1666 1477 1707; x_wconf 88' lang='lat' dir='ltr'><strong>cum</strong></span> <span class='ocrx_word' id='word_1_93' title='bbox 1546 1646 1628 1708; x_wconf 91' lang='lat' dir='ltr'><strong>sis</strong></span> 
     </span>
     <span class='ocr_line' id='line_1_20' title="bbox 426 1723 1628 1802; baseline 0.004 -20"><span class='ocrx_word' id='word_1_94' title='bbox 426 1735 765 1782; x_wconf 86' lang='lat' dir='ltr'><strong>sanctorum</strong></span> <span class='ocrx_word' id='word_1_95' title='bbox 794 1723 979 1784; x_wconf 89' lang='lat' dir='ltr'><strong>decus</strong></span> <span class='ocrx_word' id='word_1_96' title='bbox 1004 1725 1349 1802; x_wconf 81' lang='lat' dir='ltr'><strong>angelorum</strong></span> <span class='ocrx_word' id='word_1_97' title='bbox 1376 1737 1441 1786; x_wconf 92' lang='lat' dir='ltr'><strong>tu</strong></span> <span class='ocrx_word' id='word_1_98' title='bbox 1470 1728 1628 1788; x_wconf 87' lang='lat' dir='ltr'><strong>salus</strong></span> 
     </span>
     <span class='ocr_line' id='line_1_21' title="bbox 426 1799 1621 1866; baseline 0.008 -8"><span class='ocrx_word' id='word_1_99' title='bbox 426 1799 637 1860; x_wconf 90' lang='lat' dir='ltr'><strong>mundi</strong></span> <span class='ocrx_word' id='word_1_100' title='bbox 668 1802 763 1861; x_wconf 88' lang='lat' dir='ltr'><strong>via</strong></span> <span class='ocrx_word' id='word_1_101' title='bbox 788 1799 911 1862; x_wconf 85' lang='lat' dir='ltr'><strong>vita</strong></span> <span class='ocrx_word' id='word_1_102' title='bbox 950 1802 1133 1863; x_wconf 86' lang='lat' dir='ltr'><strong>virtus</strong></span> <span class='ocrx_word' id='word_1_103' title='bbox 1176 1804 1432 1866; x_wconf 89' lang='lat' dir='ltr'><strong>crederis</strong></span> <span class='ocrx_word' id='word_1_104' title='bbox 1474 1825 1621 1866; x_wconf 87' lang='lat' dir='ltr'><strong>esse.</strong></span> 
     </span>
     <span class='ocr_line' id='line_1_22' title="bbox 432 1878 1630 1944; baseline 0.003 -4"><span class='ocrx_word' id='word_1_105' title='bbox 432 1878 641 1940; x_wconf 89' lang='lat' dir='ltr'><strong>Gloria</strong></span> <span class='ocrx_word' id='word_1_106' title='bbox 669 1878 849 1940; x_wconf 86' lang='lat' dir='ltr'><strong>virtus</strong></span> <span class='ocrx_word' id='word_1_107' title='bbox 897 1879 971 1941; x_wconf 89' lang='lat' dir='ltr'><strong>sit</strong></span> <span class='ocrx_word' id='word_1_108' title='bbox 1012 1880 1120 1942; x_wconf 90' lang='lat' dir='ltr'><strong>tibi</strong></span> <span class='ocrx_word' id='word_1_109' title='bbox 1158 1894 1387 1944; x_wconf 56' lang='lat' dir='ltr'><strong>creator</strong></span> <span class='ocrx_word' id='word_1_110' title='bbox 1413 1895 1630 1944; x_wconf 84' lang='lat' dir='ltr'><strong>cuncta</strong></span> 
     </span>
     <span class='ocr_line' id='line_1_23' title="bbox 428 1957 1630 2038; baseline 0.005 -22"><span class='ocrx_word' id='word_1_111' title='bbox 428 1957 532 2034; x_wconf 92' lang='lat' dir='ltr'><strong>qui</strong></span> <span class='ocrx_word' id='word_1_112' title='bbox 600 1959 765 2018; x_wconf 88' lang='lat' dir='ltr'><strong>solus</strong></span> <span class='ocrx_word' id='word_1_113' title='bbox 831 1959 1089 2020; x_wconf 90' lang='lat' dir='ltr'><strong>retinens</strong></span> <span class='ocrx_word' id='word_1_114' title='bbox 1160 1963 1499 2038; x_wconf 87' lang='lat' dir='ltr'><strong>gubernans</strong></span> <span class='ocrx_word' id='word_1_115' title='bbox 1565 1962 1630 2022; x_wconf 89' lang='lat' dir='ltr'><strong>in</strong></span> 
     </span>
     <span class='ocr_line' id='line_1_24' title="bbox 430 2036 1630 2116; baseline 0.006 -22"><span class='ocrx_word' id='word_1_116' title='bbox 430 2037 643 2095; x_wconf 86' lang='lat' dir='ltr'><strong>throno</strong></span> <span class='ocrx_word' id='word_1_117' title='bbox 671 2036 835 2114; x_wconf 89' lang='lat' dir='ltr'><strong>regni</strong></span> <span class='ocrx_word' id='word_1_118' title='bbox 863 2037 990 2098; x_wconf 87' lang='lat' dir='ltr'><strong>sine</strong></span> <span class='ocrx_word' id='word_1_119' title='bbox 1018 2041 1136 2098; x_wconf 89' lang='lat' dir='ltr'><strong>fine</strong></span> <span class='ocrx_word' id='word_1_120' title='bbox 1162 2060 1417 2116; x_wconf 87' lang='lat' dir='ltr'><strong>regnans</strong></span> <span class='ocrx_word' id='word_1_121' title='bbox 1444 2041 1630 2102; x_wconf 87' lang='lat' dir='ltr'><strong>trinus</strong></span> 
     </span>
     <span class='ocr_line' id='line_1_25' title="bbox 429 2119 1633 2192; baseline 0.006 -18"><span class='ocrx_word' id='word_1_122' title='bbox 429 2126 490 2174; x_wconf 91' lang='lat' dir='ltr'><strong>et</strong></span> <span class='ocrx_word' id='word_1_123' title='bbox 537 2134 688 2173; x_wconf 88' lang='lat' dir='ltr'><strong>unus</strong></span> <span class='ocrx_word' id='word_1_124' title='bbox 731 2135 923 2175; x_wconf 88' lang='lat' dir='ltr'><strong>amen.</strong></span> <span class='ocrx_word' id='word_1_125' title='bbox 1008 2119 1089 2176; x_wconf 84' lang='lat' dir='ltr'><strong>In</strong></span> <span class='ocrx_word' id='word_1_126' title='bbox 1118 2121 1318 2192; x_wconf 80' lang='lat' dir='ltr'><strong>primo</strong></span> <span class='ocrx_word' id='word_1_127' title='bbox 1358 2127 1633 2181; x_wconf 83' lang='lat' dir='ltr'><strong>nocturno</strong></span> 
     </span>
     <span class='ocr_line' id='line_1_26' title="bbox 428 2192 1631 2271; baseline 0.007 -20"><span class='ocrx_word' id='word_1_128' title='bbox 428 2199 525 2252; x_wconf 78' lang='grc' dir='ltr'><em>αῑι.</em></span> <span class='ocrx_word' id='word_1_129' title='bbox 576 2192 781 2253; x_wconf 91' lang='lat' dir='ltr'><strong>Hodie</strong></span> <span class='ocrx_word' id='word_1_130' title='bbox 810 2193 1089 2254; x_wconf 89' lang='lat' dir='ltr'><strong>dominus</strong></span> <span class='ocrx_word' id='word_1_131' title='bbox 1136 2199 1313 2271; x_wconf 90' lang='lat' dir='ltr'><strong>Jesus</strong></span> <span class='ocrx_word' id='word_1_132' title='bbox 1357 2199 1631 2264; x_wconf 76' lang='lat' dir='ltr'><strong>Christus</strong></span> 
     </span>
     <span class='ocr_line' id='line_1_27' title="bbox 428 2270 1632 2352; baseline 0.007 -23"><span class='ocrx_word' id='word_1_133' title='bbox 428 2270 580 2330; x_wconf 84' lang='lat' dir='ltr'><strong>facie</strong></span> <span class='ocrx_word' id='word_1_134' title='bbox 608 2281 675 2330; x_wconf 91' lang='lat' dir='ltr'><strong>ut</strong></span> <span class='ocrx_word' id='word_1_135' title='bbox 702 2272 791 2330; x_wconf 89' lang='lat' dir='ltr'><strong>sol</strong></span> <span class='ocrx_word' id='word_1_136' title='bbox 820 2270 879 2330; x_wconf 90' lang='lat' dir='ltr'><strong>in</strong></span> <span class='ocrx_word' id='word_1_137' title='bbox 910 2284 1113 2334; x_wconf 90' lang='lat' dir='ltr'><strong>monte</strong></span> <span class='ocrx_word' id='word_1_138' title='bbox 1152 2277 1519 2352; x_wconf 85' lang='lat' dir='ltr'><strong>resplenduit</strong></span> <span class='ocrx_word' id='word_1_139' title='bbox 1558 2299 1632 2338; x_wconf 88' lang='lat' dir='ltr'><strong>ac</strong></span> 
     </span>
     <span class='ocr_line' id='line_1_28' title="bbox 430 2349 1630 2427; baseline 0.006 -18"><span class='ocrx_word' id='word_1_140' title='bbox 430 2349 797 2410; x_wconf 86' lang='lat' dir='ltr'><strong>vestimentis</strong></span> <span class='ocrx_word' id='word_1_141' title='bbox 840 2362 1121 2427; x_wconf 89' lang='lat' dir='ltr'><strong>tanquam</strong></span> <span class='ocrx_word' id='word_1_142' title='bbox 1184 2353 1287 2414; x_wconf 90' lang='lat' dir='ltr'><strong>nix</strong></span> <span class='ocrx_word' id='word_1_143' title='bbox 1338 2357 1630 2418; x_wconf 89' lang='lat' dir='ltr'><strong>candidus</strong></span> 
     </span>
     <span class='ocr_line' id='line_1_29' title="bbox 430 2428 1626 2505; baseline 0.008 -17"><span class='ocrx_word' id='word_1_144' title='bbox 430 2428 687 2488; x_wconf 88' lang='lat' dir='ltr'><strong>emicuit.</strong></span> <span class='ocrx_word' id='word_1_145' title='bbox 758 2438 851 2505; x_wconf 76' lang='lat' dir='ltr'><strong>p3.</strong></span> <span class='ocrx_word' id='word_1_146' title='bbox 900 2431 1145 2490; x_wconf 88' lang='lat' dir='ltr'><strong>Domini</strong></span> <span class='ocrx_word' id='word_1_147' title='bbox 1173 2444 1265 2493; x_wconf 88' lang='lat' dir='ltr'><strong>est</strong></span> <span class='ocrx_word' id='word_1_148' title='bbox 1291 2445 1457 2495; x_wconf 86' lang='lat' dir='ltr'><strong>terra.</strong></span> <span class='ocrx_word' id='word_1_149' title='bbox 1528 2441 1626 2496; x_wconf 80' lang='lat' dir='ltr'><strong>ar‘t.</strong></span> 
     </span>
     <span class='ocr_line' id='line_1_30' title="bbox 432 2508 1630 2575; baseline 0.008 -9"><span class='ocrx_word' id='word_1_150' title='bbox 432 2509 593 2566; x_wconf 87' lang='lat' dir='ltr'><strong>Ecce</strong></span> <span class='ocrx_word' id='word_1_151' title='bbox 635 2509 827 2568; x_wconf 88' lang='lat' dir='ltr'><strong>nubes</strong></span> <span class='ocrx_word' id='word_1_152' title='bbox 866 2508 1065 2568; x_wconf 91' lang='lat' dir='ltr'><strong>lucida</strong></span> <span class='ocrx_word' id='word_1_153' title='bbox 1109 2513 1485 2573; x_wconf 87' lang='lat' dir='ltr'><strong>obumbravit</strong></span> <span class='ocrx_word' id='word_1_154' title='bbox 1524 2534 1630 2575; x_wconf 90' lang='lat' dir='ltr'><strong>eos</strong></span> 
     </span>
     <span class='ocr_line' id='line_1_31' title="bbox 430 2587 1632 2664; baseline 0.007 -19"><span class='ocrx_word' id='word_1_155' title='bbox 430 2597 676 2664; x_wconf 87' lang='lat' dir='ltr'><strong>paterna</strong></span> <span class='ocrx_word' id='word_1_156' title='bbox 703 2606 817 2645; x_wconf 86' lang='lat' dir='ltr'><strong>vox</strong></span> <span class='ocrx_word' id='word_1_157' title='bbox 844 2587 1051 2648; x_wconf 89' lang='lat' dir='ltr'><strong>audita</strong></span> <span class='ocrx_word' id='word_1_158' title='bbox 1076 2602 1201 2650; x_wconf 90' lang='lat' dir='ltr'><strong>est:</strong></span> <span class='ocrx_word' id='word_1_159' title='bbox 1230 2591 1330 2650; x_wconf 91' lang='lat' dir='ltr'><strong>hic</strong></span> <span class='ocrx_word' id='word_1_160' title='bbox 1358 2603 1447 2652; x_wconf 89' lang='lat' dir='ltr'><strong>est</strong></span> <span class='ocrx_word' id='word_1_161' title='bbox 1476 2593 1632 2653; x_wconf 86' lang='lat' dir='ltr'><strong>filius</strong></span> 
     </span>
     <span class='ocr_line' id='line_1_32' title="bbox 433 2668 1629 2741; baseline 0.008 -18"><span class='ocrx_word' id='word_1_162' title='bbox 433 2684 617 2724; x_wconf 74' lang='lat' dir='ltr'><strong>meus,</strong></span> <span class='ocrx_word' id='word_1_163' title='bbox 713 2669 807 2741; x_wconf 60' lang='lat' dir='ltr'><strong>pf.</strong></span> <span class='ocrx_word' id='word_1_164' title='bbox 871 2668 1097 2728; x_wconf 83' lang='lat' dir='ltr'><strong>Afferte</strong></span> <span class='ocrx_word' id='word_1_165' title='bbox 1166 2670 1427 2730; x_wconf 81' lang='lat' dir='ltr'><strong>domino,</strong></span> <span class='ocrx_word' id='word_1_166' title='bbox 1528 2677 1629 2732; x_wconf 73' lang='lat' dir='ltr'><strong>ar&#39;s.</strong></span> 
     </span>
     <span class='ocr_line' id='line_1_33' title="bbox 435 2744 1632 2826; baseline 0.008 -24"><span class='ocrx_word' id='word_1_167' title='bbox 435 2745 642 2804; x_wconf 89' lang='lat' dir='ltr'><strong>Petrus</strong></span> <span class='ocrx_word' id='word_1_168' title='bbox 698 2755 757 2804; x_wconf 90' lang='lat' dir='ltr'><strong>et</strong></span> <span class='ocrx_word' id='word_1_169' title='bbox 812 2744 915 2821; x_wconf 92' lang='lat' dir='ltr'><strong>qui</strong></span> <span class='ocrx_word' id='word_1_170' title='bbox 970 2766 1107 2805; x_wconf 91' lang='lat' dir='ltr'><strong>cum</strong></span> <span class='ocrx_word' id='word_1_171' title='bbox 1136 2747 1265 2814; x_wconf 78' lang='lat' dir='ltr'><strong>‚illo</strong></span> <span class='ocrx_word' id='word_1_172' title='bbox 1326 2763 1632 2826; x_wconf 86' lang='lat' dir='ltr'><strong>presentes</strong></span> 
     </span>
     <span class='ocr_line' id='line_1_34' title="bbox 432 2823 1636 2890; baseline 0.007 -8"><span class='ocrx_word' id='word_1_173' title='bbox 432 2834 601 2882; x_wconf 91' lang='lat' dir='ltr'><strong>erant</strong></span> <span class='ocrx_word' id='word_1_174' title='bbox 639 2823 715 2882; x_wconf 82' lang='lat' dir='ltr'><strong>a⁴</strong></span> <span class='ocrx_word' id='word_1_175' title='bbox 773 2823 1009 2884; x_wconf 90' lang='lat' dir='ltr'><strong>Christo</strong></span> <span class='ocrx_word' id='word_1_176' title='bbox 1061 2827 1321 2888; x_wconf 87' lang='lat' dir='ltr'><strong>letificati</strong></span> <span class='ocrx_word' id='word_1_177' title='bbox 1362 2828 1636 2890; x_wconf 91' lang='lat' dir='ltr'><strong>viderunt</strong></span> 
     </span>
     <span class='ocr_line' id='line_1_35' title="bbox 432 2901 1636 2978; baseline 0.009 -20"><span class='ocrx_word' id='word_1_178' title='bbox 432 2901 675 2977; x_wconf 85' lang='lat' dir='ltr'><strong>gloriam</strong></span> <span class='ocrx_word' id='word_1_179' title='bbox 733 2901 845 2962; x_wconf 92' lang='lat' dir='ltr'><strong>dei.</strong></span> <span class='ocrx_word' id='word_1_180' title='bbox 939 2911 1031 2978; x_wconf 79' lang='lat' dir='ltr'><strong>p3.</strong></span> <span class='ocrx_word' id='word_1_181' title='bbox 1080 2905 1376 2966; x_wconf 86' lang='lat' dir='ltr'><strong>Dominus</strong></span> <span class='ocrx_word' id='word_1_182' title='bbox 1429 2921 1636 2969; x_wconf 88' lang='lat' dir='ltr'><strong>noster</strong></span> 
     </span>
     <span class='ocr_line' id='line_1_36' title="bbox 434 2979 1634 3061; baseline 0.008 -24"><span class='ocrx_word' id='word_1_183' title='bbox 434 2979 735 3056; x_wconf 76' lang='lat' dir='ltr'><strong>refugium.</strong></span> <span class='ocrx_word' id='word_1_184' title='bbox 824 2982 875 3056; x_wconf 74' lang='grc' dir='ltr'><strong><em>Ϋ</em></strong></span> <span class='ocrx_word' id='word_1_185' title='bbox 916 2982 1046 3043; x_wconf 90' lang='lat' dir='ltr'><strong>Celi</strong></span> <span class='ocrx_word' id='word_1_186' title='bbox 1074 2984 1261 3060; x_wconf 89' lang='lat' dir='ltr'><strong>aperti</strong></span> <span class='ocrx_word' id='word_1_187' title='bbox 1290 2997 1429 3046; x_wconf 90' lang='lat' dir='ltr'><strong>sunt</strong></span> <span class='ocrx_word' id='word_1_188' title='bbox 1456 3007 1634 3061; x_wconf 89' lang='lat' dir='ltr'><strong>super</strong></span> 
     </span>
     <span class='ocr_line' id='line_1_37' title="bbox 436 3061 1636 3138; baseline 0.007 -20"><span class='ocrx_word' id='word_1_189' title='bbox 436 3077 589 3118; x_wconf 91' lang='lat' dir='ltr'><strong>eum.</strong></span> <span class='ocrx_word' id='word_1_190' title='bbox 676 3061 778 3118; x_wconf 88' lang='lat' dir='ltr'><strong>Re.</strong></span> <span class='ocrx_word' id='word_1_191' title='bbox 842 3061 920 3120; x_wconf 90' lang='lat' dir='ltr'><strong>Et</strong></span> <span class='ocrx_word' id='word_1_192' title='bbox 972 3081 1088 3122; x_wconf 84' lang='lat' dir='ltr'><strong>vox</strong></span> <span class='ocrx_word' id='word_1_193' title='bbox 1140 3064 1322 3138; x_wconf 86' lang='lat' dir='ltr'><strong>patris</strong></span> <span class='ocrx_word' id='word_1_194' title='bbox 1375 3065 1636 3126; x_wconf 87' lang='lat' dir='ltr'><strong>intonuit</strong></span> 
     </span>
     <span class='ocr_line' id='line_1_38' title="bbox 436 3136 1628 3220; baseline 0.008 -24"><span class='ocrx_word' id='word_1_195' title='bbox 436 3136 536 3196; x_wconf 86' lang='lat' dir='ltr'><strong>hic</strong></span> <span class='ocrx_word' id='word_1_196' title='bbox 564 3148 655 3196; x_wconf 88' lang='lat' dir='ltr'><strong>est</strong></span> <span class='ocrx_word' id='word_1_197' title='bbox 684 3137 833 3198; x_wconf 88' lang='lat' dir='ltr'><strong>filius</strong></span> <span class='ocrx_word' id='word_1_198' title='bbox 863 3159 1031 3199; x_wconf 90' lang='lat' dir='ltr'><strong>meus</strong></span> <span class='ocrx_word' id='word_1_199' title='bbox 1059 3141 1327 3202; x_wconf 68' lang='lat' dir='ltr'><strong>dilectus</strong></span> <span class='ocrx_word' id='word_1_200' title='bbox 1374 3145 1562 3204; x_wconf 73' lang='lat' dir='ltr'><strong>Lectio</strong></span> <span class='ocrx_word' id='word_1_201' title='bbox 1571 3149 1628 3220; x_wconf 89' lang='lat' dir='ltr'><strong>j.</strong></span> 
     </span>
     <span class='ocr_line' id='line_1_39' title="bbox 438 3217 1635 3320; baseline 0.009 -47"><span class='ocrx_word' id='word_1_202' title='bbox 438 3217 707 3320; x_wconf 77' lang='lat' dir='ltr'><strong>petrus</strong></span> <span class='ocrx_word' id='word_1_203' title='bbox 760 3217 841 3276; x_wconf 92' lang='lat' dir='ltr'><strong>ad</strong></span> <span class='ocrx_word' id='word_1_204' title='bbox 892 3219 1359 3294; x_wconf 85' lang='lat' dir='ltr'><strong>predicationem</strong></span> <span class='ocrx_word' id='word_1_205' title='bbox 1430 3225 1635 3284; x_wconf 90' lang='lat' dir='ltr'><strong>mortis</strong></span> 
     </span>
    </p>

    <p class='ocr_par' dir='ltr' id='par_1_5' title="bbox 440 3293 1640 3924">
     <span class='ocr_line' id='line_1_40' title="bbox 548 3293 1637 3364; baseline 0.009 -11"><span class='ocrx_word' id='word_1_206' title='bbox 548 3293 848 3355; x_wconf 88' lang='lat' dir='ltr'><strong>dominice</strong></span> <span class='ocrx_word' id='word_1_207' title='bbox 890 3299 1319 3360; x_wconf 89' lang='lat' dir='ltr'><strong>scandalizatus</strong></span> <span class='ocrx_word' id='word_1_208' title='bbox 1341 3304 1637 3364; x_wconf 88' lang='lat' dir='ltr'><strong>sententia</strong></span> 
     </span>
     <span class='ocr_line' id='line_1_41' title="bbox 440 3370 1636 3456; baseline 0.008 -24"><span class='ocrx_word' id='word_1_209' title='bbox 440 3370 672 3432; x_wconf 90' lang='lat' dir='ltr'><strong>domini</strong></span> <span class='ocrx_word' id='word_1_210' title='bbox 701 3374 886 3432; x_wconf 90' lang='lat' dir='ltr'><strong>fuerat</strong></span> <span class='ocrx_word' id='word_1_211' title='bbox 912 3372 1248 3452; x_wconf 88' lang='lat' dir='ltr'><strong>increpatus</strong></span> <span class='ocrx_word' id='word_1_212' title='bbox 1277 3401 1289 3440; x_wconf 74' lang='grc' dir='ltr'><strong><em>ε</em></strong></span> <span class='ocrx_word' id='word_1_213' title='bbox 1331 3383 1636 3456; x_wconf 80' lang='lat' dir='ltr'><strong>provocati</strong></span> 
     </span>
     <span class='ocr_line' id='line_1_42' title="bbox 440 3450 1638 3529; baseline 0.01 -19"><span class='ocrx_word' id='word_1_214' title='bbox 440 3450 711 3525; x_wconf 90' lang='lat' dir='ltr'><strong>discipuli</strong></span> <span class='ocrx_word' id='word_1_215' title='bbox 730 3462 794 3510; x_wconf 90' lang='lat' dir='ltr'><strong>ut</strong></span> <span class='ocrx_word' id='word_1_216' title='bbox 812 3453 1170 3529; x_wconf 88' lang='lat' dir='ltr'><strong>abnegarent</strong></span> <span class='ocrx_word' id='word_1_217' title='bbox 1188 3477 1252 3516; x_wconf 88' lang='lat' dir='ltr'><strong>se</strong></span> <span class='ocrx_word' id='word_1_218' title='bbox 1274 3469 1335 3518; x_wconf 91' lang='lat' dir='ltr'><strong>et</strong></span> <span class='ocrx_word' id='word_1_219' title='bbox 1363 3461 1638 3522; x_wconf 86' lang='lat' dir='ltr'><strong>tollerent</strong></span> 
     </span>
     <span class='ocr_line' id='line_1_43' title="bbox 440 3534 1639 3601; baseline 0.011 -13"><span class='ocrx_word' id='word_1_220' title='bbox 440 3548 675 3589; x_wconf 90' lang='lat' dir='ltr'><strong>crucem</strong></span> <span class='ocrx_word' id='word_1_221' title='bbox 704 3547 869 3588; x_wconf 91' lang='lat' dir='ltr'><strong>suam</strong></span> <span class='ocrx_word' id='word_1_222' title='bbox 898 3553 911 3590; x_wconf 74' lang='grc' dir='ltr'><strong><em>ε</em></strong></span> <span class='ocrx_word' id='word_1_223' title='bbox 940 3543 1000 3591; x_wconf 92' lang='lat' dir='ltr'><strong>et</strong></span> <span class='ocrx_word' id='word_1_224' title='bbox 1026 3534 1414 3596; x_wconf 76' lang='lat' dir='ltr'><strong>morientem⁶</strong></span> <span class='ocrx_word' id='word_1_225' title='bbox 1434 3540 1639 3601; x_wconf 86' lang='lat' dir='ltr'><strong>animo</strong></span> 
     </span>
     <span class='ocr_line' id='line_1_44' title="bbox 441 3611 1638 3685; baseline 0.011 -18"><span class='ocrx_word' id='word_1_226' title='bbox 441 3619 825 3683; x_wconf 88' lang='lat' dir='ltr'><strong>sequerentur</strong></span> <span class='ocrx_word' id='word_1_227' title='bbox 896 3611 1256 3685; x_wconf 89' lang='lat' dir='ltr'><strong>magistrum.</strong></span> <span class='ocrx_word' id='word_1_228' title='bbox 1380 3619 1638 3680; x_wconf 88' lang='lat' dir='ltr'><strong>Grandis</strong></span> 
     </span>
     <span class='ocr_line' id='line_1_45' title="bbox 444 3686 1640 3773; baseline 0.011 -27"><span class='ocrx_word' id='word_1_229' title='bbox 444 3699 628 3746; x_wconf 90' lang='lat' dir='ltr'><strong>terror</strong></span> <span class='ocrx_word' id='word_1_230' title='bbox 681 3686 1097 3750; x_wconf 86' lang='lat' dir='ltr'><strong>audientium:</strong></span> <span class='ocrx_word' id='word_1_231' title='bbox 1166 3703 1227 3752; x_wconf 92' lang='lat' dir='ltr'><strong>et</strong></span> <span class='ocrx_word' id='word_1_232' title='bbox 1279 3694 1381 3769; x_wconf 90' lang='lat' dir='ltr'><strong>qui</strong></span> <span class='ocrx_word' id='word_1_233' title='bbox 1436 3710 1640 3773; x_wconf 88' lang='lat' dir='ltr'><strong>posset</strong></span> 
     </span>
     <span class='ocr_line' id='line_1_46' title="bbox 443 3764 1639 3848; baseline 0.012 -25"><span class='ocrx_word' id='word_1_234' title='bbox 443 3764 695 3842; x_wconf 87' lang='lat' dir='ltr'><strong>principi</strong></span> <span class='ocrx_word' id='word_1_235' title='bbox 741 3769 1060 3842; x_wconf 87' lang='lat' dir='ltr'><strong>apostolo:</strong></span> <span class='ocrx_word' id='word_1_236' title='bbox 1113 3783 1404 3848; x_wconf 90' lang='lat' dir='ltr'><strong>perpetuo</strong></span> <span class='ocrx_word' id='word_1_237' title='bbox 1458 3776 1639 3837; x_wconf 88' lang='lat' dir='ltr'><strong>etiam</strong></span> 
     </span>
     <span class='ocr_line' id='line_1_47' title="bbox 445 3844 1638 3924; baseline 0.009 -20"><span class='ocrx_word' id='word_1_238' title='bbox 445 3844 574 3904; x_wconf 89' lang='lat' dir='ltr'><strong>aliis</strong></span> <span class='ocrx_word' id='word_1_239' title='bbox 602 3851 825 3924; x_wconf 84' lang='lat' dir='ltr'><strong>metum</strong></span> <span class='ocrx_word' id='word_1_240' title='bbox 855 3845 1065 3907; x_wconf 84' lang='lat' dir='ltr'><strong>inferre</strong></span> <span class='ocrx_word' id='word_1_241' title='bbox 1083 3847 1108 3886; x_wconf 80' lang='lat'><strong>⁶</strong></span> <span class='ocrx_word' id='word_1_242' title='bbox 1137 3872 1149 3908; x_wconf 93' lang='lat'>:</span> <span class='ocrx_word' id='word_1_243' title='bbox 1194 3849 1416 3913; x_wconf 89' lang='lat' dir='ltr'><strong>idcirco</strong></span> <span class='ocrx_word' id='word_1_244' title='bbox 1464 3854 1638 3916; x_wconf 86' lang='lat' dir='ltr'><strong>tristi-</strong></span> 
     </span>
    </p>
   </div>
   <div class='ocr_carea' id='block_1_3' title="bbox 692 4047 1276 4306">
    <p class='ocr_par' dir='ltr' id='par_1_6' title="bbox 692 4047 1276 4306">
     <span class='ocr_line' id='line_1_48' title="bbox 710 4047 1194 4142; baseline 0.008 -46"><span class='ocrx_word' id='word_1_245' title='bbox 710 4047 975 4142; x_wconf 58' lang='lat' dir='ltr'><strong>:¹2¹⁰‚‘²d</strong></span> <span class='ocrx_word' id='word_1_246' title='bbox 995 4047 1009 4072; x_wconf 87' lang='grc'><strong><em>’</em></strong></span> <span class='ocrx_word' id='word_1_247' title='bbox 1034 4057 1107 4098; x_wconf 89' lang='lat' dir='ltr'><strong>et:</strong></span> <span class='ocrx_word' id='word_1_248' title='bbox 1142 4050 1194 4100; x_wconf 91' lang='lat' dir='ltr'><strong>S.</strong></span> 
     </span>
     <span class='ocr_line' id='line_1_49' title="bbox 712 4115 1093 4230; baseline 0.01 -4"><span class='ocrx_word' id='word_1_249' title='bbox 712 4181 731 4207; x_wconf 90' lang='lat'>⁷</span> <span class='ocrx_word' id='word_1_250' title='bbox 764 4115 1093 4230; x_wconf 45' lang='lat' dir='ltr'><strong>Timgrss·=SS·.</strong></span> 
     </span>
     <span class='ocr_line' id='line_1_50' title="bbox 692 4243 1276 4306; baseline 0.01 -14"><span class='ocrx_word' id='word_1_251' title='bbox 692 4243 730 4274; x_wconf 74' lang='lat'><strong>¹‘</strong></span> <span class='ocrx_word' id='word_1_252' title='bbox 764 4246 1134 4306; x_wconf 86' lang='lat' dir='ltr'><strong>promissorium</strong></span> <span class='ocrx_word' id='word_1_253' title='bbox 1162 4265 1175 4296; x_wconf 73' lang='grc' dir='ltr'><strong><em>ε</em></strong></span> <span class='ocrx_word' id='word_1_254' title='bbox 1212 4249 1276 4299; x_wconf 86' lang='lat' dir='ltr'><strong>N.</strong></span> 
     </span>
    </p>
   </div>
   <div class='ocr_carea' id='block_1_4' title="bbox 1522 4057 2028 4383">
    <p class='ocr_par' dir='ltr' id='par_1_7' title="bbox 1522 4057 2028 4383">
     <span class='ocr_line' id='line_1_51' title="bbox 1534 4057 1950 4121; baseline 0.017 -16"><span class='ocrx_word' id='word_1_255' title='bbox 1534 4057 1555 4085; x_wconf 79' lang='lat'>²</span> <span class='ocrx_word' id='word_1_256' title='bbox 1587 4073 1807 4121; x_wconf 81' lang='lat' dir='ltr'><strong>moysem</strong></span> <span class='ocrx_word' id='word_1_257' title='bbox 1836 4080 1848 4111; x_wconf 74' lang='grc' dir='ltr'><strong>ε</strong></span> <span class='ocrx_word' id='word_1_258' title='bbox 1884 4061 1950 4112; x_wconf 89' lang='lat' dir='ltr'><strong>N.</strong></span> 
     </span>
     <span class='ocr_line' id='line_1_52' title="bbox 1532 4125 2028 4179; baseline 0.016 -8"><span class='ocrx_word' id='word_1_259' title='bbox 1532 4125 1552 4152; x_wconf 75' lang='lat'>⁸</span> <span class='ocrx_word' id='word_1_260' title='bbox 1587 4126 1939 4178; x_wconf 86' lang='lat' dir='ltr'><strong>morientium:</strong></span> <span class='ocrx_word' id='word_1_261' title='bbox 1975 4130 2028 4179; x_wconf 90' lang='lat' dir='ltr'><strong>S.</strong></span> 
     </span>
     <span class='ocr_line' id='line_1_53' title="bbox 1534 4190 1914 4244; baseline 0 -3"><span class='ocrx_word' id='word_1_262' title='bbox 1534 4190 1555 4218; x_wconf 80' lang='lat'>⁸</span> <span class='ocrx_word' id='word_1_263' title='bbox 1595 4191 1674 4237; x_wconf 79' lang='lat' dir='ltr'><strong>‘in</strong></span> <span class='ocrx_word' id='word_1_264' title='bbox 1697 4191 1709 4211; x_wconf 94' lang='lat'>’</span> <span class='ocrx_word' id='word_1_265' title='bbox 1732 4207 1830 4241; x_wconf 90' lang='lat' dir='ltr'><strong>om.</strong></span> <span class='ocrx_word' id='word_1_266' title='bbox 1863 4193 1914 4244; x_wconf 84' lang='lat' dir='ltr'><strong>S.</strong></span> 
     </span>
     <span class='ocr_line' id='line_1_54' title="bbox 1522 4253 1865 4309; baseline 0.023 -8"><span class='ocrx_word' id='word_1_267' title='bbox 1522 4255 1553 4282; x_wconf 89' lang='lat'><strong>¹¹</strong></span> <span class='ocrx_word' id='word_1_268' title='bbox 1595 4253 1786 4306; x_wconf 80' lang='lat' dir='ltr'><strong>indies:</strong></span> <span class='ocrx_word' id='word_1_269' title='bbox 1813 4259 1865 4309; x_wconf 91' lang='lat' dir='ltr'><strong>S.</strong></span> 
     </span>
     <span class='ocr_line' id='line_1_55' title="bbox 1582 4321 1875 4383; baseline 0.014 -14"><span class='ocrx_word' id='word_1_270' title='bbox 1582 4321 1618 4348; x_wconf 73' lang='lat'><strong>¹³</strong></span> <span class='ocrx_word' id='word_1_271' title='bbox 1653 4321 1788 4383; x_wconf 82' lang='lat' dir='ltr'><strong>Qui:</strong></span> <span class='ocrx_word' id='word_1_272' title='bbox 1824 4325 1875 4373; x_wconf 80' lang='lat' dir='ltr'><strong>S.</strong></span> 
     </span>
    </p>
   </div>
   <div class='ocr_carea' id='block_1_5' title="bbox 2243 267 2394 321">
    <p class='ocr_par' dir='ltr' id='par_1_8' title="bbox 2243 267 2394 321">
     <span class='ocr_line' id='line_1_56' title="bbox 2243 267 2394 321; baseline -0.007 0"><span class='ocrx_word' id='word_1_273' title='bbox 2243 267 2394 321; x_wconf 75' lang='lat'><strong>736</strong></span> 
     </span>
    </p>
   </div>
   <div class='ocr_carea' id='block_1_6' title="bbox 1722 380 2948 2070">
    <p class='ocr_par' dir='ltr' id='par_1_9' title="bbox 1722 380 2948 2070">
     <span class='ocr_line' id='line_1_57' title="bbox 1722 380 2922 444; baseline -0.001 -3"><span class='ocrx_word' id='word_1_274' title='bbox 1722 383 1836 442; x_wconf 85' lang='lat' dir='ltr'><strong>bus</strong></span> <span class='ocrx_word' id='word_1_275' title='bbox 1861 383 1982 442; x_wconf 83' lang='lat' dir='ltr'><strong>leta</strong></span> <span class='ocrx_word' id='word_1_276' title='bbox 2008 383 2339 444; x_wconf 89' lang='lat' dir='ltr'><strong>succedunt</strong></span> <span class='ocrx_word' id='word_1_277' title='bbox 2366 405 2380 443; x_wconf 90' lang='lat'>:</span> <span class='ocrx_word' id='word_1_278' title='bbox 2421 394 2483 442; x_wconf 91' lang='lat' dir='ltr'><strong>et</strong></span> <span class='ocrx_word' id='word_1_279' title='bbox 2511 381 2676 442; x_wconf 88' lang='lat' dir='ltr'><strong>dicit.</strong></span> <span class='ocrx_word' id='word_1_280' title='bbox 2751 380 2922 441; x_wconf 87' lang='lat' dir='ltr'><strong>Filius</strong></span> 
     </span>
     <span class='ocr_line' id='line_1_58' title="bbox 1723 459 2924 538; baseline 0 -18"><span class='ocrx_word' id='word_1_281' title='bbox 1723 461 1985 522; x_wconf 86' lang='lat' dir='ltr'><strong>hominis</strong></span> <span class='ocrx_word' id='word_1_282' title='bbox 2011 473 2296 522; x_wconf 87' lang='lat' dir='ltr'><strong>venturus</strong></span> <span class='ocrx_word' id='word_1_283' title='bbox 2322 474 2416 522; x_wconf 91' lang='lat' dir='ltr'><strong>est</strong></span> <span class='ocrx_word' id='word_1_284' title='bbox 2443 462 2508 522; x_wconf 91' lang='lat' dir='ltr'><strong>in</strong></span> <span class='ocrx_word' id='word_1_285' title='bbox 2535 459 2728 538; x_wconf 87' lang='lat' dir='ltr'><strong>gloria</strong></span> <span class='ocrx_word' id='word_1_286' title='bbox 2751 460 2924 536; x_wconf 76' lang='lat' dir='ltr'><strong>panis</strong></span> 
     </span>
     <span class='ocr_line' id='line_1_59' title="bbox 1725 538 2928 618; baseline -0.002 -19"><span class='ocrx_word' id='word_1_287' title='bbox 1725 539 1816 599; x_wconf 90' lang='lat' dir='ltr'><strong>sui</strong></span> <span class='ocrx_word' id='word_1_288' title='bbox 1844 559 1984 599; x_wconf 89' lang='lat' dir='ltr'><strong>cum</strong></span> <span class='ocrx_word' id='word_1_289' title='bbox 2011 540 2236 618; x_wconf 89' lang='lat' dir='ltr'><strong>angelis</strong></span> <span class='ocrx_word' id='word_1_290' title='bbox 2275 542 2412 602; x_wconf 87' lang='lat' dir='ltr'><strong>suis.</strong></span> <span class='ocrx_word' id='word_1_291' title='bbox 2499 541 2712 600; x_wconf 82' lang='lat' dir='ltr'><strong>Times</strong></span> <span class='ocrx_word' id='word_1_292' title='bbox 2727 538 2754 576; x_wconf 82' lang='lat'>⁷</span> <span class='ocrx_word' id='word_1_293' title='bbox 2779 559 2928 598; x_wconf 84' lang='lat' dir='ltr'><strong>mor-</strong></span> 
     </span>
     <span class='ocr_line' id='line_1_60' title="bbox 1725 617 2930 698; baseline 0 -20"><span class='ocrx_word' id='word_1_294' title='bbox 1725 629 1849 679; x_wconf 91' lang='lat' dir='ltr'><strong>tem</strong></span> <span class='ocrx_word' id='word_1_295' title='bbox 1877 621 2020 679; x_wconf 86' lang='lat' dir='ltr'><strong>audi</strong></span> <span class='ocrx_word' id='word_1_296' title='bbox 2044 620 2290 696; x_wconf 86' lang='lat' dir='ltr'><strong>gloriam</strong></span> <span class='ocrx_word' id='word_1_297' title='bbox 2319 617 2768 698; x_wconf 87' lang='lat' dir='ltr'><strong>triumphantis.</strong></span> <span class='ocrx_word' id='word_1_298' title='bbox 2815 620 2930 678; x_wconf 82' lang='lat' dir='ltr'><strong>Ve-</strong></span> 
     </span>
     <span class='ocr_line' id='line_1_61' title="bbox 1723 697 2932 774; baseline -0.002 -16"><span class='ocrx_word' id='word_1_299' title='bbox 1723 697 1868 758; x_wconf 84' lang='lat' dir='ltr'><strong>teris</strong></span> <span class='ocrx_word' id='word_1_300' title='bbox 1920 717 2158 758; x_wconf 89' lang='lat' dir='ltr'><strong>crucem</strong></span> <span class='ocrx_word' id='word_1_301' title='bbox 2189 723 2204 760; x_wconf 90' lang='lat'>:</span> <span class='ocrx_word' id='word_1_302' title='bbox 2261 703 2536 760; x_wconf 85' lang='lat' dir='ltr'><strong>ausculta</strong></span> <span class='ocrx_word' id='word_1_303' title='bbox 2588 698 2932 774; x_wconf 88' lang='lat' dir='ltr'><strong>angelorum</strong></span> 
     </span>
     <span class='ocr_line' id='line_1_62' title="bbox 1727 777 2934 856; baseline 0 -21"><span class='ocrx_word' id='word_1_304' title='bbox 1727 778 2018 853; x_wconf 87' lang='lat' dir='ltr'><strong>mysteria.</strong></span> <span class='ocrx_word' id='word_1_305' title='bbox 2121 781 2200 839; x_wconf 93' lang='lat' dir='ltr'><strong>Et</strong></span> <span class='ocrx_word' id='word_1_306' title='bbox 2247 789 2392 839; x_wconf 79' lang='lat' dir='ltr'><strong>tunc</strong></span> <span class='ocrx_word' id='word_1_307' title='bbox 2461 777 2659 856; x_wconf 83' lang='lat' dir='ltr'><strong>inquit</strong></span> <span class='ocrx_word' id='word_1_308' title='bbox 2731 777 2934 836; x_wconf 79' lang='lat' dir='ltr'><strong>reddet</strong></span> 
     </span>
     <span class='ocr_line' id='line_1_63' title="bbox 1725 856 2928 934; baseline -0.002 -18"><span class='ocrx_word' id='word_1_309' title='bbox 1725 856 2050 934; x_wconf 88' lang='lat' dir='ltr'><strong>unicuique</strong></span> <span class='ocrx_word' id='word_1_310' title='bbox 2115 859 2452 918; x_wconf 88' lang='lat' dir='ltr'><strong>secundum</strong></span> <span class='ocrx_word' id='word_1_311' title='bbox 2531 875 2724 932; x_wconf 86' lang='lat' dir='ltr'><strong>opera</strong></span> <span class='ocrx_word' id='word_1_312' title='bbox 2791 857 2928 931; x_wconf 84' lang='lat' dir='ltr'><strong>ejus.</strong></span> 
     </span>
     <span class='ocr_line' id='line_1_64' title="bbox 1726 933 2936 1012; baseline -0.003 -17"><span class='ocrx_word' id='word_1_313' title='bbox 1726 938 1870 996; x_wconf 87' lang='lat' dir='ltr'><strong>Non</strong></span> <span class='ocrx_word' id='word_1_314' title='bbox 1890 947 1980 996; x_wconf 87' lang='lat' dir='ltr'><strong>est</strong></span> <span class='ocrx_word' id='word_1_315' title='bbox 1993 936 2298 997; x_wconf 89' lang='lat' dir='ltr'><strong>distinctio</strong></span> <span class='ocrx_word' id='word_1_316' title='bbox 2315 937 2484 1012; x_wconf 89' lang='lat' dir='ltr'><strong>judei</strong></span> <span class='ocrx_word' id='word_1_317' title='bbox 2505 947 2569 996; x_wconf 89' lang='lat' dir='ltr'><strong>et</strong></span> <span class='ocrx_word' id='word_1_318' title='bbox 2587 933 2820 994; x_wconf 88' lang='lat' dir='ltr'><strong>ethnici</strong></span> <span class='ocrx_word' id='word_1_319' title='bbox 2835 933 2936 992; x_wconf 82' lang='lat' dir='ltr'><strong>viri</strong></span> 
     </span>
     <span class='ocr_line' id='line_1_65' title="bbox 1725 1013 2931 1092; baseline -0.002 -18"><span class='ocrx_word' id='word_1_320' title='bbox 1725 1026 1788 1074; x_wconf 91' lang='lat' dir='ltr'><strong>et</strong></span> <span class='ocrx_word' id='word_1_321' title='bbox 1839 1015 2100 1076; x_wconf 86' lang='lat' dir='ltr'><strong>mulieris</strong></span> <span class='ocrx_word' id='word_1_322' title='bbox 2163 1035 2494 1092; x_wconf 88' lang='lat' dir='ltr'><strong>pauperum</strong></span> <span class='ocrx_word' id='word_1_323' title='bbox 2549 1024 2616 1074; x_wconf 92' lang='lat' dir='ltr'><strong>et</strong></span> <span class='ocrx_word' id='word_1_324' title='bbox 2669 1013 2931 1073; x_wconf 87' lang='lat' dir='ltr'><strong>divitum.</strong></span> 
     </span>
     <span class='ocr_line' id='line_1_66' title="bbox 1727 1091 2938 1172; baseline -0.004 -17"><span class='ocrx_word' id='word_1_325' title='bbox 1727 1093 1852 1155; x_wconf 87' lang='lat' dir='ltr'><strong>Ubi</strong></span> <span class='ocrx_word' id='word_1_326' title='bbox 1880 1113 2004 1154; x_wconf 90' lang='lat' dir='ltr'><strong>non</strong></span> <span class='ocrx_word' id='word_1_327' title='bbox 2031 1114 2286 1172; x_wconf 88' lang='lat' dir='ltr'><strong>persone</strong></span> <span class='ocrx_word' id='word_1_328' title='bbox 2313 1097 2421 1156; x_wconf 92' lang='lat' dir='ltr'><strong>sed</strong></span> <span class='ocrx_word' id='word_1_329' title='bbox 2449 1113 2638 1171; x_wconf 85' lang='lat' dir='ltr'><strong>opera</strong></span> <span class='ocrx_word' id='word_1_330' title='bbox 2665 1091 2938 1152; x_wconf 88' lang='lat' dir='ltr'><strong>conside-</strong></span> 
     </span>
     <span class='ocr_line' id='line_1_67' title="bbox 1725 1171 2940 1252; baseline -0.002 -20"><span class='ocrx_word' id='word_1_331' title='bbox 1725 1183 1942 1234; x_wconf 88' lang='lat' dir='ltr'><strong>rantur.</strong></span> <span class='ocrx_word' id='word_1_332' title='bbox 2012 1176 2116 1234; x_wconf 83' lang='lat' dir='ltr'><strong>Re.</strong></span> <span class='ocrx_word' id='word_1_333' title='bbox 2161 1173 2504 1252; x_wconf 87' lang='lat' dir='ltr'><strong>Assumptis</strong></span> <span class='ocrx_word' id='word_1_334' title='bbox 2529 1171 2724 1232; x_wconf 89' lang='lat' dir='ltr'><strong>hodie</strong></span> <span class='ocrx_word' id='word_1_335' title='bbox 2753 1171 2940 1232; x_wconf 88' lang='lat' dir='ltr'><strong>domi-</strong></span> 
     </span>
     <span class='ocr_line' id='line_1_68' title="bbox 1723 1251 2940 1330; baseline -0.002 -19"><span class='ocrx_word' id='word_1_336' title='bbox 1723 1270 1839 1312; x_wconf 83' lang='lat' dir='ltr'><strong>nus</strong></span> <span class='ocrx_word' id='word_1_337' title='bbox 1857 1255 2035 1329; x_wconf 77' lang='lat' dir='ltr'><strong>Jesus</strong></span> <span class='ocrx_word' id='word_1_338' title='bbox 2075 1252 2262 1312; x_wconf 84' lang='lat' dir='ltr'><strong>tribus</strong></span> <span class='ocrx_word' id='word_1_339' title='bbox 2291 1251 2605 1330; x_wconf 88' lang='lat' dir='ltr'><strong>discipulis</strong></span> <span class='ocrx_word' id='word_1_340' title='bbox 2635 1251 2742 1310; x_wconf 81' lang='lat' dir='ltr'><strong>in⁸</strong></span> <span class='ocrx_word' id='word_1_341' title='bbox 2769 1269 2940 1310; x_wconf 85' lang='lat' dir='ltr'><strong>mon·</strong></span> 
     </span>
     <span class='ocr_line' id='line_1_69' title="bbox 1727 1331 2940 1393; baseline -0.002 -3"><span class='ocrx_word' id='word_1_342' title='bbox 1727 1341 1850 1393; x_wconf 90' lang='lat' dir='ltr'><strong>tem</strong></span> <span class='ocrx_word' id='word_1_343' title='bbox 1879 1343 1948 1391; x_wconf 91' lang='lat' dir='ltr'><strong>ut</strong></span> <span class='ocrx_word' id='word_1_344' title='bbox 1974 1345 2166 1392; x_wconf 88' lang='lat' dir='ltr'><strong>oraret</strong></span> <span class='ocrx_word' id='word_1_345' title='bbox 2193 1331 2374 1392; x_wconf 86' lang='lat' dir='ltr'><strong>subiit</strong></span> <span class='ocrx_word' id='word_1_346' title='bbox 2400 1333 2718 1392; x_wconf 84' lang='lat' dir='ltr'><strong>excelsum</strong></span> <span class='ocrx_word' id='word_1_347' title='bbox 2761 1331 2940 1389; x_wconf 83' lang='lat' dir='ltr'><strong>solus-</strong></span> 
     </span>
     <span class='ocr_line' id='line_1_70' title="bbox 1723 1410 2942 1486; baseline -0.002 -16"><span class='ocrx_word' id='word_1_348' title='bbox 1723 1429 1846 1482; x_wconf 81' lang='lat' dir='ltr'><strong>que</strong></span> <span class='ocrx_word' id='word_1_349' title='bbox 1899 1430 2076 1471; x_wconf 85' lang='lat' dir='ltr'><strong>orans</strong></span> <span class='ocrx_word' id='word_1_350' title='bbox 2117 1430 2320 1472; x_wconf 87' lang='lat' dir='ltr'><strong>coram</strong></span> <span class='ocrx_word' id='word_1_351' title='bbox 2363 1411 2451 1472; x_wconf 92' lang='lat' dir='ltr'><strong>eis</strong></span> <span class='ocrx_word' id='word_1_352' title='bbox 2495 1410 2942 1486; x_wconf 68' lang='lat' dir='ltr'><strong>transfiguratus</strong></span> 
     </span>
     <span class='ocr_line' id='line_1_71' title="bbox 1727 1486 2939 1567; baseline -0.003 -17"><span class='ocrx_word' id='word_1_353' title='bbox 1727 1501 1852 1550; x_wconf 86' lang='lat' dir='ltr'><strong>est:</strong></span> <span class='ocrx_word' id='word_1_354' title='bbox 1877 1489 2177 1567; x_wconf 64' lang='lat' dir='ltr'><strong>faciesque</strong></span> <span class='ocrx_word' id='word_1_355' title='bbox 2204 1493 2332 1567; x_wconf 81' lang='lat' dir='ltr'><strong>ejus</strong></span> <span class='ocrx_word' id='word_1_356' title='bbox 2350 1503 2417 1550; x_wconf 91' lang='lat' dir='ltr'><strong>ut</strong></span> <span class='ocrx_word' id='word_1_357' title='bbox 2439 1491 2532 1550; x_wconf 91' lang='lat' dir='ltr'><strong>sol</strong></span> <span class='ocrx_word' id='word_1_358' title='bbox 2547 1486 2939 1566; x_wconf 63' lang='lat' dir='ltr'><strong>resplenduit.</strong></span> 
     </span>
     <span class='ocr_line' id='line_1_72' title="bbox 1728 1568 2944 1645; baseline -0.002 -17"><span class='ocrx_word' id='word_1_359' title='bbox 1728 1571 1822 1628; x_wconf 89' lang='lat' dir='ltr'><strong>Ac</strong></span> <span class='ocrx_word' id='word_1_360' title='bbox 1848 1569 2204 1630; x_wconf 82' lang='lat' dir='ltr'><strong>vestimenta</strong></span> <span class='ocrx_word' id='word_1_361' title='bbox 2229 1571 2360 1645; x_wconf 87' lang='lat' dir='ltr'><strong>ejus</strong></span> <span class='ocrx_word' id='word_1_362' title='bbox 2387 1581 2456 1628; x_wconf 91' lang='lat' dir='ltr'><strong>ut</strong></span> <span class='ocrx_word' id='word_1_363' title='bbox 2482 1568 2590 1628; x_wconf 83' lang='lat' dir='ltr'><strong>nix</strong></span> <span class='ocrx_word' id='word_1_364' title='bbox 2619 1570 2786 1626; x_wconf 69' lang='lat' dir='ltr'><strong>facta</strong></span> <span class='ocrx_word' id='word_1_365' title='bbox 2811 1577 2944 1626; x_wconf 85' lang='lat' dir='ltr'><strong>sunt</strong></span> 
     </span>
     <span class='ocr_line' id='line_1_73' title="bbox 1729 1645 2944 1726; baseline -0.005 -17"><span class='ocrx_word' id='word_1_366' title='bbox 1729 1647 2000 1708; x_wconf 76' lang='lat' dir='ltr'><strong>eandida.</strong></span> <span class='ocrx_word' id='word_1_367' title='bbox 2088 1651 2139 1726; x_wconf 69' lang='grc' dir='ltr'><strong><em>Ῡ</em></strong></span> <span class='ocrx_word' id='word_1_368' title='bbox 2181 1649 2270 1709; x_wconf 92' lang='lat' dir='ltr'><strong>Ut</strong></span> <span class='ocrx_word' id='word_1_369' title='bbox 2297 1659 2497 1708; x_wconf 82' lang='lat' dir='ltr'><strong>autem</strong></span> <span class='ocrx_word' id='word_1_370' title='bbox 2527 1645 2944 1707; x_wconf 83' lang='lat' dir='ltr'><strong>testimonium</strong></span> 
     </span>
     <span class='ocr_line' id='line_1_74' title="bbox 1727 1725 2946 1814; baseline -0.002 -27"><span class='ocrx_word' id='word_1_371' title='bbox 1727 1727 2009 1788; x_wconf 77' lang='lat' dir='ltr'><strong>haberet⁹</strong></span> <span class='ocrx_word' id='word_1_372' title='bbox 2035 1748 2074 1786; x_wconf 89' lang='lat' dir='ltr'><strong>a</strong></span> <span class='ocrx_word' id='word_1_373' title='bbox 2099 1729 2228 1806; x_wconf 88' lang='lat' dir='ltr'><strong>lege</strong></span> <span class='ocrx_word' id='word_1_374' title='bbox 2249 1738 2310 1788; x_wconf 91' lang='lat' dir='ltr'><strong>et</strong></span> <span class='ocrx_word' id='word_1_375' title='bbox 2327 1725 2640 1804; x_wconf 87' lang='lat' dir='ltr'><strong>prophetis</strong></span> <span class='ocrx_word' id='word_1_376' title='bbox 2659 1725 2946 1814; x_wconf 75' lang='lat' dir='ltr'><strong>hincinde</strong></span> 
     </span>
     <span class='ocr_line' id='line_1_75' title="bbox 1729 1804 2946 1884; baseline -0.004 -18"><span class='ocrx_word' id='word_1_377' title='bbox 1729 1825 1868 1866; x_wconf 89' lang='lat' dir='ltr'><strong>cum</strong></span> <span class='ocrx_word' id='word_1_378' title='bbox 1897 1826 1973 1868; x_wconf 91' lang='lat' dir='ltr'><strong>eo</strong></span> <span class='ocrx_word' id='word_1_379' title='bbox 2002 1827 2234 1884; x_wconf 90' lang='lat' dir='ltr'><strong>moyses</strong></span> <span class='ocrx_word' id='word_1_380' title='bbox 2261 1818 2322 1866; x_wconf 90' lang='lat' dir='ltr'><strong>et</strong></span> <span class='ocrx_word' id='word_1_381' title='bbox 2349 1808 2553 1883; x_wconf 82' lang='lat' dir='ltr'><strong>helyas</strong></span> <span class='ocrx_word' id='word_1_382' title='bbox 2583 1804 2700 1866; x_wconf 85' lang='lat' dir='ltr'><strong>visi</strong></span> <span class='ocrx_word' id='word_1_383' title='bbox 2729 1815 2946 1864; x_wconf 80' lang='lat' dir='ltr'><strong>suntin</strong></span> 
     </span>
     <span class='ocr_line' id='line_1_76' title="bbox 1731 1883 2944 1962; baseline -0.002 -18"><span class='ocrx_word' id='word_1_384' title='bbox 1731 1887 2056 1962; x_wconf 85' lang='lat' dir='ltr'><strong>majestate.</strong></span> <span class='ocrx_word' id='word_1_385' title='bbox 2141 1887 2250 1945; x_wconf 88' lang='lat' dir='ltr'><strong>Ac.</strong></span> <span class='ocrx_word' id='word_1_386' title='bbox 2661 1885 2858 1943; x_wconf 58' lang='grc' dir='ltr'><strong>ἰώ</strong></span> <span class='ocrx_word' id='word_1_387' title='bbox 2880 1883 2944 1958; x_wconf 67' lang='lat' dir='ltr'><strong>vj.</strong></span> 
     </span>
     <span class='ocr_line' id='line_1_77' title="bbox 1732 1963 2948 2070; baseline -0.004 -45"><span class='ocrx_word' id='word_1_388' title='bbox 1732 1967 1846 2070; x_wconf 80' lang='grc' dir='ltr'><em>Α</em></span> <span class='ocrx_word' id='word_1_389' title='bbox 1863 1985 2004 2025; x_wconf 88' lang='lat' dir='ltr'><strong>men</strong></span> <span class='ocrx_word' id='word_1_390' title='bbox 2029 1963 2171 2025; x_wconf 89' lang='lat' dir='ltr'><strong>dico</strong></span> <span class='ocrx_word' id='word_1_391' title='bbox 2198 1964 2370 2026; x_wconf 86' lang='lat' dir='ltr'><strong>vobis</strong></span> <span class='ocrx_word' id='word_1_392' title='bbox 2399 1975 2540 2025; x_wconf 89' lang='lat' dir='ltr'><strong>sunt</strong></span> <span class='ocrx_word' id='word_1_393' title='bbox 2581 1964 2841 2040; x_wconf 87' lang='lat' dir='ltr'><strong>quidam</strong></span> <span class='ocrx_word' id='word_1_394' title='bbox 2871 1963 2948 2021; x_wconf 89' lang='lat' dir='ltr'><strong>de</strong></span> 
     </span>
    </p>
   </div>
   <div class='ocr_carea' id='block_1_7' title="bbox 1861 2042 3055 2122">
    <p class='ocr_par' dir='ltr' id='par_1_10' title="bbox 1861 2042 3055 2122">
     <span class='ocr_line' id='line_1_78' title="bbox 1861 2042 3055 2122; baseline -0.004 -20"><span class='ocrx_word' id='word_1_395' title='bbox 1861 2044 1962 2103; x_wconf 90' lang='lat' dir='ltr'><strong>hic</strong></span> <span class='ocrx_word' id='word_1_396' title='bbox 2009 2044 2298 2105; x_wconf 85' lang='lat' dir='ltr'><strong>stantibus</strong></span> <span class='ocrx_word' id='word_1_397' title='bbox 2327 2045 2430 2122; x_wconf 92' lang='lat' dir='ltr'><strong>qui</strong></span> <span class='ocrx_word' id='word_1_398' title='bbox 2457 2062 2584 2102; x_wconf 90' lang='lat' dir='ltr'><strong>non</strong></span> <span class='ocrx_word' id='word_1_399' title='bbox 2615 2042 2948 2118; x_wconf 86' lang='lat' dir='ltr'><strong>gustabunt</strong></span> <span class='ocrx_word' id='word_1_400' title='bbox 3053 2089 3055 2098; x_wconf 91' lang='lat'><strong>.</strong></span> 
     </span>
    </p>
   </div>
   <div class='ocr_carea' id='block_1_8' title="bbox 1731 2121 2950 2358">
    <p class='ocr_par' dir='ltr' id='par_1_11' title="bbox 1731 2121 2950 2358">
     <span class='ocr_line' id='line_1_79' title="bbox 1731 2121 2950 2184; baseline -0.003 -2"><span class='ocrx_word' id='word_1_401' title='bbox 1731 2135 2025 2183; x_wconf 88' lang='lat' dir='ltr'><strong>mortem:</strong></span> <span class='ocrx_word' id='word_1_402' title='bbox 2067 2125 2266 2184; x_wconf 86' lang='lat' dir='ltr'><strong>donec</strong></span> <span class='ocrx_word' id='word_1_403' title='bbox 2307 2123 2552 2182; x_wconf 85' lang='lat' dir='ltr'><strong>videant</strong></span> <span class='ocrx_word' id='word_1_404' title='bbox 2595 2121 2790 2179; x_wconf 87' lang='lat' dir='ltr'><strong>filium</strong></span> <span class='ocrx_word' id='word_1_405' title='bbox 2841 2121 2950 2178; x_wconf 88' lang='lat' dir='ltr'><strong>ho-</strong></span> 
     </span>
     <span class='ocr_line' id='line_1_80' title="bbox 1733 2201 2950 2278; baseline -0.003 -17"><span class='ocrx_word' id='word_1_406' title='bbox 1733 2201 1909 2262; x_wconf 89' lang='lat' dir='ltr'><strong>minis</strong></span> <span class='ocrx_word' id='word_1_407' title='bbox 1935 2201 2274 2262; x_wconf 84' lang='lat' dir='ltr'><strong>venientem</strong></span> <span class='ocrx_word' id='word_1_408' title='bbox 2301 2201 2364 2260; x_wconf 90' lang='lat' dir='ltr'><strong>in</strong></span> <span class='ocrx_word' id='word_1_409' title='bbox 2391 2220 2576 2278; x_wconf 90' lang='lat' dir='ltr'><strong>regno</strong></span> <span class='ocrx_word' id='word_1_410' title='bbox 2607 2218 2738 2259; x_wconf 77' lang='lat' dir='ltr'><strong>suo·</strong></span> <span class='ocrx_word' id='word_1_411' title='bbox 2801 2201 2950 2258; x_wconf 74' lang='lat' dir='ltr'><strong>Ter·</strong></span> 
     </span>
     <span class='ocr_line' id='line_1_81' title="bbox 1731 2277 2950 2358; baseline -0.003 -18"><span class='ocrx_word' id='word_1_412' title='bbox 1731 2299 1926 2341; x_wconf 86' lang='lat' dir='ltr'><strong>rorem</strong></span> <span class='ocrx_word' id='word_1_413' title='bbox 1989 2284 2398 2358; x_wconf 88' lang='lat' dir='ltr'><strong>apostolorum</strong></span> <span class='ocrx_word' id='word_1_414' title='bbox 2467 2300 2576 2356; x_wconf 90' lang='lat' dir='ltr'><strong>spe</strong></span> <span class='ocrx_word' id='word_1_415' title='bbox 2655 2277 2950 2338; x_wconf 66' lang='lat' dir='ltr'><strong>meditari</strong></span> 
     </span>
    </p>
   </div>
   <div class='ocr_carea' id='block_1_9' title="bbox 1733 2357 3055 2436">
    <p class='ocr_par' dir='ltr' id='par_1_12' title="bbox 1733 2357 3055 2436">
     <span class='ocr_line' id='line_1_82' title="bbox 1733 2357 3055 2436; baseline -0.002 -18"><span class='ocrx_word' id='word_1_416' title='bbox 1733 2361 2000 2420; x_wconf 83' lang='lat' dir='ltr'><strong>voluerat</strong></span> <span class='ocrx_word' id='word_1_417' title='bbox 2017 2359 2495 2436; x_wconf 87' lang='lat' dir='ltr'><strong>promissorum¹⁰</strong></span> <span class='ocrx_word' id='word_1_418' title='bbox 2507 2358 2738 2418; x_wconf 85' lang='lat' dir='ltr'><strong>dicens.</strong></span> <span class='ocrx_word' id='word_1_419' title='bbox 2759 2357 2954 2416; x_wconf 88' lang='lat' dir='ltr'><strong>Filius</strong></span> <span class='ocrx_word' id='word_1_420' title='bbox 3053 2399 3055 2402; x_wconf 23' lang='grc' dir='ltr'><strong><em>ι</em></strong></span> 
     </span>
    </p>
   </div>
   <div class='ocr_carea' id='block_1_10' title="bbox 1732 2436 2958 2912">
    <p class='ocr_par' dir='ltr' id='par_1_13' title="bbox 1732 2436 2958 2912">
     <span class='ocr_line' id='line_1_83' title="bbox 1733 2436 2956 2514; baseline -0.002 -16"><span class='ocrx_word' id='word_1_421' title='bbox 1733 2439 1992 2500; x_wconf 84' lang='lat' dir='ltr'><strong>hominis</strong></span> <span class='ocrx_word' id='word_1_422' title='bbox 2021 2453 2302 2500; x_wconf 89' lang='lat' dir='ltr'><strong>venturus</strong></span> <span class='ocrx_word' id='word_1_423' title='bbox 2329 2451 2420 2500; x_wconf 90' lang='lat' dir='ltr'><strong>est</strong></span> <span class='ocrx_word' id='word_1_424' title='bbox 2445 2439 2510 2499; x_wconf 93' lang='lat' dir='ltr'><strong>in</strong></span> <span class='ocrx_word' id='word_1_425' title='bbox 2539 2437 2732 2514; x_wconf 87' lang='lat' dir='ltr'><strong>gloria</strong></span> <span class='ocrx_word' id='word_1_426' title='bbox 2761 2436 2956 2512; x_wconf 76' lang='lat' dir='ltr'><strong>patris</strong></span> 
     </span>
     <span class='ocr_line' id='line_1_84' title="bbox 1732 2519 2958 2596; baseline -0.003 -18"><span class='ocrx_word' id='word_1_427' title='bbox 1732 2519 1824 2579; x_wconf 84' lang='lat' dir='ltr'><strong>sui</strong></span> <span class='ocrx_word' id='word_1_428' title='bbox 1865 2539 2002 2578; x_wconf 91' lang='lat' dir='ltr'><strong>cum</strong></span> <span class='ocrx_word' id='word_1_429' title='bbox 2042 2519 2268 2596; x_wconf 86' lang='lat' dir='ltr'><strong>angelis</strong></span> <span class='ocrx_word' id='word_1_430' title='bbox 2295 2519 2430 2580; x_wconf 90' lang='lat' dir='ltr'><strong>suis.</strong></span> <span class='ocrx_word' id='word_1_431' title='bbox 2518 2521 2784 2593; x_wconf 87' lang='lat' dir='ltr'><strong>Insuper</strong></span> <span class='ocrx_word' id='word_1_432' title='bbox 2809 2535 2958 2575; x_wconf 88' lang='lat' dir='ltr'><strong>auc-</strong></span> 
     </span>
     <span class='ocr_line' id='line_1_85' title="bbox 1733 2595 2956 2674; baseline -0.007 -16"><span class='ocrx_word' id='word_1_433' title='bbox 1733 2598 1970 2658; x_wconf 90' lang='lat' dir='ltr'><strong>toritate</strong></span> <span class='ocrx_word' id='word_1_434' title='bbox 1993 2599 2210 2674; x_wconf 89' lang='lat' dir='ltr'><strong>judicis</strong></span> <span class='ocrx_word' id='word_1_435' title='bbox 2228 2599 2436 2659; x_wconf 88' lang='lat' dir='ltr'><strong>addita</strong></span> <span class='ocrx_word' id='word_1_436' title='bbox 2448 2595 2748 2673; x_wconf 88' lang='lat' dir='ltr'><strong>judicium</strong></span> <span class='ocrx_word' id='word_1_437' title='bbox 2773 2595 2956 2654; x_wconf 84' lang='lat' dir='ltr'><strong>addi.</strong></span> 
     </span>
     <span class='ocr_line' id='line_1_86' title="bbox 1733 2676 2958 2753; baseline -0.003 -16"><span class='ocrx_word' id='word_1_438' title='bbox 1733 2677 1822 2737; x_wconf 93' lang='lat' dir='ltr'><strong>dit</strong></span> <span class='ocrx_word' id='word_1_439' title='bbox 1870 2689 1931 2738; x_wconf 90' lang='lat' dir='ltr'><strong>et</strong></span> <span class='ocrx_word' id='word_1_440' title='bbox 1975 2680 2192 2738; x_wconf 90' lang='lat' dir='ltr'><strong>reddet</strong></span> <span class='ocrx_word' id='word_1_441' title='bbox 2232 2677 2554 2753; x_wconf 88' lang='lat' dir='ltr'><strong>unicuique</strong></span> <span class='ocrx_word' id='word_1_442' title='bbox 2603 2676 2958 2735; x_wconf 84' lang='lat' dir='ltr'><strong>seeundum</strong></span> 
     </span>
     <span class='ocr_line' id='line_1_87' title="bbox 1735 2756 2956 2831; baseline -0.004 -15"><span class='ocrx_word' id='word_1_443' title='bbox 1735 2775 1918 2831; x_wconf 83' lang='lat' dir='ltr'><strong>opera</strong></span> <span class='ocrx_word' id='word_1_444' title='bbox 1971 2776 2089 2816; x_wconf 76' lang='lat' dir='ltr'><strong>sua„</strong></span> <span class='ocrx_word' id='word_1_445' title='bbox 2219 2760 2460 2817; x_wconf 88' lang='lat' dir='ltr'><strong>Poterat</strong></span> <span class='ocrx_word' id='word_1_446' title='bbox 2523 2756 2956 2830; x_wconf 84' lang='lat' dir='ltr'><strong>apostolorum</strong></span> 
     </span>
     <span class='ocr_line' id='line_1_88' title="bbox 1735 2833 2956 2912; baseline -0.003 -17"><span class='ocrx_word' id='word_1_447' title='bbox 1735 2834 1915 2895; x_wconf 85' lang='lat' dir='ltr'><strong>tacita</strong></span> <span class='ocrx_word' id='word_1_448' title='bbox 1931 2836 2212 2912; x_wconf 86' lang='lat' dir='ltr'><strong>cogitatio</strong></span> <span class='ocrx_word' id='word_1_449' title='bbox 2229 2833 2562 2896; x_wconf 89' lang='lat' dir='ltr'><strong>istiusmodi</strong></span> <span class='ocrx_word' id='word_1_450' title='bbox 2579 2835 2956 2892; x_wconf 87' lang='lat' dir='ltr'><strong>scandalum</strong></span> 
     </span>
    </p>
   </div>
   <div class='ocr_carea' id='block_1_11' title="bbox 1735 2913 3051 2976">
    <p class='ocr_par' dir='ltr' id='par_1_14' title="bbox 1735 2913 3051 2976">
     <span class='ocr_line' id='line_1_89' title="bbox 1735 2913 3051 2976; baseline -0.005 -3"><span class='ocrx_word' id='word_1_451' title='bbox 1735 2913 2036 2974; x_wconf 91' lang='lat' dir='ltr'><strong>sustinere.</strong></span> <span class='ocrx_word' id='word_1_452' title='bbox 2140 2915 2523 2976; x_wconf 89' lang='lat' dir='ltr'><strong>Occisionem</strong></span> <span class='ocrx_word' id='word_1_453' title='bbox 2571 2924 2634 2972; x_wconf 93' lang='lat' dir='ltr'><strong>et</strong></span> <span class='ocrx_word' id='word_1_454' title='bbox 2683 2924 2958 2972; x_wconf 86' lang='lat' dir='ltr'><strong>mortem</strong></span> <span class='ocrx_word' id='word_1_455' title='bbox 3049 2957 3051 2966; x_wconf 21' lang='grc' dir='ltr'><strong>ἶ</strong></span> 
     </span>
    </p>
   </div>
   <div class='ocr_carea' id='block_1_12' title="bbox 1733 2992 2960 3926">
    <p class='ocr_par' dir='ltr' id='par_1_15' title="bbox 1733 2992 2960 3926">
     <span class='ocr_line' id='line_1_90' title="bbox 1733 2992 2958 3080; baseline -0.002 -28"><span class='ocrx_word' id='word_1_456' title='bbox 1733 3011 1896 3052; x_wconf 91' lang='lat' dir='ltr'><strong>nunc</strong></span> <span class='ocrx_word' id='word_1_457' title='bbox 1961 2993 2112 3054; x_wconf 91' lang='lat' dir='ltr'><strong>dicis</strong></span> <span class='ocrx_word' id='word_1_458' title='bbox 2171 3013 2302 3055; x_wconf 87' lang='lat' dir='ltr'><strong>esse</strong></span> <span class='ocrx_word' id='word_1_459' title='bbox 2355 3005 2710 3052; x_wconf 86' lang='lat' dir='ltr'><strong>venturam:</strong></span> <span class='ocrx_word' id='word_1_460' title='bbox 2779 2992 2958 3080; x_wconf 76' lang='lat' dir='ltr'><strong>quod</strong></span> 
     </span>
     <span class='ocr_line' id='line_1_91' title="bbox 1734 3073 2959 3149; baseline -0.002 -18"><span class='ocrx_word' id='word_1_461' title='bbox 1734 3084 1934 3132; x_wconf 88' lang='lat' dir='ltr'><strong>autem</strong></span> <span class='ocrx_word' id='word_1_462' title='bbox 2001 3073 2296 3149; x_wconf 84' lang='lat' dir='ltr'><strong>promittis</strong></span> <span class='ocrx_word' id='word_1_463' title='bbox 2365 3085 2424 3133; x_wconf 92' lang='lat' dir='ltr'><strong>te</strong></span> <span class='ocrx_word' id='word_1_464' title='bbox 2490 3073 2824 3130; x_wconf 80' lang='lat' dir='ltr'><strong>affuturum</strong></span> <span class='ocrx_word' id='word_1_465' title='bbox 2891 3089 2959 3128; x_wconf 84' lang='lat' dir='ltr'><strong>m</strong></span> 
     </span>
     <span class='ocr_line' id='line_1_92' title="bbox 1733 3149 2956 3228; baseline -0.002 -19"><span class='ocrx_word' id='word_1_466' title='bbox 1733 3149 1920 3226; x_wconf 85' lang='lat' dir='ltr'><strong>gloria</strong></span> <span class='ocrx_word' id='word_1_467' title='bbox 1983 3153 2165 3228; x_wconf 86' lang='lat' dir='ltr'><strong>patris</strong></span> <span class='ocrx_word' id='word_1_468' title='bbox 2232 3173 2370 3212; x_wconf 90' lang='lat' dir='ltr'><strong>cum</strong></span> <span class='ocrx_word' id='word_1_469' title='bbox 2436 3151 2795 3227; x_wconf 84' lang='lat' dir='ltr'><strong>angelorum</strong></span> <span class='ocrx_word' id='word_1_470' title='bbox 2839 3151 2956 3208; x_wconf 87' lang='lat' dir='ltr'><strong>mi·</strong></span> 
     </span>
     <span class='ocr_line' id='line_1_93' title="bbox 1735 3229 2960 3308; baseline -0.002 -20"><span class='ocrx_word' id='word_1_471' title='bbox 1735 3229 1990 3290; x_wconf 90' lang='lat' dir='ltr'><strong>nisteriis</strong></span> <span class='ocrx_word' id='word_1_472' title='bbox 2045 3242 2104 3290; x_wconf 92' lang='lat' dir='ltr'><strong>et</strong></span> <span class='ocrx_word' id='word_1_473' title='bbox 2155 3230 2372 3308; x_wconf 87' lang='lat' dir='ltr'><strong>judicis</strong></span> <span class='ocrx_word' id='word_1_474' title='bbox 2435 3240 2738 3306; x_wconf 81' lang='lat' dir='ltr'><strong>potestate</strong></span> <span class='ocrx_word' id='word_1_475' title='bbox 2773 3253 2790 3288; x_wconf 79' lang='lat' dir='ltr'><em>z</em></span> <span class='ocrx_word' id='word_1_476' title='bbox 2831 3229 2960 3286; x_wconf 86' lang='lat' dir='ltr'><strong>hoc</strong></span> 
     </span>
     <span class='ocr_line' id='line_1_94' title="bbox 1739 3307 2958 3384; baseline 0 -18"><span class='ocrx_word' id='word_1_477' title='bbox 1739 3307 1801 3367; x_wconf 89' lang='lat' dir='ltr'><strong>in</strong></span> <span class='ocrx_word' id='word_1_478' title='bbox 1840 3309 1970 3369; x_wconf 90' lang='lat' dir='ltr'><strong>dies</strong></span> <span class='ocrx_word' id='word_1_479' title='bbox 1991 3308 2035 3346; x_wconf 86' lang='lat'><strong>¹¹</strong></span> <span class='ocrx_word' id='word_1_480' title='bbox 2076 3311 2188 3370; x_wconf 87' lang='lat' dir='ltr'><strong>erit</strong></span> <span class='ocrx_word' id='word_1_481' title='bbox 2215 3334 2228 3370; x_wconf 75' lang='grc' dir='ltr'><strong><em>ε</em></strong></span> <span class='ocrx_word' id='word_1_482' title='bbox 2256 3323 2317 3371; x_wconf 90' lang='lat' dir='ltr'><strong>et</strong></span> <span class='ocrx_word' id='word_1_483' title='bbox 2359 3309 2422 3369; x_wconf 93' lang='lat' dir='ltr'><strong>in</strong></span> <span class='ocrx_word' id='word_1_484' title='bbox 2461 3320 2738 3384; x_wconf 89' lang='lat' dir='ltr'><strong>tempora</strong></span> <span class='ocrx_word' id='word_1_485' title='bbox 2765 3309 2958 3384; x_wconf 80' lang='lat' dir='ltr'><strong>longa</strong></span> 
     </span>
     <span class='ocr_line' id='line_1_95' title="bbox 1739 3386 2956 3464; baseline 0.001 -19"><span class='ocrx_word' id='word_1_486' title='bbox 1739 3386 2020 3448; x_wconf 85' lang='lat' dir='ltr'><strong>differtur.</strong></span> <span class='ocrx_word' id='word_1_487' title='bbox 2103 3389 2428 3450; x_wconf 84' lang='lat' dir='ltr'><strong>Previdens</strong></span> <span class='ocrx_word' id='word_1_488' title='bbox 2473 3407 2616 3464; x_wconf 88' lang='lat' dir='ltr'><strong>ergo</strong></span> <span class='ocrx_word' id='word_1_489' title='bbox 2672 3389 2956 3447; x_wconf 84' lang='lat' dir='ltr'><strong>occulto-</strong></span> 
     </span>
     <span class='ocr_line' id='line_1_96' title="bbox 1738 3466 2956 3544; baseline -0.001 -19"><span class='ocrx_word' id='word_1_490' title='bbox 1738 3485 1870 3525; x_wconf 90' lang='lat' dir='ltr'><strong>rum</strong></span> <span class='ocrx_word' id='word_1_491' title='bbox 1928 3467 2204 3528; x_wconf 87' lang='lat' dir='ltr'><strong>conditor</strong></span> <span class='ocrx_word' id='word_1_492' title='bbox 2246 3470 2414 3544; x_wconf 92' lang='lat' dir='ltr'><strong>quod</strong></span> <span class='ocrx_word' id='word_1_493' title='bbox 2439 3466 2487 3504; x_wconf 83' lang='lat'><strong>¹²</strong></span> <span class='ocrx_word' id='word_1_494' title='bbox 2541 3477 2800 3543; x_wconf 90' lang='lat' dir='ltr'><strong>possent</strong></span> <span class='ocrx_word' id='word_1_495' title='bbox 2841 3467 2956 3524; x_wconf 88' lang='lat' dir='ltr'><strong>ob·</strong></span> 
     </span>
     <span class='ocr_line' id='line_1_97' title="bbox 1733 3545 2958 3624; baseline -0.002 -20"><span class='ocrx_word' id='word_1_496' title='bbox 1733 3545 1958 3621; x_wconf 72' lang='lat' dir='ltr'><strong>Jicere:</strong></span> <span class='ocrx_word' id='word_1_497' title='bbox 2040 3559 2376 3624; x_wconf 89' lang='lat' dir='ltr'><strong>presentem</strong></span> <span class='ocrx_word' id='word_1_498' title='bbox 2449 3545 2728 3607; x_wconf 90' lang='lat' dir='ltr'><strong>timorem</strong></span> <span class='ocrx_word' id='word_1_499' title='bbox 2817 3563 2958 3620; x_wconf 88' lang='lat' dir='ltr'><strong>pre·</strong></span> 
     </span>
     <span class='ocr_line' id='line_1_98' title="bbox 1739 3623 2956 3703; baseline 0.002 -21"><span class='ocrx_word' id='word_1_500' title='bbox 1739 3625 1892 3684; x_wconf 88' lang='lat' dir='ltr'><strong>senti</strong></span> <span class='ocrx_word' id='word_1_501' title='bbox 1935 3638 2287 3702; x_wconf 88' lang='lat' dir='ltr'><strong>compensat</strong></span> <span class='ocrx_word' id='word_1_502' title='bbox 2351 3627 2600 3703; x_wconf 90' lang='lat' dir='ltr'><strong>premio.</strong></span> <span class='ocrx_word' id='word_1_503' title='bbox 2702 3625 2879 3701; x_wconf 90' lang='lat' dir='ltr'><strong>Quid</strong></span> <span class='ocrx_word' id='word_1_504' title='bbox 2903 3623 2956 3660; x_wconf 81' lang='lat'><strong>¹⁸</strong></span> 
     </span>
     <span class='ocr_line' id='line_1_99' title="bbox 1741 3701 2958 3782; baseline -0.002 -20"><span class='ocrx_word' id='word_1_505' title='bbox 1741 3703 1900 3762; x_wconf 88' lang='lat' dir='ltr'><strong>enim</strong></span> <span class='ocrx_word' id='word_1_506' title='bbox 1929 3704 2190 3765; x_wconf 83' lang='lat' dir='ltr'><strong>dicitur?</strong></span> <span class='ocrx_word' id='word_1_507' title='bbox 2268 3708 2420 3766; x_wconf 89' lang='lat' dir='ltr'><strong>Sunt</strong></span> <span class='ocrx_word' id='word_1_508' title='bbox 2461 3705 2710 3782; x_wconf 88' lang='lat' dir='ltr'><strong>quidam</strong></span> <span class='ocrx_word' id='word_1_509' title='bbox 2739 3706 2826 3764; x_wconf 90' lang='lat' dir='ltr'><strong>de</strong></span> <span class='ocrx_word' id='word_1_510' title='bbox 2851 3701 2958 3761; x_wconf 90' lang='lat' dir='ltr'><strong>hic</strong></span> 
     </span>
     <span class='ocr_line' id='line_1_100' title="bbox 1739 3781 2956 3862; baseline 0 -22"><span class='ocrx_word' id='word_1_511' title='bbox 1739 3781 2032 3843; x_wconf 86' lang='lat' dir='ltr'><strong>stantibus</strong></span> <span class='ocrx_word' id='word_1_512' title='bbox 2085 3784 2188 3860; x_wconf 91' lang='lat' dir='ltr'><strong>qui</strong></span> <span class='ocrx_word' id='word_1_513' title='bbox 2242 3804 2366 3844; x_wconf 92' lang='lat' dir='ltr'><strong>non</strong></span> <span class='ocrx_word' id='word_1_514' title='bbox 2420 3787 2750 3862; x_wconf 89' lang='lat' dir='ltr'><strong>gustabunt</strong></span> <span class='ocrx_word' id='word_1_515' title='bbox 2795 3801 2956 3841; x_wconf 88' lang='lat' dir='ltr'><strong>mor·</strong></span> 
     </span>
     <span class='ocr_line' id='line_1_101' title="bbox 1741 3861 2956 3926; baseline 0.001 -7"><span class='ocrx_word' id='word_1_516' title='bbox 1741 3871 1862 3920; x_wconf 86' lang='lat' dir='ltr'><strong>tem</strong></span> <span class='ocrx_word' id='word_1_517' title='bbox 1910 3863 2107 3923; x_wconf 88' lang='lat' dir='ltr'><strong>donec</strong></span> <span class='ocrx_word' id='word_1_518' title='bbox 2153 3864 2395 3926; x_wconf 87' lang='lat' dir='ltr'><strong>videant</strong></span> <span class='ocrx_word' id='word_1_519' title='bbox 2435 3865 2624 3924; x_wconf 87' lang='lat' dir='ltr'><strong>filium</strong></span> <span class='ocrx_word' id='word_1_520' title='bbox 2687 3861 2956 3924; x_wconf 86' lang='lat' dir='ltr'><strong>hominis</strong></span> 
     </span>
    </p>
   </div>
   <div class='ocr_carea' id='block_1_13' title="bbox 2271 4067 2716 4330">
    <p class='ocr_par' dir='ltr' id='par_1_16' title="bbox 2271 4067 2716 4330">
     <span class='ocr_line' id='line_1_102' title="bbox 2288 4067 2680 4122; baseline 0.013 -6"><span class='ocrx_word' id='word_1_521' title='bbox 2288 4068 2309 4097; x_wconf 83' lang='lat'>⁸</span> <span class='ocrx_word' id='word_1_522' title='bbox 2341 4067 2506 4118; x_wconf 83' lang='lat' dir='ltr'><strong>nivis:</strong></span> <span class='ocrx_word' id='word_1_523' title='bbox 2545 4070 2612 4118; x_wconf 89' lang='lat' dir='ltr'><strong>N.</strong></span> <span class='ocrx_word' id='word_1_524' title='bbox 2625 4071 2680 4122; x_wconf 87' lang='lat' dir='ltr'><strong>S.</strong></span> 
     </span>
     <span class='ocr_line' id='line_1_103' title="bbox 2291 4135 2674 4187; baseline 0.013 -5"><span class='ocrx_word' id='word_1_525' title='bbox 2291 4137 2306 4162; x_wconf 74' lang='lat'>²</span> <span class='ocrx_word' id='word_1_526' title='bbox 2341 4135 2580 4185; x_wconf 86' lang='lat' dir='ltr'><strong>inserere:</strong></span> <span class='ocrx_word' id='word_1_527' title='bbox 2616 4138 2674 4187; x_wconf 94' lang='lat' dir='ltr'><strong>S.</strong></span> 
     </span>
     <span class='ocr_line' id='line_1_104' title="bbox 2293 4201 2716 4254; baseline 0.017 -7"><span class='ocrx_word' id='word_1_528' title='bbox 2293 4202 2312 4228; x_wconf 82' lang='lat'>⁸</span> <span class='ocrx_word' id='word_1_529' title='bbox 2347 4201 2592 4251; x_wconf 85' lang='lat' dir='ltr'><strong>haberent</strong></span> <span class='ocrx_word' id='word_1_530' title='bbox 2619 4223 2632 4252; x_wconf 73' lang='grc' dir='ltr'><strong>ε</strong></span> <span class='ocrx_word' id='word_1_531' title='bbox 2661 4205 2716 4254; x_wconf 83' lang='lat' dir='ltr'><strong>S.</strong></span> 
     </span>
     <span class='ocr_line' id='line_1_105' title="bbox 2271 4265 2680 4330; baseline 0.01 -16"><span class='ocrx_word' id='word_1_532' title='bbox 2271 4265 2310 4294; x_wconf 82' lang='lat'><strong>¹²</strong></span> <span class='ocrx_word' id='word_1_533' title='bbox 2341 4267 2462 4330; x_wconf 83' lang='lat' dir='ltr'><strong>quid</strong></span> <span class='ocrx_word' id='word_1_534' title='bbox 2491 4287 2504 4316; x_wconf 72' lang='grc' dir='ltr'><em>ε</em></span> <span class='ocrx_word' id='word_1_535' title='bbox 2541 4269 2680 4318; x_wconf 84' lang='lat' dir='ltr'><strong>N.S.</strong></span> 
     </span>
    </p>
   </div>
  </div>
 </body>
</html>
