3117 4959
816 249 881 304 S.
930 246 1457 304 ETHELREDE
1516 245 1893 304 VIRGJNJS.

651 355 801 413 327

154 461 621 596 Decollatus¹
653 473 753 527 est
783 463 1006 546 itaque
1052 471 1310 546 martyr

288 552 389 614 ille
418 552 789 633 ibidemque
834 553 1091 635 accepit
1120 572 1310 616 coro-

157 660 291 704 nam
318 641 478 704 vite:
522 661 719 722 quam
744 641 1119 722 repromisit
1142 641 1308 703 deus

156 728 543 809 diligentibus
572 748 656 791 se.
750 727 886 792 Sed
913 729 1025 810 qui
1058 738 1309 810 marty-

158 835 274 880 rem
329 817 682 897 percussit:
756 819 1046 898 gaudere
1112 836 1312 898 super

160 913 452 966 mortuum
526 924 656 968 non
749 914 852 969 est
932 905 1309 988 permissus.

161 991 325 1056 Oculi
374 991 509 1073 ejus
557 995 621 1054 in
670 1001 911 1056 terram
974 1013 1110 1056 una
1157 1011 1307 1056 cum

156 1079 309 1142 beati
340 1082 634 1161 martyris
654 1081 870 1162 capite
901 1081 1307 1145 deciderunt.

158 1167 503 1232 Decollatus
532 1178 635 1234 est
662 1171 865 1236 etiam
913 1188 1065 1234 cum
1111 1169 1311 1233 beato

154 1255 365 1318 albano
394 1255 577 1320 miles
610 1255 719 1320 ille
763 1257 878 1340 qui
924 1277 1079 1320 eum
1112 1267 1311 1320 antea

155 1363 403 1426 superno
474 1353 636 1408 nutu
711 1355 1053 1428 correptus
1120 1345 1313 1408 ferire

156 1431 489 1496 recusanit²
554 1461 565 1468 ·
610 1433 847 1497 Passus
912 1443 1018 1497 est
1076 1433 1312 1497 beatus

155 1519 397 1583 albanus
423 1521 531 1584 die
567 1521 831 1584 decimo
875 1521 1309 1585 kalendarum

154 1607 437 1688 Juliarum
484 1606 689 1690 juxta
736 1609 1073 1674 civitatem
1127 1629 1313 1673 vero-

154 1695 399 1758 lanitum
430 1717 557 1778 que
590 1717 765 1761 nune
788 1719 829 1762 a
851 1708 1052 1780 gente
1082 1697 1313 1780 anglo-

154 1803 275 1847 rum
292 1785 637 1868 weatlinga
654 1785 893 1849 cester⁸
904 1786 1312 1868 appellatur:

154 1873 247 1934 ubi
293 1882 386 1935 est
426 1874 705 1938 ecclesia
758 1874 1041 1938 mirandi
1094 1875 1313 1956 operis

152 1971 491 2025 constructa
572 1963 662 2025 ad
757 1963 1023 2026 laudem
1108 1962 1313 2045 ipsius

152 2049 425 2130 martyris
470 2059 539 2114 et
592 2050 848 2114 domini
898 2051 1104 2114 nostri
1155 2050 1312 2132 Jesu

145 2133 382 2200 'Christi
481 2140 646 2202 Tres
674 2138 900 2202 ultime
924 2138 1213 2202 lectiones
1240 2138 1321 2202 de

152 2226 490 2305 &positione
516 2226 858 2308 evangelii.
911 2226 1094 2290 Nihil
1127 2247 1317 2309 oper-

154 2321 274 2374 tum
300 2313 543 2378 Omelia
562 2315 727 2378 utin
747 2315 1040 2378 nomini.⁴
1098 2314 1318 2381 Cetera

153 2399 219 2461 de
238 2403 549 2466 communi
574 2403 775 2467 unius
806 2403 1134 2484 martyris.

91 2517 93 2526 ·
156 2492 209 2564 ΙΙ
246 2490 321 2552 In
350 2491 586 2572 vigilia
608 2492 1149 2572 sanctinltannis
1171 2491 1318 2574 bap-

154 2577 280 2640 tiste
328 2579 463 2661 fiat
530 2580 883 2644 servicium
946 2581 1027 2644 de
1094 2589 1320 2643 sancta

152 2665 209 2726 E
211 2665 515 2732 tlzeldreda
544 2688 692 2731 cum
729 2677 1031 2732 nocturno
1060 2677 1327 2750 propter

152 2753 439 2832 vigiliam.
1038 2757 1249 2820 Lectio
1258 2755 1321 2838 j.

153 2844 273 2971 ln
314 2843 423 2906 illo
467 2853 815 2927 tempore:
870 2843 1156 2928 Accepit
1202 2865 1323 2908 rex

232 2931 545 2996 ecfridus³
626 2933 978 3014 conjugem
1057 2933 1324 2996 nomine

155 3016 583 3084 etheldredam
617 3019 820 3084 filiam
868 3021 1107 3085 ananie
1154 3021 1325 3102 regis

154 3107 539 3173 orientalium
581 3109 975 3191 anglorum:
1022 3129 1223 3191 quam
1257 3117 1326 3172 et

155 3204 287 3259 ante
356 3197 539 3260 illum
622 3197 791 3261 alter
848 3197 947 3262 vir
1003 3196 1328 3260 habuerat

155 3300 441 3350 uxorem:
489 3287 798 3368 princeps
841 3285 1149 3350 videlicet
1180 3305 1330 3348 aus-

156 3371 388 3436 tralium
418 3375 787 3456 girniorum
823 3373 1149 3438 vocabulo
1177 3383 1331 3437 ton-

157 3456 457 3526 dobertuS.
512 3462 651 3528 Sed
676 3463 787 3525 illo
812 3471 967 3544 post
991 3461 1327 3525 modicum

158 3551 443 3630 temporis
498 3571 593 3614 ex
643 3571 775 3632 quo
829 3570 977 3614 eam
1040 3550 1328 3631 suscepit

160 3633 485 3702 defuncto:
532 3639 699 3702 data
728 3648 829 3702 est
869 3640 1006 3720 regi
1052 3637 1329 3720 prefato,

162 3719 341 3802 Cujus
382 3727 719 3792 consortio
772 3747 922 3791 cum
977 3727 1329 3790 duodecim

159 3813 325 3875 annis
355 3824 691 3878 uteretur:
738 3823 1060 3897 perpetua
1107 3823 1331 3877 tamen

160 3902 378 3964 mansit
407 3902 805 3984 virginitatis
836 3901 1259 3984 integritate.⁶

158 3989 430 4116 Beata
458 4011 619 4053 vero
650 3990 1073 4054 etheldreda:
1126 3989 1231 4073 [L.
1265 3989 1333 4071 ij.

286 4078 563 4142 multum
586 4079 697 4141 diu
719 4099 941 4161 regem
958 4078 1335 4161 postulans:

159 4171 224 4224 ut
248 4166 441 4229 seculi
485 4164 714 4231 curas⁷
754 4168 1151 4251 relinqueret
1175 4187 1190 4231 :
1237 4175 1338 4230 at-

1921 356 2077 416 328

1408 482 1539 546 que
1588 463 1653 526 in
1702 465 2104 530 monasterio
2149 471 2414 530 tantum
2454 487 2611 532 vero

1406 553 1546 634 regi
1597 551 1862 616 Christo
1907 555 2151 616 servire
2197 555 2610 636 permittere·

1408 648 1535 703 tur.
1625 639 1739 703 ubi
1799 640 1916 704 vix
1977 640 2338 724 aliquando
2397 643 2612 725 impe-

1408 727 1648 792 travit:
1701 727 1847 809 ipsa
1894 748 2056 792 mox
2105 730 2376 794 intravit
2421 750 2611 794 mon-

1410 816 1726 880 asterium
1747 816 1916 879 ebbe
1937 817 2276 881 abbatisse
2307 837 2437 900 que
2468 828 2611 883 erat

1408 904 1626 967 amica
1675 903 1844 986 regis
1891 902 2148 970 elfridi:
2194 915 2470 989 accepto
2497 927 2613 971 ve-

1410 990 1694 1055 lamine⁸
1731 993 2252 1058 sanctimonialis
2293 995 2525 1059 habitu
2571 1015 2612 1058 a

1408 1089 1644 1142 sancto
1674 1079 1953 1144 wilfrido
1983 1083 2312 1164 episcopo.
2343 1083 2484 1148 Lec.
2513 1083 2610 1165 iij.

1558 1176 1669 1232 ost
1700 1188 1950 1232 annum
1986 1190 2143 1234 vero
2174 1171 2375 1234 beata
2404 1171 2613 1235 ethel-

1562 1256 1772 1319 dreda
1801 1255 1978 1321 sacta
2021 1266 2124 1320 est
2165 1257 2504 1323 abbatissa
2543 1259 2611 1324 in

1411 1345 1682 1425 regione
1729 1364 1860 1426 que
1907 1355 2180 1408 vocatur
2231 1346 2432 1428 hely:
2499 1348 2612 1412 ubi

1410 1441 1791 1496 constructo
1834 1434 2236 1498 monasterio
2280 1436 2612 1518 virginum

1410 1520 1538 1584 deo
1562 1521 1992 1585 devotarum:
2041 1530 2254 1585 mater
2273 1523 2500 1605 virgo:
2545 1533 2616 1588 et

1410 1609 1740 1690 exemplis
1788 1609 1964 1691 cepit
2013 1629 2158 1672 esse
2207 1619 2276 1673 et
2325 1613 2612 1676 monitis.

1414 1697 1640 1778 Rapta
1672 1706 1772 1759 est
1803 1706 2028 1760 autem
2061 1698 2259 1761 beata
2283 1698 2616 1764 etheldre-

1408 1785 1499 1848 da
1529 1785 1616 1847 ad
1649 1784 1994 1847 dominum
2029 1795 2180 1866 post
2213 1806 2422 1850 annos
2463 1808 2614 1870 sep-

1413 1882 1549 1936 tem
1603 1892 1691 1935 ex
1747 1891 1882 1954 quo
1935 1873 2272 1938 abbatisse
2329 1877 2613 1958 gradum

1412 1970 1808 2042 susceperat.
1933 1961 2021 2025 Et
2096 1981 2248 2026 cum
2324 1965 2614 2028 sedecim

1414 2048 1606 2112 annis
1637 2057 1812 2112 esset
1857 2049 2156 2131 sepulta:
2200 2069 2440 2134 eorpus
2471 2053 2614 2135 ejus

1413 2138 1508 2200 ita
1554 2137 2008 2220 incorruptum
2073 2139 2418 2203 inventum
2466 2151 2613 2207 est:

1414 2245 1493 2288 ac
1524 2225 1580 2287 si
1611 2225 1846 2288 eodem
1880 2225 2110 2290 suisset
2144 2228 2252 2291 die
2284 2227 2614 2295 defuncta.

1420 2313 1757 2377 Laverunt
1796 2314 1996 2396 igitur
2039 2315 2308 2397 virginis
2340 2337 2617 2399 corpus:

1416 2411 1485 2465 et
1518 2401 1705 2465 novis
1750 2402 2056 2465 indutum
2101 2405 2396 2468 vestibus
2441 2406 2618 2469 intu-

1416 2489 1636 2553 lerunt
1709 2490 2074 2559 ecclesiam.
2193 2492 2280 2555 ad
2349 2492 2616 2557 laudem

1416 2579 1672 2642 domini
1704 2579 1908 2642 nostri
1955 2578 2113 2660 Jesu
2148 2580 2413 2645 Christi.
2507 2581 2616 2648 Ce-

1420 2676 1560 2731 tera
1600 2666 1820 2729 omnia
1855 2675 1994 2729 tam
2037 2665 2134 2730 ad
2171 2677 2371 2732 matu.
2420 2689 2618 2750 quam

1419 2753 1515 2818 ad
1565 2754 1764 2817 horas
1819 2753 2127 2818 dicantur
2174 2756 2255 2820 de
2297 2757 2625 2820 communi

1422 2865 1509 2907 un
1516 2841 1621 2904 ius
1711 2842 1998 2924 virgini-5
2077 2863 2204 2906 non
2287 2845 2616 2925 martyris.

1422 2931 1515 2994 M
1512 2930 1646 2992 issa
1675 2940 1894 2992 autem
1922 2929 2050 2992 erit
2069 2930 2149 2992 de
2169 2931 2406 3012 vig-ilia
2423 2943 2625 3014 prout

1424 3018 1709 3097 inferius
1767 3026 2044 3081 notatur.
2140 3019 2228 3082 Si
2282 3031 2496 3082 autem
2551 3021 2624 3086 in

1422 3105 1748 3169 dominica
1775 3105 2054 3168 evenerit
2079 3106 2318 3188 vig-ilia
2338 3130 2362 3171 .·
2392 3129 2622 3172 memo-

1424 3195 1533 3258 ria
1591 3202 1654 3256 et
1709 3193 1916 3256 medie
1970 3193 2260 3258 lectiones
2305 3196 2492 3278 fiant
2545 3197 2628 3262 de

1426 3281 1690 3364 virgine
1717 3285 1861 3345 sive
1897 3291 2143 3363 agatur
2182 3283 2264 3347 de
2300 3284 2624 3349 dominica

1424 3371 1569 3434 sive
1610 3369 1691 3432 a'e
1744 3371 1989 3434 octavis
2043 3372 2324 3453 corporis
2374 3372 2629 3439 Christi

1426 3468 1491 3522 et
1543 3458 1796 3521 dicetur
1853 3457 2054 3522 missa
2115 3461 2195 3523 de
2251 3461 2487 3544 vig-ilia
2554 3463 2625 3526 in

1426 3546 1702 3628 capitulo
1751 3567 1894 3610 cum
1953 3547 2180 3611 Gloria
2229 3549 2294 3612 in
2342 3550 2626 3614 excelsis

1427 3645 1489 3698 et
1518 3634 1738 3699 Credo
1780 3635 1902 3698 sed
1934 3639 2076 3698 sine
2100 3638 2427 3719 sequentia
2469 3659 2628 3740 quia

1432 3744 1765 3805 nunquam
1837 3722 2085 3788 dicitur
2153 3727 2480 3807 sequentia
2555 3727 2626 3790 in

1430 3812 1658 3893 aliqua
1716 3811 1968 3911 vigilia.
2067 3811 2205 3875 nisi
2263 3813 2333 3875 in
2392 3813 2630 3896 vigilia
2687 3871 2698 3882 .

1432 3899 1811 3962 nativitatis
1860 3899 2128 3964 domini.
2132 3899 2159 3937 ⁹
2252 3901 2318 3962 si
2364 3901 2472 3964 die
2519 3903 2628 3965 do-

1433 3988 1676 4051 minica
1756 3987 2047 4051 evenerit.
2173 4008 2331 4070 quta
2419 3991 2637 4072 major

1434 4075 1642 4139 missa
1672 4076 1767 4139 ibi
1793 4075 1921 4138 erit
1945 4075 2026 4138 de
2053 4074 2305 4155 vigilia.
2394 4087 2457 4140 et
2485 4087 2638 4140 tunc

1432 4165 1684 4229 dicetur
1751 4162 2081 4245 sequentia
2139 4163 2474 4244 pertinens
2545 4167 2642 4230 ad

161 4309 175 4341 ¹
206 4313 499 4368 Decolatus:
534 4319 602 4369 N.
742 4321 763 4351 ¹
797 4319 1073 4370 recusavit:
1111 4319 1315 4369 R.N.S.
1399 4319 1419 4348 ⁸
1452 4316 1714 4382 vueclinga
1734 4323 1926 4367 cester:
1962 4315 2029 4365 N.
2103 4313 2540 4392 vqedyngacesterz
2577 4319 2630 4372 S.

140 4397 156 4414 ο
263 4403 279 4422 ·.
342 4386 359 4416 ⁸
391 4386 641 4434 communi
660 4387 719 4436 ,·?
1178 4389 1196 4418 ¹
1233 4384 1473 4435 elfridoet
1510 4383 1576 4435 N·
1929 4385 1950 4412 ⁰
1979 4383 2272 4460 integ-ngas:
2307 4383 2376 4434 N·

344 4451 363 4478 '
395 4465 546 4502 cura:
582 4453 633 4502 S.
704 4511 713 4520 ς
758 4511 783 4520 ..
1178 4453 1199 4482 ⁸
1238 4450 1350 4502 ‘et’
1372 4450 1511 4501 add:
1548 4449 1614 4500 N.
1929 4451 1949 4479 ⁹
1979 4449 2254 4499 dominice:
2287 4450 2358 4500 Ν.
