3117 4959
1505 224 1611 279 IN
1650 222 1919 279 FESTO

988 331 1090 387 89

459 439 764 504 dedicata
795 458 904 501 es:
950 446 1018 501 et
1049 458 1136 503 ex
1168 436 1482 501 membris
1513 436 1657 519 ejus

458 536 784 610 tanquam
819 526 1160 608 magar-itis
1179 532 1428 591 ornata.
1520 524 1657 589 Ac·-

457 615 623 694 cipe.
1342 612 1562 676 Lectio
1595 632 1654 677 v.

606 721 766 785 geas
812 720 971 767 vero
1032 718 1486 784 expavescens
1538 721 1658 783 po-

608 790 888 873 pulum:
978 797 1044 853 et
1117 787 1512 871 promittens
1586 809 1658 853 se

457 878 652 942 eum¹
686 878 1062 960 deponere:
1105 874 1304 939 simul
1335 878 1512 959 cepit
1543 874 1655 943 ire.

459 964 681 1048 Quem
747 965 982 1029 videns
1043 973 1310 1027 sanctus
1369 964 1653 1028 andreas

457 1053 670 1119 dixit:
719 1050 898 1135 Quid
932 1061 1004 1116 tu
1037 1051 1122 1116 ad
1170 1071 1292 1115 nos
1345 1070 1510 1133 egea
1537 1071 1653 1116 ve·

459 1140 661 1205 nisti?
753 1140 826 1205 Si
872 1140 972 1203 vis
1017 1139 1280 1205 credere
1336 1138 1601 1204 Christo
1638 1160 1654 1206 :

455 1230 788 1311 aperietur
845 1228 967 1293 tibi
1028 1228 1138 1292 via
1190 1226 1651 1309 indulgentie:

454 1317 626 1381 sicut
671 1315 960 1399 promisi.
1054 1316 1128 1382 Si
1181 1324 1408 1379 autem
1465 1316 1653 1379 venis

455 1404 544 1468 ad
595 1405 722 1469 hoc
769 1412 1032 1468 tantum
1095 1412 1170 1468 ut
1230 1422 1340 1467 me
1393 1402 1651 1469 solvas:

455 1511 583 1575 ego
633 1492 897 1575 penitus
949 1491 1104 1555 hinc
1157 1491 1244 1555 de
1289 1492 1418 1555 ista
1459 1511 1653 1555 cruce

454 1582 683 1646 vivens
743 1580 812 1644 in
873 1598 1150 1661 corpore
1208 1579 1456 1661 deponi
1517 1599 1651 1642 non

453 1677 708 1751 potero·
773 1668 1123 1733 Mittentes
1154 1676 1380 1731 autem
1415 1686 1653 1731 manus

454 1756 540 1820 ad
565 1776 822 1821 crucem
856 1754 1224 1821 carnifices:
1257 1775 1390 1819 non
1416 1764 1651 1837 potue-

455 1852 610 1909 runt
683 1844 950 1926 penitus
1017 1843 1401 1925 contingere
1476 1863 1649 1908 eum.

452 1932 567 1995 Re.
656 1930 858 1997 Salve
889 1950 1053 1995 crux
1101 1951 1232 2015 que
1280 1932 1348 1995 in
1377 1950 1653 2012 corpore

457 2018 701 2084 Christi
735 2018 1042 2083 dedicata
1073 2037 1183 2083 es:
1222 2026 1289 2083 et
1319 2038 1409 2081 ex
1441 2039 1653 2082 mem-

453 2107 590 2171 bris
647 2106 790 2189 ejus
867 2115 1190 2189 tanquam
1276 2107 1651 2187 margaritis

451 2202 702 2259 ornata.
775 2192 1052 2276 suscipe
1081 2192 1472 2277 discipulum
1506 2193 1649 2277 ejus

453 2282 566 2365 qui
613 2282 930 2365 pependit
977 2282 1044 2345 in
1091 2289 1175 2346 te.
1267 2298 1311 2368 y
1363 2281 1424 2349 O
1471 2280 1651 2347 bona

451 2390 660 2435 crux:
725 2369 840 2433 diu
902 2368 1315 2434 desiderata:
1390 2377 1458 2433 et
1505 2368 1648 2453 jam

452 2457 946 2539 concupiscenti
992 2458 1216 2525 animo
1275 2467 1645 2541 preparata.

451 2544 745 2629 Suscipe.
1313 2544 1530 2609 Lectio
1560 2546 1646 2629 vj.

619 2652 746 2696 unc
820 2650 984 2699 voce
1059 2651 1304 2715 magna
1377 2642 1647 2699 sanctus

616 2718 927 2785 Andreas
1028 2720 1246 2785 dixit:
1355 2719 1647 2787 Domine

447 2806 606 2889 Jesu
670 2808 979 2874 Christe:
1043 2808 1360 2891 magister
1418 2809 1645 2873 bone:

447 2916 648 2979 quem
709 2896 962 2962 dilexi:
1035 2916 1236 2980 quern
1311 2896 1645 2978 cognovi:

447 3004 648 3067 quem
699 2984 1040 3049 confessus
1085 3002 1282 3049 sum:
1322 2984 1486 3066 jube
1537 3003 1645 3049 me

445 3073 530 3137 de
584 3072 712 3138 ista
762 3092 953 3138 cruce
997 3093 1130 3137 non
1178 3073 1422 3155 deponi
1458 3094 1474 3137 :
1521 3070 1647 3137 nisi

447 3169 604 3225 ante
633 3162 938 3246 spiritum
986 3179 1208 3224 meum
1259 3160 1643 3243 susceperis.

448 3248 539 3312 Et
569 3268 722 3312 curn
752 3247 875 3311 hec
905 3248 1219 3312 dixisset:
1262 3247 1643 3312 videntibus

444 3336 702 3399 cunctis
767 3335 1083 3417 splendor
1157 3335 1397 3399 nimius
1471 3336 1644 3402 sicut

444 3423 666 3504 fulgur
709 3422 796 3486 de
841 3422 984 3486 celo
1014 3422 1328 3486 veniens:
1375 3424 1470 3486 ita
1516 3424 1643 3487 cir-

443 3509 764 3573 cundedit
826 3529 1028 3573 eum:
1075 3518 1151 3572 ut
1211 3510 1476 3591 penitus
1521 3530 1643 3594 pre

443 3598 590 3681 ipso
621 3597 972 3679 splendore
997 3596 1167 3661 oculi
1193 3597 1464 3661 humani
1489 3619 1642 3664 eum

445 3704 578 3749 non
628 3694 902 3768 possent
957 3686 1265 3766 aspicere.
1351 3685 1643 3770 .Cunque

442 3772 914 3854 permansisset
939 3773 1254 3854 splendor
1285 3772 1417 3836 fere
1447 3775 1642 3838 dimi-

441 3862 552 3926 die
582 3859 744 3923 hore
773 3861 1045 3942 spacio:
1090 3859 1492 3925 abscedente
1539 3861 1638 3926 lu-

441 3949 618 4013 mine
649 3950 872 4011 emisit
901 3948 1208 4032 spiritum
1259 3949 1454 4012 simul
1486 3970 1637 4015 cum

441 4037 588 4119 ipso
642 4036 893 4101 lumine
952 4056 1235 4120 pergens
1281 4038 1368 4101 ad
1421 4040 1637 4110 domi-

438 4144 640 4187 num:
685 4126 790 4187 cui
823 4134 924 4188 est
970 4125 1182 4188 honor
1212 4134 1280 4189 et
1309 4125 1520 4207 gloria
1570 4128 1635 4191 in

437 4213 660 4275 secula
691 4213 1082 4281 seculorum
1128 4214 1244 4277 Rc.
1295 4212 1637 4300 Gloriosus

435 4300 781 4385 apostolus
823 4301 931 4366 dei
975 4302 1293 4369 andreas:
1341 4303 1503 4366 dum
1551 4303 1637 4365 ad

2324 330 2430 385 90

1748 436 1936 503 hunc
1966 435 2435 519 deponendum
2457 435 2713 499 veniret
2732 454 2941 517 egeas
2964 457 2979 498 :

1759 534 1832 589 tu
1867 544 1975 589 me
2005 524 2222 607 inquit
2252 525 2520 608 penitus
2570 543 2708 587 non
2762 524 2977 587 attin—

1762 632 1921 695 gas:
1954 612 2073 677 sed
2107 613 2161 676 si
2194 612 2548 677 credideris
2577 632 2591 675 :
2624 620 2975 674 tormenta

1762 700 2005 765 evades
2054 720 2237 781 curre
2286 701 2486 763 miser
2538 699 2696 763 dum
2750 708 2971 781 potes,

1763 790 1844 864 In
1876 809 2068 852 cruce
2098 788 2397 871 pendens
2421 787 2627 851 biduo
2656 787 2971 870 predica-

1760 876 1879 940 bat
1909 876 2175 958 populo,
2265 893 2313 961 γ
2360 875 2493 958 Qui
2546 875 2682 939 fere
2732 876 2973 957 spacio

1756 964 2033 1028 dimidie
2092 963 2254 1027 hore
2313 964 2618 1028 immensi
2690 963 2969 1025 luminis

1755 1053 2179 1116 circundatus
2254 1050 2648 1133 splendore:
2724 1050 2969 1114 absce-

1755 1139 2217 1204 dentelumine
2228 1140 2446 1202 emisit
2460 1139 2789 1221 spiritum:
2803 1158 2967 1203 cum

1754 1228 1980 1310 palma
1999 1227 2296 1309 martyrii
2316 1247 2597 1309 pergens
2622 1228 2706 1291 ad
2732 1225 2963 1291 Chris-

1752 1324 1917 1380 tum.
1968 1316 2047 1380 In
2078 1336 2287 1380 cruce.
2340 1314 2579 1379 Gloria.
2632 1315 2711 1378 In
2745 1334 2965 1380 cruce.

1750 1403 1813 1466 Α
1824 1404 1973 1467 liud
1987 1402 2470 1485 responsorium.
2510 1402 2747 1468 Oravit
2764 1422 2967 1466 sanc-

1752 1500 1859 1554 tus
1888 1492 2167 1555 andreas
2197 1491 2358 1554 dum
2394 1491 2744 1573 respiceret
2774 1490 2969 1555 celos

1749 1599 1913 1643 voce
1944 1598 2191 1662 magna
2221 1579 2573 1643 clamavit:
2620 1586 2689 1641 et
2736 1580 2967 1642 dixit:

1750 1674 1823 1731 tu
1856 1688 1927 1731 es
1958 1668 2123 1731 deus
2155 1687 2343 1730 meus
2366 1686 2565 1751 quem
2598 1666 2751 1729 vidi.
2850 1666 2969 1730 Ne

1753 1774 1860 1818 me
1890 1756 2159 1837 patiaris
2190 1755 2278 1818 ab
2308 1755 2516 1837 impio
2564 1754 2790 1836 judice
2842 1755 2967 1818 de-

1751 1842 1910 1925 poni
1935 1864 1950 1907 :
1974 1842 2133 1927 quia
2155 1844 2469 1907 virtutem
2490 1850 2718 1906 sancte.
2740 1844 2965 1905 crucis

1751 1931 2010 2013 agnovi.
2079 1948 2127 2017 γ
2173 1930 2278 1994 Tu
2313 1952 2383 1994 es
2416 1932 2733 2012 magister
2762 1950 2963 1994 meus

1754 2017 2070 2083 Christe:
2145 2038 2347 2101 quem
2410 2018 2671 2082 dilexi:
2745 2038 2959 2101 quem

1751 2107 2071 2189 cognovi:
2118 2126 2318 2189 quem
2350 2104 2690 2169 confessus
2745 2126 2899 2169 sum
2938 2127 2959 2170 :

1748 2194 2220 2258 tantummodo
2280 2194 2347 2258 in
2423 2194 2551 2258 ista
2610 2212 2719 2258 me
2782 2214 2959 2258 voce

1751 2282 2017 2347 exaudi.
2088 2282 2194 2346 Ne
2225 2301 2351 2346 me.
2428 2280 2673 2347 Gloria.
2752 2280 2959 2364 Quia.

1748 2368 1833 2433 In
1864 2370 1959 2452 iij.
1992 2380 2295 2434 nocturno
2328 2377 2433 2434 aii.
2526 2368 2959 2434 Accedentes

1746 2456 2085 2523 carnifices
2158 2457 2542 2522 levaverunt
2630 2476 2783 2521 eum
2882 2458 2957 2522 in

1748 2564 1939 2611 cruce
2011 2555 2081 2611 et
2158 2546 2597 2611 extendentes
2679 2544 2957 2610 funibus

1747 2641 1966 2698 totum
2026 2652 2265 2716 corpus
2335 2634 2529 2717 ejus:
2604 2633 2774 2697 sicut
2854 2634 2957 2697 eis

1740 2719 1998 2802 jussum
2031 2721 2247 2786 fuerat
2276 2722 2774 2805 suspenderunt.
2842 2730 2950 2803 pf.

1747 2808 2243 2875 confitebimur.
2361 2812 2494 2875 Ar'i.
2545 2808 2783 2876 Omnis
2848 2812 2957 2873 in-

1745 2905 1929 2962 terea
1986 2896 2275 2981 populus
2332 2896 2797 2962 conclamabat
2846 2899 2955 2961 di-

1744 3004 1937 3049 cens:
1982 2986 2193 3051 virum
2222 2995 2528 3050 sanctum
2577 2986 2895 3067 pudicum
2936 3008 2954 3050 :

1743 3080 2053 3137 ornatum
2109 3074 2440 3138 moribus:
2487 3073 2738 3137 bonum
2784 3072 2959 3137 doc-

1743 3169 1997 3224 torem:
2064 3161 2287 3244 pium:
2354 3161 2773 3226 modestum:
2844 3182 2957 3225 ra-

1744 3248 2133 3312 tionabilem
2179 3270 2196 3314 :
2286 3269 2421 3313 non
2490 3249 2739 3313 debere
2814 3249 2952 3313 hoc

1744 3336 1918 3419 pati:
1950 3337 2065 3400 sed
2098 3336 2339 3401 debere
2362 3336 2448 3401 de
2468 3356 2659 3401 cruce
2678 3336 2947 3420 deponi.

1728 3430 1830 3507 pff.
1896 3423 2227 3489 Dominus
2302 3426 2603 3507 regnavit
2662 3426 2947 3489 exultet.

1744 3511 1804 3575 A
1816 3518 1878 3576 ἢ.
1926 3512 2116 3577 Tunc
2147 3522 2415 3577 sanctus
2461 3513 2743 3577 andreas
2788 3515 2889 3577 ait
2921 3537 2941 3577 :

1736 3598 1878 3681 jam
1940 3620 2163 3681 regem
2227 3619 2448 3665 meum
2507 3600 2757 3665 video:
2796 3602 2949 3682 jam

1742 3688 1989 3753 adoro:
2046 3688 2189 3770 jam
2252 3689 2319 3751 in
2373 3688 2518 3771 eJus
2578 3700 2949 3770 conspectu

1742 3777 2049 3840 consisto,
2122 3784 2229 3858 ps’.
2281 3776 2610 3841 Dominus
2641 3780 2953 3858 regnavit

1741 3862 2119 3928 irascantur.
2157 3882 2202 3951 y
2222 3864 2441 3927 Nimis
2462 3865 2768 3928 honorati
2790 3875 2953 3930 sunt

1740 3952 1953 4016 amici.
2136 3953 2503 4017 Secundum
2547 3953 2951 4021 Mamaeum.

1738 4041 1900 4169 ln
1964 4039 2077 4103 illo
2139 4049 2477 4124 tempore:
2554 4040 2950 4105 Ambulans

1856 4128 2049 4209 Jesus
2088 4128 2290 4210 juxta
2340 4147 2521 4193 mare
2559 4128 2806 4210 galilee
2852 4132 2950 4195 vi-

1738 4214 1837 4279 dit
1884 4216 2051 4280 duos
2096 4216 2373 4281 fratres:
2421 4235 2779 4299 symonem
2829 4220 2945 4301 qui

1735 4311 2013 4368 vocatur
2086 4312 2312 4388 petrus
2370 4326 2385 4370 :
2460 4314 2531 4369 et
2613 4306 2943 4372 andream

1531 4414 1547 4445 ¹
1582 4428 1775 4466 secum:
1812 4414 1863 4465 S.
